1573 2598
405 192 562 221 mima
586 191 644 220 11.
677 191 786 220 CAP.
813 192 916 221 mu.
1155 181 1232 236 163

104 278 272 316 {ortuna
295 278 400 324 belli,
421 279 540 316 atroci
566 279 754 315 discordia
773 279 875 315 domi
899 278 1069 329 forisque
1093 291 1235 316 annum
1246 276 1289 308 U·
1304 276 1340 307 C·
1359 282 1434 309 Ω84-

116 350 306 388 exactum,
322 344 511 394 insignem
529 344 692 380 maxime
712 344 868 379 comitia
883 343 1027 380 tributa
1046 343 1232 390 efficiunt3
1247 322 1288 352 A’
1305 320 1342 351 θ’
1360 324 1434 351 460.

116 419 176 443 res
206 406 329 457 major
354 408 514 444 victoria
541 407 706 457 suscepti
736 407 966 450 certaminis,
996 420 1109 456 quam
1137 419 1234 443 usu:

114 469 199 520 plus
237 471 337 508 enim
366 470 560 520 dignitatis
590 470 753 507 comitiis
791 471 881 521 ipsis
919 470 1131 508 detractum
1162 475 1234 515 est,

116 533 292 571 Patribus
318 547 366 571 ex
387 533 551 571 concilio
577 533 857 577 submovendis,
879 546 994 584 quam
1011 534 1147 570 virium
1171 540 1239 570 aut

113 596 218 648 plebi
236 597 405 635 additum
424 604 483 634 est
500 603 567 634 aut
585 597 754 634 demtum
772 597 962 635 Patribus.

168 659 281 697 LXI.
309 660 585 698 Turbulentior
612 661 701 698 inde
729 674 850 698 annus
872 661 1035 711 excepit,
1057 659 1104 697 L.
1124 658 1239 697 Vale·-

115 727 188 772 rio,
207 727 268 766 Ti.
288 727 449 766 AEmilio
475 728 710 774 ccmsulibus,
738 742 824 766 cum
852 736 1008 780 propter
1032 728 1242 765 certamina

115 791 290 829 ordinum
317 792 364 829 de
386 791 470 841 lege
495 793 657 842 agraria,
678 798 761 829 tum
783 800 939 844 propter
956 792 1146 843 judicium
1164 792 1239 842 Ap.

106 854 267 892 -Claudii
286 869 293 890 :
326 858 400 900 cui,
421 858 604 894 acerrimo
627 857 842 894 adversario
861 856 971 906 legiS,
992 866 1242 905 caussamque

107 931 377 970 possessorum
405 920 549 972 publici
578 922 674 970 agri,
704 928 899 971 tamquam
931 920 1048 957 tertio
1077 917 1240 962 consuli,

117 985 334 1028 sustinenti,
363 985 421 1023 M.
449 986 602 1023 Duilius
635 992 674 1023 et
702 986 745 1024 C.
777 986 940 1023 Sicinius
972 985 1072 1022 diem
1100 983 1240 1020 dixere.

118 1045 339 1096 Numquam
368 1054 457 1084 ante
484 1055 564 1084 tam
593 1049 734 1084 invisus
762 1048 865 1099 plebi
884 1060 969 1085 reus
990 1047 1038 1083 ad
1053 1046 1241 1097 judicium
1252 1045 1435 1093 Accpsfflr

113 1120 275 1150 *vocatus
305 1113 435 1165 populi
464 1120 535 1157 est,
564 1114 697 1164 plenus
723 1126 889 1156 suarum,
909 1112 1042 1163 plenus
1063 1117 1241 1161 paterna-
1253 1091 1389 1130 Appuu'

118 1189 202 1214 rum
231 1178 382 1214 irarum.
439 1177 572 1214 Patres
603 1191 753 1228 quoque
781 1191 861 1214 non
889 1184 1032 1214 temere
1064 1190 1134 1227 pro
1163 1176 1242 1212 ullo

106 1254 225 1290 -aeque
243 1242 365 1278 adnisi
384 1249 472 1278 sunt
489 1255 500 1281 ε
530 1248 854 1292 propugnatorem
874 1248 1042 1285 senatus,
1062 1240 1242 1292 majesta-

116 1305 242 1353 tisque
260 1305 446 1341 vindicem
465 1318 557 1349 suae,
578 1306 626 1341 ad
644 1317 775 1341 omnes
801 1305 1026 1341 tribunicios
1052 1303 1242 1354 plebeios-

109 1379 191 1417 que
216 1367 436 1417 obpositam
463 1368 662 1411 tumultus,
686 1367 842 1403 modum
867 1367 1065 1403 dumtaxat
1093 1366 1132 1402 in
1162 1378 1243 1402 cer-

108 1433 262 1469 „tamine
280 1446 486 1482 egressum,
506 1435 612 1470 iratae
632 1432 749 1483 objici
775 1433 890 1484 plebi.
948 1433 1057 1470 Unus
1078 1445 1098 1468 e
1117 1431 1242 1469 Patri-

106 1498 204 1542 ·bus,
234 1500 314 1550 ipse
337 1501 411 1551 Ap.
432 1500 629 1543 Claudius,
659 1505 698 1534 et
724 1499 915 1542 tribunos,
945 1504 984 1534 et
1011 1496 1176 1548 plebem,
1206 1502 1245 1533 et

108 1578 229 1602 -tuum
241 1565 430 1617 judicium
454 1579 523 1617 pro
542 1564 664 1602 nihilo
683 1564 862 1601 habebat.
920 1563 1034 1600 Illum
1061 1575 1141 1600 non
1171 1562 1242 1599 mi-

120 1643 178 1667 nae
208 1630 343 1681 plebis,
373 1643 452 1667 non
483 1636 635 1666 senatus
664 1641 794 1679 preces
827 1628 1034 1679 perpellere
1063 1620 1251 1677 umquamv

108 1699 293 1743 -potuere,
319 1706 398 1729 non
426 1693 540 1729 modo
565 1698 609 1729 ut
626 1698 769 1728 vestem
797 1697 977 1735 mutaret,
997 1698 1063 1728 aut
1085 1690 1245 1741 supplex

113 1764 318 1808 ,prensaret
345 1759 545 1804 homines;
578 1758 643 1794 sed
669 1771 719 1794 ne
747 1764 790 1794 ut
816 1771 862 1794 ex
887 1764 1069 1793 consueta
1093 1757 1245 1806 quidem

123 1820 326 1870 asperitate
345 1821 528 1856 orationis
549 1822 683 1870 (quum
701 1821 747 1856 ad
765 1820 949 1871 populum
969 1819 1116 1868 agenda
1135 1831 1246 1855 caus-

108 1894 164 1918 rsa
197 1883 312 1929 esset)
348 1882 491 1933 aliquid
518 1883 653 1919 leniret
687 1889 800 1932 atque
829 1883 1080 1919 submitteret.
1138 1882 1246 1918 Idem

110 1943 276 1986 'habitus
309 1950 400 1993 oris,
427 1949 556 1985 eadem
588 1949 830 1985 contumacia
858 1949 897 1984 in
930 1947 1050 1991 vultu,
1081 1947 1180 1983 idem
1205 1948 1246 1983 in

123 2016 298 2052 oratione
322 2015 475 2066 spiritus
505 2020 607 2050 erat:
641 2014 736 2050 adeo
765 2020 807 2049 ut
835 2025 975 2062 magna
1003 2024 1089 2062 pars
1123 2011 1245 2062 plebis

124 2081 291 2132 Appium
317 2093 397 2117 non
425 2081 550 2116 minus
579 2091 685 2115 reum
711 2078 877 2120 timeret,
908 2089 1021 2126 quam
1050 2075 1247 2113 consulem

123 2147 314 2183 timuerat.
371 2144 496 2182 Semel
523 2156 695 2181 caussam
720 2143 829 2186 dixit,
856 2155 932 2192 quo
958 2155 1106 2193 semper
1134 2154 1247 2190 agere

127 2213 256 2249 omnia
291 2212 426 2248 solitus
463 2217 558 2254 erat,
597 2210 834 2246 accusatorio
870 2208 1031 2258 spiritu:
1077 2207 1248 2256 adeoque

129 2278 345 2317 constantia
372 2289 441 2313 sua
468 2283 506 2313 et
532 2275 708 2312 tribunos
736 2272 991 2323 obstupefecit
1016 2278 1055 2308 et
1081 2270 1246 2323 plebem,

130 2352 173 2384 ut
204 2346 301 2383 diem
334 2343 405 2396 ipsi
437 2355 506 2380 sua
529 2341 725 2379 voluntate
752 2338 1018 2391 prodicerentz
1049 2337 1150 2375 trahi
1182 2336 1246 2375 dea
