1573 2598
322 63 345 87 ιι

272 133 354 177 230
652 139 657 142 ·
723 132 768 162 Τ.
792 133 926 164 mvn

54 218 154 252 0⁴0⁴
170 227 245 253 30⁵·
271 229 384 262 morte
407 222 527 260 amitti
553 221 679 257 melius
697 225 832 264 ratum,
861 234 968 270 quam
989 224 1216 270 contumelia,
1245 225 1381 272 liberos,

54 264 98 329 A..
111 264 148 295 C'
166 270 241 300 44⁷⁶
270 288 512 327 misericordia
529 297 564 322 se
581 286 618 321 in
635 287 785 333 speeiem
803 287 1025 323 crudelitatis
1049 288 1200 336 lapsum.
1257 291 1334 328 Nec
1349 304 1387 330 se

269 355 492 403 superstitem
507 351 602 400 filice
619 348 794 398 futurum
810 350 941 400 fuisse,
967 354 1036 388 nisi
1059 364 1156 401 spem
1179 355 1385 393 ulciscendae

270 419 395 455 mortis
422 415 494 462 ejus
526 416 563 450 in
598 414 732 450 auxilio
760 415 1038 452 commilitonum
1066 416 1249 454 habuisset.
1306 419 1388 456 Illis

272 493 408 532 quoque
432 481 522 515 enim
539 478 657 527 filias,
676 489 822 521 sorores·‚
848 478 1077 528 conjugesque
1097 492 1193 518 esse:
1221 494 1285 518 nec
1305 495 1386 519 cum

259 547 349 597 filia
374 558 440 582 sua
469 543 646 579 libidinem
673 543 745 591 Ap.
773 543 916 581 Claudii
942 547 1151 582 exstinctam
1183 558 1275 591 esse3
1309 548 1384 591 sed,

270 624 340 660 quo
359 609 556 657 inpunitior
573 608 632 648 sit,
653 619 692 643 eo
710 608 966 656 effrenatiorem
981 609 1079 658 fore.
1135 611 1266 647 Aliena
1285 612 1384 647 cala-

269 677 396 712 mitate
423 675 669 710 documentum
698 672 823 708 clatum
850 673 923 709 illis
950 676 1112 710 cavendae
1137 676 1263 711 similis
1289 674 1382 721 inju-

269 741 357 777 rioe:
386 739 480 787 quod
503 738 551 772 ad
575 748 611 772 se
631 737 806 779 adtineat,
829 749 972 774 uxorem
999 739 1064 775 sibi
1080 739 1171 788 fato
1198 745 1355 788 ereptam
1370 756 1382 777 :

258 805 395 854 filiam,
417 803 500 850 quia
521 813 591 837 non
614 801 712 836 ultra
734 802 868 849 pudica
886 803 1027 838 victura
1043 802 1177 851 suerit,
1204 805 1382 848 miseram,

268 870 330 904 sed
349 868 542 907 honestam,
561 869 710 901 mortem
729 865 936 902 obcubuisse.
994 868 1076 903 Non
1094 880 1164 903 esse
1171 867 1253 913 jam
1272 868 1385 917 Appii

272 934 409 970 libidini
429 933 544 967 locum
561 932 599 966 in
618 931 722 965 domo
738 942 825 966 sua:
844 931 887 966 ab
906 931 981 967 alia
991 933 1161 968 violentia
1174 931 1248 979 ejus
1263 934 1385 969 eodem

269 1010 307 1035 se
322 999 439 1033 animo
453 1007 555 1031 suum
571 1006 696 1042 corpus
709 996 988 1038 vindicaturum,
1009 1008 1077 1044 quo
1094 998 1325 1034 vindicaverit
1331 998 1385 1047 fi-

271 1064 341 1100 liae.
399 1062 515 1098 Ceteri
532 1060 597 1097 sibi
616 1073 658 1096 ac
677 1060 792 1096 liberis
807 1062 880 1097 suis
898 1062 1125 1098 consulerent.
1182 1062 1278 1099 Haec
1297 1063 1384 1099 Vir-

271 1127 377 1175 ginio
406 1124 630 1161 vociferanti
661 1123 922 1160 subclamabat
950 1124 1168 1168 multitudo,
1197 1139 1260 1163 nec
1289 1127 1386 1163 illius

270 1192 397 1234 dolori,
417 1203 479 1226 nec
496 1203 567 1226 suae
586 1189 742 1225 libertati
757 1201 793 1225 se
811 1188 1005 1238 defuturos.
1062 1189 1113 1225 Et
1133 1190 1283 1227 inmixti
1301 1198 1381 1227 tur·

269 1254 328 1291 bae
354 1252 516 1290 militum
541 1253 679 1300 togati,
700 1265 814 1300 quum
844 1253 973 1289 eadem
997 1252 1062 1289 illa
1086 1254 1290 1302 querendo,
1311 1256 1380 1292 do-

271 1318 479 1367 cendoque,
501 1322 644 1365 quanto
662 1316 756 1358 visa,
777 1329 888 1364 quam
909 1317 1050 1360 audita,
1072 1317 1286 1366 indigniora
1311 1332 1381 1369 po-

270 1383 413 1418 tuerint
430 1381 561 1422 videri,
586 1379 697 1415 simul
724 1380 966 1429 profligatam
987 1379 1070 1430 jam
1092 1393 1171 1417 rem
1195 1382 1381 1420 nuncian-

267 1447 317 1483 do
336 1446 472 1482 Romae
493 1457 573 1481 esse
591 1461 601 1490 3
633 1445 883 1494 insecutique,
904 1445 967 1494 qni
986 1445 1153 1495 Appium
1178 1458 1296 1496 prope
1322 1448 1381 1484 in-

266 1516 469 1547 teremtum
498 1510 536 1545 in
566 1509 740 1546 exsilium
766 1509 888 1544 abisse
911 1509 1093 1553 dicerent,
1122 1511 1380 1561 perpulerunt,

266 1580 310 1611 ut
342 1574 388 1610 ad
425 1587 529 1610 arma
558 1573 872 1615 conclamaretur,
902 1572 1156 1622 vellerentque
1189 1575 1311 1623 signa,
1343 1581 1381 1612 et

266 1637 432 1674 Romam
452 1636 792 1687 proficiscerentur.
838 1636 1054 1673 Decemviri
1074 1637 1185 1673 simul
1202 1638 1278 1681 his,
1298 1652 1381 1688 quae

268 1701 462 1744 videbant,
483 1700 595 1738 simul
612 1702 685 1744 his,
707 1715 788 1751 quae
809 1709 894 1738 acta
912 1701 1047 1738 Romae
1067 1703 1277 1748 audierant,
1298 1718 1384 1755 per-

269 1767 428 1810 turbati,
449 1767 543 1804 alius
563 1768 603 1804 in
630 1767 743 1804 aliam
763 1774 909 1818 partem
929 1775 1153 1812 castrorum,
1174 1769 1222 1806 ad
1246 1771 1387 1808 sedan-v

270 1832 339 1868 dos
362 1839 487 1869 motus
508 1832 745 1869 discurrunt:
778 1839 816 1869 et
837 1832 972 1868 leniter
995 1833 1194 1881 agentibus
1224 1846 1383 1885 respon-

270 1908 353 1932 sum
381 1908 462 1932 non
490 1896 682 1933 redditur:
719 1897 919 1946 imperium
947 1897 977 1932 si
1006 1897 1088 1945 quis
1119 1897 1319 1942 inhiberet,
1349 1904 1385 1935 et
1554 1898 1567 1933 i!

52 1971 217 2003 Exercitus
269 1962 361 1996 viros
379 1965 415 1997 et
435 1965 591 1996 armatos
614 1973 650 1996 se
673 1973 754 2003 esse,
782 1959 1042 2010 respondetur.
1096 1960 1202 1996 Eunt
1230 1963 1382 2009 agmine
1554 1971 1564 2013 Γ

52 2015 253 2064 faventinum
271 2024 317 2060 ad
344 2024 489 2067 urbem,
510 2030 547 2059 et
566 2024 800 2060 Aventinum
828 2023 1024 2069 insidunt5
1056 2030 1097 2059 ut
1126 2025 1282 2073 quisque
1311 2026 1383 2063 ob-

51 2059 169 2092 mffldm
269 2094 451 2132 currerat,
468 2087 617 2138 plebem
633 2088 680 2125 ad
695 2089 937 2139 repetendam
953 2087 1166 2125 libertatem
1179 2090 1382 2127 creandos-

268 2165 341 2203 que
359 2153 533 2190 t11bunos
553 2152 673 2204 plebis
693 2153 938 2190 adhortantes
955 2167 962 2188 z
995 2152 1069 2189 alia
1085 2165 1159 2189 vox
1177 2153 1282 2191 nulla
1297 2155 1385 2192 vio·

266 2216 368 2259 lenta
400 2217 529 2253 audita
551 2222 619 2253 est.
676 2215 859 2253 Senatum
889 2219 952 2267 Sp.
973 2216 1120 2267 Oppius
1149 2217 1288 2254 habet:
1320 2219 1386 2255 ni·
1554 2182 1561 2250 l

265 2279 322 2318 hil
348 2280 474 2333 placet
495 2293 627 2334 aspere
649 2281 712 2332 agi
730 2296 738 2318 :
770 2282 910 2334 quippe
928 2281 974 2320 ab
995 2281 1086 2335 ipsis
1106 2282 1237 2321 datum
1254 2282 1391 2321 locum.-
