1573 2598
346 186 430 231 216
801 198 848 227 T.
873 198 1006 228 mvn

131 286 176 318 U.
191 286 228 318 C.
243 291 319 319 30⁵.
346 286 464 329 disset,
486 297 548 322 cur
565 296 607 321 ex
626 288 726 320 tanto
743 284 932 320 intervallo
948 296 1023 320 rem
1042 284 1221 321 desuetam
1237 289 1460 334 marparent'.

130 331 172 361 A·
188 330 316 366 C'447'
344 350 515 387 Hostibus
549 349 707 397 belloque
738 350 899 396 gratiam
936 348 1146 391 habendam,
1184 349 1280 397 quod
1318 350 1463 386 solitum

347 415 545 464 quidquam
563 413 679 449 liberae
696 413 849 448 civitatis
854 412 972 461 fieret.
1030 412 1354 462 Circumspectare
1378 424 1462 448 om-

346 477 459 513 nibus
478 476 552 513 fori
575 474 744 526 partibus
765 481 993 518 senatorem,
1014 487 1175 525 raroque
1195 487 1352 524 usquam
1370 487 1463 512 nos·

347 541 487 577 citare:
520 539 663 575 curiam
682 538 769 575 inde
788 552 831 575 ac
850 538 1095 575 solitudinem
1114 539 1215 575 cirea
1233 538 1462 575 decemviros

345 603 513 649 intueri3
545 615 662 652 quum
689 608 728 638 et
755 602 826 652 ipsi
851 602 1014 638 invisum
1036 614 1223 639 consensu
1249 602 1461 652 imperium,

346 673 386 704 et
409 666 531 718 plebS‚
552 667 641 716 quia
668 666 822 716 privatis
845 664 910 715 jus
939 678 1018 702 non
1047 672 1146 702 esset
1164 666 1324 702 vocandi
1352 677 1462 701 sena-

345 739 443 776 tum,
476 744 560 769 non
589 732 795 768 convenire
827 730 958 767 Patres
988 731 1327 781 interpretarentur
1343 746 1354 776 3
1379 729 1463 781 jam

346 803 462 848 caput
486 797 566 833 fieri
594 795 808 832 libertatem
836 795 1102 846 repetentium,
1132 796 1162 830 si
1192 807 1232 832 se
1259 794 1366 845 plebs
1395 806 1461 831 co·
1506 812 1509 813 ⁷

346 862 478 898 mitem
510 861 659 897 senatui
690 860 767 903 det,
801 865 852 903 et,
886 860 1201 909 quemadmodum
1234 859 1367 896 Patres
1394 871 1461 895 vo-

345 926 423 962 cati
451 936 530 961 non
559 929 695 961 coe‘ant
722 924 763 959 in
792 929 978 965 senatum,
1009 924 1062 959 sic
1094 922 1199 972 plebs
1229 921 1373 959 abnuat
1397 922 1462 958 de-

345 989 498 1026 lectum.
556 987 652 1024 Haec
679 985 847 1023 fremunt
875 986 1016 1037 plebes.
1072 987 1230 1023 Patrum
1258 986 1358 1022 haud
1383 985 1463 1022 fere

347 1055 546 1104 quisquam
580 1053 618 1088 in
646 1051 746 1095 foro,
776 1052 817 1087 in
845 1051 937 1087 urbe
969 1052 1044 1087 rari
1072 1057 1205 1088 erant:
1238 1050 1463 1100 indignitate

346 1129 472 1154 rerum
491 1121 683 1152 cesserant
704 1115 743 1151 in
766 1126 900 1163 agros3
934 1127 1160 1164 suarumque
1189 1126 1314 1150 rerum
1338 1119 1460 1156 erant,

347 1182 486 1218 amissa
513 1179 690 1231 publica:
723 1186 873 1216 tantum
901 1179 947 1215 ab
977 1179 1117 1229 injuria
1146 1191 1185 1216 se
1214 1179 1346 1216 abesse
1373 1177 1460 1221 rati,

347 1253 532 1296 quantum
561 1258 582 1280 a
616 1249 718 1280 coetu
751 1256 1030 1293 congressuque
1057 1243 1312 1294 inpotentium
1340 1241 1463 1278 domi-

347 1323 484 1346 norum
510 1321 549 1363 se
573 1309 815 1345 amovissent.
870 1308 1078 1357 Postquam
1098 1308 1203 1344 citati
1226 1319 1304 1343 non
1324 1317 1461 1343 conve-

347 1374 518 1417 niebant,
546 1373 689 1409 dimissi
718 1373 818 1408 circa
846 1372 978 1408 domos
1007 1372 1255 1422 adparitores,
1277 1369 1388 1407 simul
1416 1368 1464 1406 ad

346 1439 509 1489 pignora
542 1437 737 1487 capienda,
776 1437 1132 1486 sciscitandumque,
1161 1449 1254 1473 num
1287 1433 1462 1472 consulto

347 1502 629 1539 detrectarent?
656 1500 839 1543 referunt,
858 1507 1030 1536 senatum
1049 1501 1089 1536 in
1108 1501 1206 1549 agris
1228 1511 1320 1536 esse.
1374 1497 1460 1534 Lae-

348 1567 422 1602 tius
453 1566 491 1602 id
524 1566 741 1602 decemviris
774 1565 925 1607 accidit,
960 1577 1072 1613 quam
1100 1565 1131 1600 si
1164 1568 1366 1614 praesentes
1399 1562 1461 1598 de·

347 1636 511 1666 trectare
531 1630 730 1679 imperium
753 1629 948 1665 referrent.
1003 1628 1027 1664 J
1032 1628 1148 1664 ubent
1173 1627 1289 1664 adciri
1315 1637 1460 1669 omnes,

348 1701 596 1743 senatumque
631 1694 672 1729 in
707 1693 806 1729 diem
842 1699 1036 1742 posterum
1073 1692 1252 1737 edicunt3
1292 1691 1355 1741 qui
1393 1689 1460 1726 ali-

348 1763 493 1808 quanto
519 1769 584 1807 spe
609 1757 778 1807 ipsorum
799 1755 1033 1805 frequentior
1053 1756 1230 1792 convenit
1248 1769 1255 1790 :
1288 1766 1364 1803 quo
1382 1753 1460 1790 fac-

346 1829 390 1859 to
415 1822 604 1872 proditam
628 1834 651 1857 a
669 1820 845 1857 Patribus
872 1820 978 1870 plebs
1004 1820 1219 1856 libertatem
1243 1825 1340 1862 rata,
1360 1816 1462 1867 quod

347 1887 408 1930 iis,
445 1887 510 1936 qui
546 1884 629 1936 jam
671 1886 898 1934 magistratu
934 1884 1115 1927 abissent,
1150 1883 1392 1934 privatisque,
1429 1881 1460 1916 si

346 1951 402 1986 vis
429 1949 591 1992 abesset,
614 1955 808 1998 tamquam
830 1947 918 1998 jure
944 1947 1182 1996 cogentibus,
1213 1951 1364 1982 senatus
1393 1957 1458 1994 pa-

347 2013 495 2049 ruisset.

133 2086 259 2124 Asperae
403 2075 604 2113 XXXIX.
634 2075 706 2111 Sed
741 2075 860 2123 magis
889 2073 1110 2111 obedienter
1137 2079 1292 2108 ventum
1328 2072 1366 2107 in
1395 2083 1460 2108 cu-

132 2128 311 2202 ξξῃὲξὲἑίῗ.
350 2141 444 2178 riam
464 2146 534 2183 est,
555 2151 667 2189 quam
686 2138 852 2174 obnoxie
871 2138 987 2174 dictas
1008 2137 1213 2172 sententias
1235 2136 1460 2184 accepimns.

131 2214 227 2246 viros.
350 2205 397 2241 L.
417 2203 610 2240 Valerium
630 2202 816 2245 Potitum,
844 2202 1035 2252 proditum
1060 2201 1251 2237 memoriae
1277 2205 1348 2243 est,
1373 2205 1461 2250 post

350 2269 573 2305 relationem
600 2268 674 2318 Ap.
704 2266 866 2309 Claudii,
903 2267 1121 2316 priusquam
1149 2265 1282 2301 ordine
1310 2270 1460 2301 senten-

351 2333 414 2370 tiae
442 2338 680 2382 rogarentur,
710 2330 938 2382 postulando
967 2336 1007 2366 ut
1037 2330 1082 2367 de
1110 2329 1303 2381 republica
1334 2328 1462 2365 liceret
