1573 2598
342 186 425 228 206
835 196 880 225 ¹r.
905 194 1037 224 L1v11

341 298 491 322 currum
510 283 678 320 hostium
697 282 808 319 duces
825 298 832 320 :
864 282 1044 319 militaria
1063 282 1171 330 signa
1189 281 1364 333 praelata:
1396 295 1456 320 se-

341 356 451 385 cutus
483 348 668 384 exercitus
705 346 831 396 praeda
864 352 1038 382 onustus.
1092 345 1226 395 Epulae
1263 347 1456 382 instructae

342 413 517 449 dicuntur
541 411 658 446 fuisse
684 416 774 446 ante
801 410 971 446 omnium
997 409 1155 445 domos:
1189 400 1459 460 epulantesque

343 489 428 512 cum
461 475 627 512 carmine
654 473 877 524 triumphali
907 480 945 510 et
977 473 1221 509 sollemnibus
1246 472 1362 523 jocis,
1394 486 1459 510 co-

341 540 580 577 missantium
607 538 737 580 modo,
761 551 909 574 currum
939 538 1057 574 secuti
1088 545 1188 575 sunt.
1243 539 1305 574 Eo
1333 538 1392 574 die
1410 537 1459 575 L.

341 603 517 640 Mamilio
542 601 775 643 Tusculano,
807 601 1104 651 adprobantibus
1135 602 1295 645 cunctis,
1327 601 1458 637 civita·

344 667 431 703 data
460 673 528 703 est.
587 665 801 702 Confestim
833 678 871 701 se
905 667 1069 702 dictator
1099 667 1325 714 magistratu
1353 665 1460 701 abdi·
1499 697 1502 702 .

127 743 275 773 Volscius
346 738 481 773 casset‚
519 730 559 765 ni
597 730 751 766 comitia
786 728 844 765 M.
874 729 1018 765 Volscii
1050 729 1136 766 falsi
1173 730 1280 765 testis
1317 729 1461 765 tenuis-

127 785 430 860 (ffflssgaffissfissent
452 801 472 830 :'
501 807 545 830 ea
581 806 627 829 ne
664 793 878 843 inpedirent
910 794 1068 835 tribuni,
1107 794 1302 829 dictatoris
1340 792 1464 829 obsti-

303 851 310 859 ’
345 860 393 894 tit
421 864 557 894 metus,
615 857 788 893 Volscius
819 857 1018 893 damnatus
1047 857 1264 893 Lanuvium
1293 857 1332 893 in
1361 856 1460 893 exsi-

344 922 437 958 lium
467 922 572 958 abiit.
628 921 830 960 Quinctius
861 927 969 957 sexto
1000 921 1147 957 decimo
1175 921 1235 957 die
1260 922 1461 963 dictatura,

344 987 384 1022 in
410 998 477 1022 sex
499 997 645 1021 menses
670 991 839 1034 accepta,
861 996 900 1019 se
931 984 1131 1020 abdicavit.
1188 984 1261 1037 Per
1290 996 1353 1019 eos
1383 984 1464 1020 dies

345 1049 477 1086 consul
494 1049 661 1085 Nautius
682 1049 729 1084 ad
743 1048 903 1084 Eretum
922 1061 1007 1085 cum
1028 1049 1176 1084 Sabinis
1198 1049 1346 1097 egregie
1365 1059 1462 1098 pug-

343 1121 436 1151 nat:
477 1114 523 1150 ad
550 1119 717 1149 vastatos
756 1126 866 1161 agros
898 1126 942 1148 ea
971 1126 1120 1162 quoque
1149 1113 1272 1149 clades
1303 1112 1462 1149 accessit

344 1177 505 1214 Sabinis.
562 1176 736 1213 Minucio
756 1176 896 1212 Fabius
920 1177 1086 1215 Quintus
1114 1189 1306 1212 successor
1333 1177 1371 1212 in
1390 1175 1460 1212 Al-

342 1241 472 1290 gidum
507 1242 654 1277 missus.
711 1241 898 1277 Extremo
934 1253 1034 1276 anno
1073 1241 1259 1289 agitatum
1295 1240 1340 1276 dc
1376 1240 1463 1289 lege

342 1304 389 1341 ab
418 1304 580 1341 tribunis
611 1311 692 1340 est:
734 1304 812 1346 sed,
843 1304 931 1353 quia
960 1304 1033 1340 duo
1063 1304 1249 1340 exercitus
1287 1304 1461 1347 aberant,

341 1381 389 1404 ne
415 1369 505 1417 quid
526 1368 686 1403 ferretur
709 1369 755 1404 ad
784 1367 982 1417 populum,
1006 1367 1137 1404 Patres
1167 1373 1348 1404 tenuere:
1380 1366 1461 1417 ple-

341 1432 407 1469 bes
442 1433 546 1474 vicit,
585 1437 626 1467 ut
663 1433 837 1480 quintum
874 1433 1025 1468 eosdem
1061 1432 1236 1468 tribunos
1273 1438 1459 1468 crearent.

341 1496 472 1546 Lupos
492 1497 592 1532 visos
622 1497 660 1531 in
681 1496 874 1546 Capitolio
899 1496 1026 1532 ferunt
1050 1509 1068 1532 a
1095 1496 1251 1532 canibus
1279 1495 1459 1544 fugatos3

344 1560 393 1597 ob
423 1560 460 1596 id
488 1560 703 1610 prodigium
728 1560 930 1597 lustratum
957 1560 1190 1612 Capitolium
1213 1572 1307 1596 esse.
1363 1559 1461 1596 Haec

344 1636 390 1660 eo
410 1636 511 1660 anno
531 1630 651 1672 gesta.

127 1692 170 1722 U.
188 1692 224 1721 C.
241 1698 317 1727 297>-
395 1687 532 1724 XXX.
563 1688 780 1736 Sequuntur
809 1687 982 1724 consules
1005 1689 1053 1728 Q.
1074 1687 1282 1730 Minucius,
1311 1686 1355 1723 C.
1375 1685 1464 1724 Ho-

125 1736 166 1766 Α·
183 1735 220 1766 C·
238 1741 315 1766 ‘¹⁵⁵’
342 1751 458 1787 ratius
479 1750 674 1787 Pulvillus.
710 1749 829 1800 Cujus
849 1751 960 1787 initio
981 1752 1070 1787 anni
1091 1764 1206 1800 quum
1225 1750 1317 1786 foris
1340 1750 1462 1786 otium

342 1821 454 1858 esset,
482 1815 583 1850 domi
609 1814 814 1851 seditiones
840 1815 954 1851 iidem
978 1815 1136 1857 tribuni,
1162 1801 1292 1851 eadem
1320 1814 1380 1850 lex
1403 1813 1463 1850 fa-

342 1877 491 1914 ciebat:
524 1877 757 1926 ultetiusque
782 1884 939 1914 ventum
962 1878 1077 1920 foret,
1102 1878 1214 1924 (adeo
1244 1881 1462 1913 exarserant

342 1941 496 1988 animis)
534 1941 589 1984 ni,
629 1941 730 1977 velut
768 1941 895 1978 dedita
931 1955 1059 1991 opera,
1098 1948 1288 1977 nocturno
1331 1941 1462 1990 inpetu

341 2004 557 2053 AEquorum
578 2004 772 2040 Corbione
795 2005 974 2040 amissum
1000 2005 1214 2054 praesidium
1238 2003 1461 2040 nunciatum

343 2074 453 2103 essct.
511 2067 694 2103 Senatum
725 2067 897 2104 consules
925 2075 1078 2111 vocant,
1102 2067 1290 2118 jubentur
1318 2068 1464 2104 subita·

342 2131 439 2166 rium
469 2130 631 2167 scribere
660 2132 880 2173 exercitum,
908 2138 1021 2180 atque
1047 2133 1086 2167 in
1112 2131 1292 2180 Algidum
1316 2133 1462 2168 ducere.

342 2194 450 2238 Inde,
480 2197 609 2246 posito
635 2195 728 2244 legis
758 2196 977 2238 certamine,
1007 2208 1106 2232 nova
1133 2196 1178 2231 de
1203 2195 1350 2231 delectu
1369 2207 1478 2231 con--

125 2247 214 2281 Bella
230 2254 310 2275 cum
343 2259 465 2294 tentio
485 2265 580 2295 orta.
629 2259 936 2308 Vincebaturque
956 2259 1153 2295 consulare
1175 2259 1375 2308 imperium
1391 2259 1461 2294 tri-

124 2293 290 2367 ssgffiisset
345 2322 497 2359 „uuicio
533 2321 688 2366 auxilio,
719 2334 836 2373 quum
864 2322 958 2360 alius
988 2322 1138 2359 additur
1166 2329 1317 2360 terror:
1351 2320 1464 2358 Sabi·
