1573 2598
370 207 526 238 LIBER
550 205 632 237 111.
656 205 764 236 CAP.
788 205 933 236 XXVI.
1128 205 1208 236 201

90 296 130 333 iu
165 295 256 333 urbe
281 294 385 332 fecit.
439 292 523 332 Nec
552 294 768 331 diuturnam
801 294 967 343 quietem
993 291 1111 343 AEqui
1142 293 1205 330 de·
1219 289 1262 323 U·
1279 291 1317 322 C·
1334 296 1412 326 2966

89 360 249 397 derunt:
282 360 361 410 qui,
390 366 504 411 rupto
528 358 684 402 foedere,
705 357 807 408 quod
831 359 949 395 ictum
975 364 1055 394 erat
1080 357 1205 408 priore
1218 335 1409 408 ssgncljgw'

89 437 192 462 anno
222 437 308 462 cum
334 423 536 468 Romanis,
565 424 766 474 imperium
795 422 842 460 ad
865 422 1081 460 Gracchum
1102 421 1204 459 Cloe-
1217 430 1296 469 curn
1311 420 1372 451 AE·

86 488 181 526 lium
216 489 416 526 deferunt:
454 489 486 524 is
520 493 603 524 tum
639 487 753 537 longe
788 488 962 537 princeps
1000 487 1039 523 in
1068 484 1205 535 AEquis
1216 474 1300 504 ΨΜ·

88 559 181 589 erat.
237 551 412 588 Graccho
438 551 532 588 duce
558 552 597 587 in
620 550 855 587 Lavicanum
880 562 1028 600 agrum,
1055 550 1143 587 inde
1167 550 1208 587 in

86 615 358 658 Tusculanum,
387 614 518 652 hostili
551 612 801 665 populatione
829 615 1001 658 veniunt,
1031 613 1209 666 plenique

86 680 221 731 praedae
251 681 290 716 in
314 679 455 729 Algido
486 686 609 717 castra
640 679 782 716 locant.
839 679 886 715 In
920 692 964 716 ea
996 686 1120 716 castra
1155 678 1207 719 Q.

85 745 241 788 Fabius,
262 745 304 782 P.
324 744 565 788 Volumnius,
586 745 633 781 A.
652 743 885 787 Postumius,
913 743 1027 794 legati
1055 743 1103 781 ab
1122 743 1205 781 Ro-

85 822 161 852 ma,
181 815 366 846 venerunt
385 815 558 858 questum
584 807 755 859 injurias,
776 814 814 844 et
833 820 880 844 ex
898 807 1041 844 foedere
1062 820 1120 844 res
1145 820 1204 844 re-

87 873 274 924 petitum:
315 885 379 909 eos
416 872 633 922 AEquorum
669 872 889 922 imperator,
925 883 1003 920 qzcae
1033 873 1206 908 mandata
1218 874 1326 915 Legati

88 938 238 974 habeant
273 937 317 974 ab
350 942 474 973 senatu
510 937 688 980 Romano,
724 937 772 973 ad
809 949 974 985 quercum
1003 934 1118 986 jubet
1150 938 1206 972 di·
1218 917 1335 1002 stffssii’

89 1013 188 1038 cere:
215 1014 250 1038 se
282 1002 357 1038 alia
386 1003 527 1038 interim
560 1006 722 1038 actarum
740 1018 751 1037 .·
789 1013 946 1050 quercus
980 1001 1114 1049 ingens
1149 1012 1208 1037 ar-

80 1066 159 1102 -bor
189 1065 369 1116 praetorio
398 1065 625 1108 inminebat,
651 1064 759 1115 cujus
789 1064 924 1101 umbra
953 1076 1073 1114 opaca
1103 1064 1208 1100 sedes

90 1135 182 1165 erat.
237 1128 339 1164 Tum
367 1141 412 1165 ex
441 1127 575 1178 legatis
606 1141 702 1164 unus
732 1128 877 1171 abiens,
902 1133 936 1165 et
955 1129 1039 1171 haec,
1069 1128 1208 1176 inquit,

86 1198 231 1230 sacrata
259 1205 416 1242 quercus,
440 1198 475 1230 et
497 1194 669 1241 quidquid
688 1193 852 1229 Deorum
877 1198 940 1236 est,
965 1194 1117 1229 audiant
1133 1190 1210 1240 foe-

88 1259 153 1294 dus
185 1271 207 1293 a
235 1258 329 1294 vobis
359 1262 528 1306 ruptum:
560 1259 754 1305 nostrisque
782 1262 816 1293 et
844 1269 937 1293 nunc
965 1257 1113 1304 querelis
1141 1256 1208 1292 ad-

84 1323 168 1364 sint,
188 1326 223 1357 et
240 1333 322 1358 mox
343 1323 452 1358 armis
466 1338 479 1365 ,·
508 1334 615 1370 quum
633 1322 796 1358 Deorum
827 1321 1074 1369 hominumque
1099 1321 1209 1357 simul

85 1387 223 1423 violata
237 1384 328 1432 jura
344 1397 578 1434 exsequemur.
633 1385 802 1421 Romam
831 1391 873 1421 ut
900 1385 1046 1422 rediere
1073 1384 1205 1434 legati,

89 1457 240 1486 senatus
263 1449 393 1500 jussit,
421 1449 582 1486 alterum
611 1450 805 1487 consulem
831 1457 966 1487 contra
988 1449 1206 1487 Gracchum

84 1515 128 1550 in
153 1514 334 1563 Algidum
360 1515 565 1551 exercitum
590 1515 748 1551 ducere:
781 1514 891 1551 alteri
918 1514 1209 1565 populationem

90 1578 220 1615 finium
253 1577 469 1628 AEquorum
499 1580 736 1629 provinciam
766 1579 881 1616 dedit.
937 1579 1100 1616 Tribuni
1138 1591 1207 1615 suo
1250 1616 1257 1621 ,

90 1655 194 1679 more
231 1643 400 1692 inpedire
428 1642 638 1679 delectum:
678 1650 716 1680 et
750 1643 912 1680 forsitan
950 1644 996 1680 ad
1033 1642 1209 1680 ultimum

87 1706 343 1756 inpedissent3
375 1707 440 1742 sed
457 1718 582 1743 novus·
600 1707 726 1743 subito
746 1707 894 1744 additus
913 1714 1036 1743 terror
1055 1713 1122 1743 est.

143 1769 295 1807 XXVI.
325 1771 393 1807 Vis
423 1771 651 1808 Sabinorum
678 1772 813 1820 ingens
841 1784 960 1821 prope
986 1772 1033 1807 ad
1060 1772 1204 1808 moenia
1216 1768 1420 1819 Sabfrfssbelss

88 1833 193 1870 urbis
219 1833 357 1871 infesta
379 1834 629 1884 populatione
646 1836 772 1871 venit:
803 1835 937 1871 foedati
960 1836 1056 1883 agri,
1082 1842 1204 1872 terror
1216 1811 1396 1887 ffigpmfe»

88 1896 251 1950 injectus
279 1897 361 1934 urbi
385 1904 453 1934 est.
509 1898 610 1934 Tum
635 1899 743 1948 plebs
763 1899 927 1947 benigne
949 1907 1054 1935 arma
1078 1900 1179 1949 cepit
1194 1914 1212 1936 :.

87 1961 393 1998 reclamantibus
406 1961 548 1998 frustra
570 1962 747 2006 tribunis,
768 1963 897 2011 magni
924 1963 998 1999 duo
1019 1963 1218 1999 exercitus*

90 2026 239 2076 scripti:
271 2026 431 2063 alterum
451 2027 616 2063 Nautius
640 2034 776 2064 contra
794 2027 962 2064 *Sabinos
981 2028 1108 2064 duxit:
1141 2039 1204 2064 ca-

89 2089 251 2138 strisque
270 2090 317 2127 ad
335 2090 495 2127 Eretum
519 2092 668 2140 positis,
688 2104 756 2141 per
775 2092 1033 2141 expeditiones
1054 2104 1205 2141 parvae,

89 2152 309 2203 plerumque
335 2156 533 2192 nocturnis
561 2156 858 2199 incursionibus,
882 2162 1029 2192 tantam
1047 2157 1205 2192 vastita-

90 2221 169 2252 tem
191 2217 230 2253 in
255 2217 398 2256 Sabino
419 2231 512 2268 agro
533 2219 711 2264 reddidit,
732 2226 787 2264 ut,
809 2221 1016 2270 comparati
1040 2220 1089 2256 ad
1105 2232 1215 2264 eam,.

88 2291 209 2330 prope
238 2281 372 2318 intacti
396 2281 499 2319 bello
526 2283 620 2320 fines
650 2283 816 2321 Romani
842 2284 1070 2320 viderentur.
1124 2283 1203 2320 Mi-
1217 2274 1385 2347 Μὶῗῦθῑυῧ

89 2344 204 2382 nucio
236 2357 357 2396 neque
383 2346 540 2385 fortuna
565 2360 638 2386 nec
667 2349 722 2385 vis
755 2349 870 2386 animi
903 2349 1033 2385 eadem
1065 2349 1118 2386 iu,
1137 2327 1299 2401 ge-gssssjte
1315 2326 1425 2395 {2¹32ss

602 2412 646 2449 Κ
662 2413 696 2449 5,
1216 2415 1271 2437 sus
1287 2403 1424 2444 AEquos.
