1573 2598
396 145 551 175 LIBER
573 142 621 174 v.
652 142 759 173 eAP.
780 142 925 173 xmx.
1125 144 1211 189 399

98 229 178 283 ejus
202 232 392 283 opinionis
417 245 549 269 caussa
576 231 705 268 multis
730 231 824 268 locis
852 232 960 282 panis
986 231 1030 268 de
1050 231 1208 283 Capito·
1222 233 1265 268 U.
1275 232 1312 265 C·
1329 237 1406 266 365·

98 295 152 334 lio
164 296 333 347 jactatus
354 310 434 334 esse
453 297 493 334 in
513 297 681 333 hostium
701 296 898 333 stationes.
956 295 1029 332 Sed
1040 295 1123 346 jam
1143 309 1211 334 ne·
1221 279 1262 310 Λ·
1276 277 1313 309 C'
1329 282 1406 312 3⁸⁷⁹

99 374 170 410 que
204 361 443 404 dissimulari,
476 373 600 410 neque
632 360 722 396 ferri
759 359 859 396 ultra
893 359 1012 396 fames
1047 366 1212 410 poterat.

97 424 247 475 Itaque,
268 426 356 462 dum
376 426 539 462 dictator
562 424 750 461 delectum
777 437 844 475 per
870 437 908 460 se
926 424 1060 461 Ardeae
1080 424 1212 469 habet,

99 489 322 538 magistrum
351 491 521 538 equitum
549 487 596 525 L.
616 488 811 525 Valerium
841 501 863 524 a
892 488 995 524 Veiis
1025 488 1213 525 abducere

98 555 304 591 exercitum
317 553 444 604 jubet,
464 559 588 603 parat,
608 553 854 602 instruitque,
876 551 1012 601 quibus
1031 552 1134 588 haud
1152 551 1212 588 in-

96 631 164 669 par
192 619 385 655 adoriatur
416 618 573 654 hostes:
615 618 768 653 interim
798 617 1037 666 Capitolinus
1068 617 1211 653 exerci-

96 689 172 725 tus,
202 682 430 719 stationibus
459 681 674 731 vigiliisque
703 682 839 724 fessus,
870 682 1054 731 superatis
1084 688 1214 717 tamen

96 746 271 783 humanis
291 745 468 782 omnibus
489 746 613 789 malis,
635 759 751 795 quum
770 745 910 782 famem
937 758 1052 781 unam
1077 751 1215 781 natura

95 811 197 847 vinci
225 823 304 847 non
333 811 487 853 sineret,
511 811 610 848 diem
635 812 680 848 de
701 812 760 848 die
785 818 1046 862 prospectam,
1068 811 1214 860 ecquod

99 874 281 911 auxilium
300 874 347 911 ab
368 875 555 911 dictatore
576 876 774 926 adpareret
786 893 795 922 3
819 882 1013 926 postremo
1033 888 1099 925 spe
1118 888 1214 924 quo-

98 952 171 988 que
190 938 288 990 jam,
308 952 387 975 non
413 939 537 976 solum
565 940 666 983 cibo,
689 939 900 983 deficiente,
922 947 973 982 et,
995 952 1111 989 quum
1136 945 1213 975 sta-

97 1003 220 1039 tiones
240 1003 502 1052 procederent,
519 1016 638 1053 prope
656 1003 905 1040 obruentibus
922 1003 1114 1039 infirmum
1130 1015 1214 1039 cor-

95 1079 166 1117 pus
190 1068 316 1109 armis,
337 1066 396 1103 vel
424 1067 523 1110 dedi,
543 1067 604 1103 vel
629 1068 765 1104 redimi
785 1080 838 1111 se,
860 1080 1096 1117 quacumque
1123 1080 1214 1116 pac-

96 1130 204 1166 tione
227 1136 396 1179 possent,
411 1130 529 1180 jussit
546 1147 556 1175 3
582 1130 821 1181 jactantibus
842 1144 920 1167 non
940 1130 1101 1167 obscure
1120 1130 1212 1166 Gal-

97 1195 157 1238 lis,
179 1196 280 1232 haud
308 1208 448 1244 magna
472 1197 644 1232 mercede
671 1208 710 1232 se
740 1197 872 1233 adduci
902 1209 1027 1246 posse,
1047 1202 1090 1231 ut
1109 1195 1213 1232 obsi-

97 1259 250 1296 dionem
282 1259 510 1309 relinquant.
566 1260 667 1296 Tum
700 1268 852 1297 senatus
890 1260 1058 1303 habitus,
1088 1260 1210 1296 tribu·
1222 1257 1394 1290 Paciscun-

95 1324 229 1372 nisque
258 1323 420 1359 militum
448 1325 648 1373 negotium
674 1325 817 1368 datum,
845 1330 888 1360 ut
916 1325 1210 1374 paciscerentur.
1223 1302 1430 1376 ἓῖἱὲῐῗξὲἶῐ,

95 1387 189 1423 Inde
209 1388 307 1423 inter
325 1388 373 1427 Q.
396 1387 605 1438 Sulpicium
624 1389 821 1425 tribunum
847 1388 1011 1425 militum
1031 1395 1069 1425 et
1087 1388 1272 1425 Bren-1is-

95 1464 185 1488 num
214 1450 385 1500 regulum
405 1451 604 1489 Gallorum
624 1452 829 1503 conloquio
847 1458 1041 1489 transacta
1060 1465 1118 1489 res
1139 1460 1210 1496 est,
1238 1486 1240 1488 ,

94 1522 132 1551 et
157 1514 259 1551 mille
288 1516 416 1565 pondo
447 1516 529 1553 auri
558 1517 721 1566 pretium
751 1516 883 1567 populi
913 1517 1091 1565 gentibus
1121 1530 1212 1553 mox

95 1579 314 1629 imperaturi
334 1579 489 1617 factum.
545 1580 634 1624 Rei,
655 1581 875 1617 foedissimae
901 1594 969 1630 per
988 1594 1041 1623 se,
1063 1580 1214 1630 adjecta

96 1643 301 1692 indignitas
328 1650 385 1680 est
404 1658 411 1679 z
443 1644 614 1694 pondera
634 1645 680 1681 ab
702 1645 822 1681 Gallis
845 1645 972 1681 adlata
992 1645 1136 1693 iniqua,
1158 1651 1210 1687 et,

96 1706 250 1743 tribuno
278 1714 490 1750 recusante,
512 1707 660 1744 additus
687 1708 735 1744 ab
764 1708 953 1744 insolente
973 1707 1086 1743 Gallo
1114 1720 1212 1758 pon-

96 1770 176 1812 deri
204 1768 376 1818 gladius:
409 1771 613 1821 auditaque
642 1771 885 1809 intoleranda
910 1771 1098 1809 Romanis
1121 1784 1211 1814 vox,

101 1835 160 1871 Vae
177 1836 279 1871 victis
297 1847 378 1873 esse.

149 1896 303 1934 XLIX.
334 1898 409 1935 Sed
436 1897 578 1947 Diique
608 1905 647 1935 et
682 1899 856 1935 homines
888 1899 1118 1949 prohibuere
1153 1911 1212 1935 re·
1224 1903 1396 1934 Dictatoris

95 1961 240 1998 demtos
260 1962 385 1998 vivere
402 1961 602 1999 Romanos
622 1977 629 1998 :
661 1975 752 1999 nam
778 1962 880 1999 forte
904 1962 1081 2011 quadam,
1108 1963 1212 2012 prius
1224 1949 1392 1978 adventus.

97 2037 210 2075 quam
228 2025 385 2062 infanda
404 2039 546 2063 merces
565 2026 822 2077 perficeretur,
844 2038 910 2076 per
927 2025 1215 2062 altercationem

85 2088 268 2125 'nondum
297 2090 403 2126 omni
440 2103 533 2126 auro
563 2091 746 2140 adpenso,
777 2090 943 2126 dictator
980 2089 1186 2125 intervenit
1200 2105 1212 2134 3

100 2151 313 2201 auferrique
334 2167 467 2190 aurum
486 2154 532 2190 de
551 2153 691 2198 medio,
711 2160 750 2189 et
770 2153 902 2190 Gallos
922 2152 1138 2189 submoveri
1149 2151 1232 2203 ju-'

96 2215 176 2254 bet.
231 2217 360 2256 Quum
383 2218 439 2254 illi
458 2220 664 2255 renitentes
694 2223 826 2268 pactos
847 2217 1016 2253 dicerent
1035 2229 1129 2260 sese,
1150 2229 1219 2253 ne·-

100 2287 166 2330 gat
185 2293 268 2319 eam
293 2283 511 2334 pactionem
537 2289 661 2321 ratam
679 2295 774 2327 esse,
795 2295 893 2333 quae,
913 2278 1118 2333 postquam
1136 2281 1218 2331 ipse
