1573 2598
379 175 534 205 mmm
557 174 603 204 v.
636 172 743 203 cAP.
764 173 920 203 xx111.
1120 162 1202 216 367

94 270 165 308 ste,
186 264 321 314 quibus
341 263 577 316 deportanda
595 262 760 299 Romam
779 262 933 311 Regina
951 261 975 298 J
980 274 1055 298 uno
1078 261 1203 310 adsig-
1217 276 1259 306 U,
1271 274 1308 305 0,
1324 281 1400 307 359,

94 335 186 365 nata
212 335 305 372 erat,
326 327 583 365 venerabundi
604 325 788 377 templum
814 326 946 369 iniere,
973 325 1096 375 primo
1118 324 1204 360 reli·
1217 320 1257 349 A-
1272 319 1308 349 C·
1325 323 1400 351 ³9³·

96 394 203 441 giose
234 393 478 429 admoventes
509 404 666 428 manus:
709 391 810 440 quod
843 390 881 426 id
918 391 1069 439 signum
1101 402 1208 425 more

95 457 274 501 Etrusco,
304 458 376 494 nisi
403 463 514 493 certae
545 457 668 505 gentis
689 455 877 498 sacerdos,
899 455 1110 491 adtrectare
1130 466 1210 490 non

97 530 197 558 esset
216 522 348 558 solitus
365 536 373 557 z
406 522 491 558 dein
512 534 627 570 quum
648 520 813 569 quidam,
841 533 908 557 seu
927 519 1063 569 spiritu
1082 518 1210 555 divino

95 592 235 629 tactus,
266 599 332 622 seu
353 584 524 635 juvenali
547 583 656 634 joco,
693 584 797 620 Visne
830 584 981 620 Romam
1006 584 1057 618 ire
1080 582 1213 620 .Ῑιινιο.9

96 649 266 693 dixisset,
285 649 459 685 adnuisse
478 649 594 685 ceteri
609 648 734 684 Deam
750 647 1101 684 conclamaverunt:
1124 645 1212 682 inde

97 712 236 750 fabulae
265 713 455 764 adjectum
485 718 556 756 est,
580 725 713 749 vocem
732 725 882 761 quoque
903 712 1074 754 dicentis,
1102 711 1210 753 Velle,

98 777 289 813 auditam:
332 783 476 814 motam
509 783 611 814 certe
643 777 731 813 sede
766 789 834 813 sua
865 775 971 826 parvi
999 774 1212 811 molimenti

98 841 350 886 adminiculis,
385 842 576 891 sequentis
613 840 728 877 modo
762 841 975 891 accepimus
1013 839 1134 875 levem
1167 850 1211 874 ac

98 904 250 942 facilem
283 905 470 942 translatu
503 904 643 941 fuisse:
689 905 953 954 integramque
979 903 1018 938 in
1051 902 1211 939 Aventi-

99 982 206 1012 num,
225 976 404 1006 aeternam
421 969 547 1005 sedem
567 982 689 1013 suam,
707 982 782 1018 quo
800 974 890 1005 vota
908 968 1075 1003 Romani
1092 967 1214 1003 dicta-

101 1033 196 1069 toris
224 1039 465 1076 vocaverant,
493 1032 691 1082 perlatam,
719 1032 784 1069 ubi
811 1031 995 1082 templum
1020 1031 1054 1066 ei
1080 1036 1215 1081 postea

100 1096 214 1140 idem,
242 1098 307 1146 qui
334 1102 501 1139 voverat,
527 1096 709 1132 Camillus
736 1096 935 1132 dedicavit.
992 1094 1069 1131 Hic
1097 1095 1214 1131 Veio-

101 1175 186 1199 rum
217 1175 373 1198 occasus
402 1162 489 1204 fuit,
521 1161 622 1198 urbis
648 1161 945 1211 opulentissimae
971 1161 1124 1198 Etrusci
1143 1174 1215 1197 no-

100 1226 227 1269 minis,
248 1226 549 1274 magnitudinem
569 1238 676 1261 suam
695 1225 754 1261 vel
774 1225 909 1261 ultima
924 1225 1029 1261 clade
1046 1225 1215 1261 indican-

100 1290 173 1335 tis3
208 1289 308 1338 quod
338 1289 467 1325 decem
497 1294 644 1325 aestates
671 1289 889 1337 hiemesque
915 1289 1115 1324 continuas
1142 1289 1216 1324 cir-

103 1365 308 1395 cumsessa,
336 1365 451 1401 quum
480 1351 563 1402 plus
594 1351 789 1401 aliquanto
819 1351 982 1387 cladium
1012 1351 1216 1397 intulisset,

104 1430 216 1465 quam
244 1418 464 1467 accepisset,
495 1422 704 1466 postremo,
728 1415 811 1465 jam
837 1415 919 1452 fato
945 1422 1027 1451 tum
1057 1416 1219 1465 deniqne

107 1487 280 1529 urgente,
302 1481 478 1530 operibus
499 1487 641 1523 tamen,
662 1493 740 1515 non
758 1481 807 1523 vi,
829 1487 1046 1529 expugnata
1067 1486 1134 1516 est.

157 1544 318 1581 XXIII.
348 1544 514 1580 Romam
532 1550 571 1579 ut
597 1544 819 1580 nunciatum
841 1552 911 1587 est,
934 1544 1049 1580 Veios
1070 1550 1218 1594 captos,
1247 1562 1253 1566 s

104 1620 332 1657 quamquam
357 1614 395 1643 et
420 1607 594 1657 prodigia
620 1614 824 1657 procurata
843 1607 1008 1650 fuerant,
1031 1614 1069 1643 et
1089 1614 1219 1644 vatum

104 1685 299 1721 responsa,
321 1678 359 1708 et
378 1672 548 1721 Pythicae
569 1678 688 1707 sortes
709 1678 835 1716 notae,
869 1678 920 1714 et,
943 1679 1127 1720 quantum
1147 1673 1219 1708 hu-

106 1736 226 1771 manis
247 1735 415 1785 adjuvari
435 1735 602 1771 consiliis
624 1742 801 1785 potuerat
822 1749 894 1778 res,
916 1736 1050 1771 ducem
1069 1736 1125 1772 M.
1143 1736 1219 1772 Fu-

106 1799 217 1841 rium,
252 1799 458 1835 maximum
492 1800 764 1847 imperatorum
798 1799 982 1841 omnium,
1019 1799 1218 1847 legerant,

107 1868 250 1906 tamen,
275 1864 363 1911 quia
388 1870 447 1899 tot
471 1864 578 1899 annis
599 1865 701 1899 varie
728 1864 780 1899 ibi
800 1863 982 1900 bellatum
1006 1872 1099 1908 erat,
1124 1865 1220 1902 rnul-

106 1933 231 1975 taeque
251 1926 373 1962 clades
394 1934 572 1976 acceptae,
594 1927 697 1963 velut
722 1940 768 1963 ex
794 1929 986 1978 insperato
1009 1930 1222 1966 inmensum

109 1991 287 2039 gaudium
321 1991 416 2027 fuit:
464 1998 515 2035 et,
554 1993 772 2041 priusquam
806 2000 957 2028 senatus
989 1993 1220 2037 decerneret,

108 2055 222 2104 plena
255 2057 382 2091 onmia
413 2056 555 2105 templa
587 2056 851 2092 Romanarum
884 2064 1060 2100 matrum,
1096 2065 1221 2106 grates

108 2118 193 2154 Diis
211 2120 418 2168 agentium,
437 2126 556 2156 erant.
615 2120 775 2155 Senatus
797 2121 836 2155 in
854 2122 1108 2169 quatriduum,
1129 2128 1223 2170 quot

109 2182 254 2240 dierum
286 2184 392 2220 nullo
431 2192 519 2221 ante
556 2184 672 2226 bello,
711 2184 1005 2234 supplicationes
1041 2185 1220 2223 decernit.

109 2246 305 2284 Adventus
325 2260 475 2297 quoque
499 2248 710 2290 dictatoris,
740 2248 916 2284 omnibus
938 2248 1134 2284 ordinibus
1152 2249 1220 2285 ob·
1235 2256 1380 2288 Dictator

110 2311 209 2348 viam
228 2311 368 2355 effusis,
389 2312 628 2356 celebratior,
650 2325 763 2360 quam
779 2312 890 2349 ullius
913 2325 1090 2362 umquam
1109 2320 1223 2353 antea
1235 2300 1422 2340 triumphat.

625 2375 708 2412 R4
