1573 2598
91 441 138 473 U.
149 442 186 473 C.
204 447 267 472 400

92 487 133 519 A.
149 486 186 518 C.
204 491 278 516 3³2.

73 955 183 988 Ambo
202 963 283 985 coss.

72 1006 207 1039 patricii.

287 148 375 194 494
742 147 790 180 Τ.
821 150 956 182 mvn

290 238 687 288 intercedentibusque
712 237 892 284 tribunis,
912 241 1078 277 interrex
1098 239 1238 278 Fabius
1264 241 1405 287 aiebat,

290 305 329 341 in
355 305 535 349 duodecim
565 303 694 340 tabulis
715 304 826 352 legem
852 316 936 346 esse,
966 309 1020 347 ut,
1041 306 1287 354 quodcumque
1309 311 1409 354 post-

288 381 424 407 remum
442 369 597 419 populus
607 367 777 415 jussisset,
794 370 836 408 id
851 368 914 416 jus
932 374 1122 418 ratumque
1140 375 1248 413 (ιω-εἰ,-
1268 369 1412 417 jussum

288 435 417 483 populi
435 439 469 470 et
486 435 661 483 suff-agia
680 445 761 470 esse.
819 434 947 473 Quum
974 434 1244 470 intercedendo
1261 434 1408 472 tribuni

292 499 386 536 nihil
413 498 527 541 aliud,
549 511 663 548 quam
692 505 734 535 ut
758 498 951 535 differrent
980 498 1149 540 comitia,
1177 497 1406 544 valuissent3

291 563 368 601 duo
387 563 536 613 patricii
564 561 736 598 consules
758 564 874 599 creati
899 569 1000 605 sunt,
1024 562 1068 598 C.
1096 561 1284 611 Sulpicius
1305 561 1411 598 Pe-„i-

291 640 357 664 cus
384 628 553 670 tertium,
579 626 636 663 M.
667 626 839 663 Valerius
866 625 1088 663 Publicola:
1121 626 1330 676 eodemque
1348 625 1410 663 die

291 693 556 742 magistratum
577 691 754 728 inierunt.

346 756 501 793 XVIII.
539 755 927 804 Quadringentesimo
947 767 1064 799 anno,
1085 767 1196 804 quam
1218 753 1305 790 urbs
1326 753 1410 790 Ro-

291 834 407 859 mana
425 820 581 857 condita
607 825 701 862 erat,
722 820 858 868 quinto
877 821 1085 862 tricesimo,
1107 831 1219 868 quam
1246 831 1269 854 a
1288 818 1408 854 Gallis

293 887 517 936 reciperata,
538 884 667 920 ablato
697 891 785 934 post
813 884 1054 920 undecimum
1081 895 1221 919 annum
1247 895 1270 918 a
1298 883 1409 931 plebe

296 949 509 992 consulatu,
531 949 681 998 patricii
700 948 874 984 consules
896 948 1009 984 ambo
1025 961 1071 984 ex
1091 948 1310 996 interregno
1330 959 1411 982 ma-

294 1016 496 1065 gistratum
525 1014 657 1056 iniere,
689 1013 732 1049 C.
755 1012 942 1062 Sulpicius
970 1012 1122 1048 Peticus
1152 1011 1321 1054 tertium,
1351 1010 1410 1050 M.

293 1079 468 1116 Valerius
488 1077 699 1115 Publicola.
755 1077 964 1127 Empulum
985 1090 1030 1113 eo
1051 1089 1152 1113 anno
1172 1089 1219 1112 ex
1237 1075 1411 1112 Tiburti-

292 1143 364 1182 bus
383 1142 485 1180 haud
509 1141 756 1179 memorando
777 1141 983 1178 certamine
1010 1148 1186 1191 captum3
1219 1140 1295 1176 sive
1315 1139 1410 1176 duo-

292 1220 376 1244 rum
406 1205 604 1243 consulum
633 1205 803 1256 auspicio
832 1204 974 1241 bellum
1004 1204 1057 1241 ibi
1088 1210 1236 1254 gestum
1266 1208 1336 1246 est,
1367 1209 1410 1239 ut

293 1273 476 1323 scripsere
495 1271 646 1320 quidam
661 1286 671 1316 3
704 1283 770 1306 seu
789 1283 855 1320 per
874 1270 974 1306 idem
988 1276 1137 1320 tempus
1155 1269 1190 1305 T
1193 1269 1409 1318 arquinien-

292 1339 390 1375 sium
410 1349 560 1387 quoque
586 1342 675 1373 sunt
700 1337 837 1372 vastati
863 1336 944 1385 agri
971 1335 1017 1372 ab
1046 1335 1214 1385 Sulpicio
1241 1333 1410 1378 consule,

292 1415 369 1452 quo
389 1402 560 1439 Valerius
581 1402 757 1438 adversus
777 1400 957 1437 Tiburtes
977 1400 1145 1450 legiones
1165 1399 1282 1436 duxit.
1325 1398 1411 1435 Do-

289 1470 342 1507 mi
364 1467 486 1518 majus
507 1474 697 1504 certamen
718 1465 936 1503 consulibus
952 1479 1038 1502 cum
1057 1465 1168 1516 plebe
1186 1479 1230 1502 ac
1249 1464 1410 1501 tribunis

293 1538 386 1569 erat.
442 1531 548 1567 Fidei
563 1530 647 1580 jam
667 1543 758 1573 suae,
778 1543 858 1567 non
883 1529 1007 1566 solum
1034 1530 1198 1572 virtutis,
1219 1528 1410 1566 ducebant

294 1608 390 1640 esse,
411 1602 453 1632 ut
473 1596 706 1645 accepissent
723 1595 797 1631 duo
817 1595 967 1644 patricii
984 1593 1236 1636 consulatum,
1256 1593 1310 1629 ita
1329 1605 1409 1628 am-

292 1660 416 1697 bobus
446 1659 615 1708 patriciis
646 1658 847 1694 mandare:
879 1659 971 1707 quin
998 1665 1064 1694 aut
1089 1663 1176 1693 toto
1202 1657 1409 1694 cedendum

293 1736 388 1767 esse,
409 1723 439 1760 si
460 1722 628 1774 plebeius
642 1721 725 1772 jam
745 1722 990 1770 magistratus
1006 1721 1224 1758 consulatus
1245 1720 1325 1764 fiat,
1342 1727 1409 1757 aut

291 1795 416 1824 totum
436 1787 719 1838 possidendum,
741 1799 854 1836 quam
875 1787 1154 1837 possessionem
1180 1785 1366 1836 integram
1386 1797 1410 1822 a

292 1851 464 1904 patribus
495 1850 741 1900 accepissent.
797 1850 933 1887 Plebes
963 1857 1097 1887 contra
1124 1849 1275 1886 fremit:
1310 1849 1409 1892 Quid

290 1928 328 1954 se
346 1918 475 1959 vivere,
492 1917 579 1964 quid
593 1918 631 1952 in
645 1920 754 1964 parte
768 1917 895 1952 civium
912 1917 1045 1952 censeri
1057 1931 1069 1951 .·
1087 1916 1131 1958 si,
1145 1914 1240 1962 quod
1258 1915 1409 1950 duorum

292 1980 475 2016 hominum
500 1982 645 2021 virtute,
668 1979 712 2015 L.
737 1979 854 2016 Sextii.
878 1991 922 2016 ac
949 1979 989 2016 C.
1009 1979 1156 2020 Licinii,
1172 1982 1319 2026 partum
1343 1979 1406 2022 sit,

290 2044 329 2080 id
347 2043 505 2080 obtinere
521 2043 675 2079 universi
698 2054 768 2078 non
784 2044 920 2091 possint
933 2044 954 2078 f>
986 2043 1049 2078 Vel
1065 2053 1176 2089 reges,
1196 2041 1253 2077 vel
1270 2042 1408 2077 decem-

290 2109 398 2151 viros,
418 2108 487 2150 vel,
505 2108 536 2143 si
555 2107 649 2155 quod
668 2108 802 2143 tristius
818 2109 866 2143 sit
884 2108 1026 2155 imperii
1040 2117 1179 2148 nomen,
1197 2106 1407 2153 patiendam

290 2184 363 2209 esse
379 2173 511 2220 potius,
531 2184 637 2220 quam
656 2172 775 2208 ambos
792 2173 964 2220 patricios
982 2171 1138 2208 consules
1164 2170 1324 2212 videant,
1344 2181 1407 2208 nec

289 2237 328 2273 in
345 2236 455 2273 vicem
470 2241 647 2284 pareatur
664 2241 771 2285 atque
795 2237 990 2284 imperetur
999 2251 1013 2280 ‚-
1041 2236 1100 2271 sed
1114 2245 1202 2283 pars
1219 2234 1350 2278 altera,
1371 2235 1407 2272 in

289 2304 420 2338 eterno
449 2301 597 2350 imperio
626 2301 759 2345 locata,
785 2300 925 2351 plebem
952 2311 1127 2349 nusquam
1159 2299 1236 2340 alio
1262 2302 1404 2344 natam,
