1573 2598
315 129 468 159 LIBER
491 127 588 156 vn.
618 125 726 156 C'AI’·
750 125 955 156 xxxvn.
1103 122 1186 169 521¹.

77 220 253 262 inermes,
281 231 352 256 nec
382 218 483 256 coire
510 218 549 255 in
578 229 710 260 unum,
733 229 804 253 nec
824 229 928 253 arma
947 227 1094 266 capere,
1114 227 1187 257 nee
1197 222 1288 297 {mg
1306 229 1391 254 412„

1229 288 1236 297 .
1279 272 1395 298 4540„

75 284 241 334 recipere
261 283 362 319 intra
380 282 519 321 vanu-m
538 294 579 319 se
602 286 773 331 possent,
803 285 1002 331 paventem
1023 280 1185 329 primum

76 347 115 383 in
146 352 268 383 castra
297 347 556 397 compellunt:
588 345 722 384 deinde
749 351 872 382 castra
901 345 996 394 ipsa,
1021 343 1186 380 turbatis

75 410 321 454 stationibus,
359 412 526 463 capiunt.
581 409 908 447 Perfertmveirca
940 408 1075 445 collem
1108 407 1184 444 cla-

73 487 183 511 mor:
231 475 414 526 fugatque
452 481 498 513 ex
537 475 613 511 suis
651 487 836 524 quemque
872 473 1081 524 praesidiis:
1131 472 1187 508 ita

74 551 213 588 magna
229 553 316 590 pars
336 541 484 577 absenti
503 540 605 577 hosti
626 540 740 576 cessit
758 554 765 576 :
798 551 892 588 quos
921 539 1023 574 intra
1044 535 1186 573 vallum

73 610 203 652 egerat
222 617 353 654 pavor,
386 605 509 653 (fuere
529 610 655 641 autem
685 604 733 641 ad
755 603 916 653 triginta
934 600 1070 649 millia)
1102 614 1184 637 om-

71 679 138 704 nes
158 669 243 705 caesi
261 685 271 714 3
304 675 428 706 castra
446 670 604 719 direpta.
744 671 748 672 ⁷

124 730 342 770 XXXVII,
363 732 425 769 Ita
439 732 550 768 rebus
571 732 702 780 gestiS,
720 729 867 774 consul,
888 731 1073 767 advocata
1091 742 1184 767 con-

71 795 195 840 cione,
225 795 268 832 P.
289 794 401 832 Decii
425 808 505 832 non
533 801 678 847 coeptas
702 794 825 830 solum
845 800 947 836 ante,
969 795 1033 830 sed
1052 807 1185 831 cumu-
1195 798 1316 829 Decius

70 857 166 894 latas
186 871 286 895 nova
304 859 444 895 virtute
462 858 591 895 laudes
612 859 760 909 peragit
777 871 784 894 :
817 864 856 894 et
884 863 1021 908 praeter
1041 858 1183 895 milita·
1195 842 1342 873 donatm'

70 922 127 958 ria
146 922 220 959 alia
239 923 352 967 dona,
374 937 488 960 aurea
508 936 652 960 corona
679 935 766 959 eum
794 929 832 958 et
862 928 1015 958 centum
1043 922 1183 967 bubus,

70 986 286 1037 eximioque
305 1001 381 1024 uno
409 987 497 1025 albo
521 988 650 1038 opimo
671 987 811 1024 auratis
832 987 1025 1030 cornibus,
1053 987 1185 1025 donat.

67 1048 229 1094 Nfflites,
250 1052 314 1101 qui
343 1051 381 1088 in
411 1051 587 1102 praesidio
617 1050 727 1087 simul
755 1051 920 1093 fuerant,
941 1050 1081 1100 duplici
1102 1050 1184 1087 fru-

68 1121 200 1151 mento
229 1115 268 1150 in
297 1122 534 1166 perpetuum,
566 1115 605 1152 in
639 1116 841 1166 praesentia
871 1114 1029 1163 singulis
1058 1114 1182 1152 bubus

67 1177 242 1231 binisque
269 1182 384 1231 privis
410 1182 548 1218 tunicis
570 1182 714 1219 donati.
772 1181 987 1218 Secundum
1015 1180 1180 1218 consulis

68 1243 315 1281 donationem
344 1245 513 1294 legiones
544 1247 778 1295 gramineam
803 1258 985 1283 coronam
1012 1245 1183 1282 obsidio·

66 1307 207 1353 nalem,
241 1309 406 1347 clamore
440 1311 582 1348 donum
615 1311 884 1362 adprobantes,
915 1310 1040 1348 Decio
1069 1311 1181 1361 inpo-

66 1378 183 1409 nunt:
215 1372 334 1410 altera
353 1387 509 1419 corona,
531 1375 699 1426 ejusdem
718 1376 875 1411 honoris
894 1375 1023 1418 index,
1045 1388 1067 1411 a
1085 1387 1182 1425 prae-

66 1436 163 1473 sidio
196 1449 265 1474 suo
297 1439 465 1489 inposita
502 1447 570 1477 est.
627 1440 701 1477 His
735 1441 934 1478 decoratus
967 1438 1182 1489 insignibus

64 1499 202 1538 bovem
234 1503 413 1539 eximium
447 1503 568 1540 Marti
605 1504 830 1550 inmolavit3
878 1511 1031 1540 centum
1063 1502 1180 1540 boves
1218 1502 1225 1507 ⁷

63 1565 247 1603 militibus
268 1566 368 1603 dono
389 1568 504 1612 dedit,
526 1569 590 1618 qui
616 1581 743 1606 secum
770 1570 808 1605 in
835 1569 1077 1619 expeditione
1097 1568 1180 1604 fue-

63 1636 169 1666 rant:
201 1631 335 1667 iisdem
363 1631 548 1669 militibus
574 1633 746 1683 legiones
773 1633 887 1670 libras
908 1634 1017 1670 farris
1038 1639 1075 1669 et
1096 1645 1197 1670 sex-.

63 1694 180 1728 tarios
199 1694 275 1726 vini
294 1695 539 1730 contulerunt
552 1713 559 1720 ·
592 1700 796 1740 omni-aque
815 1708 860 1727 ea
879 1693 1025 1740 ingenti
1046 1692 1180 1728 alacri-

64 1759 144 1790 tate
172 1766 239 1804 per
267 1753 471 1790 clamorem
499 1753 716 1798 militarem,
737 1755 902 1793 indicem
922 1757 1093 1795 omnium
1113 1756 1181 1792 ad-.

64 1830 210 1861 sensus,
249 1817 490 1866 gerebantur.
552 1818 685 1855 Tertia
719 1832 849 1869 pugna
886 1820 933 1857 ad
963 1820 1295 1859 SuessulamTertia
1312 1840 1372 1870 pue

63 1882 266 1919 commissa
294 1887 375 1917 est:
410 1893 484 1930 qua
511 1880 664 1931 fugatus
695 1896 717 1918 a
741 1882 797 1920 M.
818 1883 973 1920 Valerio
997 1881 1352 1946 Samniti-{¹1¹ffmc1utfl1

63 1960 128 1983 um
156 1948 357 1990 exercitus,
379 1948 481 1984 omni
503 1947 641 1985 robore
663 1947 877 1998 juventutis
901 1949 1015 1987 domo
1036 1937 1265 1994 adeito,blxs.⁴
1296 1937 1301 1945 ⁴

64 2012 269 2047 certamine
307 2010 441 2047 ultimo
477 2011 672 2048 fortunam
709 2014 870 2062 experiri
907 2015 1052 2050 statuit.
1116 2014 1177 2050 Ab

64 2075 241 2111 Suessula
258 2075 388 2111 nuncii
407 2076 542 2125 trepidi
565 2076 749 2126 Capuam,
780 2077 867 2113 inde
895 2078 1039 2126 equites
1071 2079 1177 2115 citati

63 2138 111 2175 ad
130 2137 322 2175 Valerium
341 2140 549 2183 consulem,
567 2153 679 2190 opem
695 2147 858 2184 oratum,
875 2142 1043 2178 veniunt.
1072 2142 1176 2178 Con-

62 2202 188 2238 festim
209 2202 318 2251 signa
335 2210 462 2243 mota:
495 2204 710 2254 relictisque
737 2205 1003 2254 inpedimentis
1031 2212 1173 2243 castro-z

12 2303 20 2308 ,
62 2277 145 2305 rum
176 2264 301 2305 valido
333 2268 522 2318 praesidio,
558 2270 695 2321 raptim
735 2269 876 2319 agitur¹
897 2281 1035 2326 agmen
1053 2284 1060 2308 τ
1104 2282 1174 2310 nec
