<?xml version="1.0" encoding="UTF-8"?>
<!DOCTYPE html PUBLIC "-//W3C//DTD XHTML 1.0 Transitional//EN"
    "http://www.w3.org/TR/xhtml1/DTD/xhtml1-transitional.dtd">
<html xmlns="http://www.w3.org/1999/xhtml" xml:lang="en" lang="en">
 <head>
  <title>
</title>
<meta http-equiv="Content-Type" content="text/html;charset=utf-8" />
  <meta name='ocr-system' content='tesseract 3.04.00' />
  <meta name='ocr-capabilities' content='ocr_page ocr_carea ocr_par ocr_line ocrx_word'/>
</head>
<body>
  <div class='ocr_page' id='page_1' title='image "./historiarumquaes01livyuoft/historiarumquaes01livyuoft_0339.png"; bbox 0 0 1573 2598; ppageno 0'>
   <div class='ocr_carea' id='block_1_1' title="bbox 454 168 1266 212">
    <p class='ocr_par' dir='ltr' id='par_1_1' title="bbox 454 168 1266 212">
     <span class='ocr_line' id='line_1_1' title="bbox 454 168 1266 212; baseline -0.005 -9"><span class='ocrx_word' id='word_1_1' title='bbox 454 175 610 203; x_wconf 78' lang='lat' dir='ltr'>LIBER</span> <span class='ocrx_word' id='word_1_2' title='bbox 637 173 706 203; x_wconf 74' lang='lat' dir='ltr'><strong>1v.</strong></span> <span class='ocrx_word' id='word_1_3' title='bbox 739 171 847 202; x_wconf 74' lang='lat' dir='ltr'>CAP.</span> <span class='ocrx_word' id='word_1_4' title='bbox 874 173 963 200; x_wconf 72' lang='grc' dir='ltr'><strong>ιιι.</strong></span> <span class='ocrx_word' id='word_1_5' title='bbox 1183 168 1266 212; x_wconf 80' lang='lat'><strong>323</strong></span> 
     </span>
    </p>
   </div>
   <div class='ocr_carea' id='block_1_2' title="bbox 129 256 1467 2415">
    <p class='ocr_par' dir='ltr' id='par_1_2' title="bbox 129 256 1467 2368">
     <span class='ocr_line' id='line_1_2' title="bbox 145 256 1464 302; baseline -0.007 -1"><span class='ocrx_word' id='word_1_6' title='bbox 145 263 321 300; x_wconf 82' lang='lat' dir='ltr'><strong>eonsules</strong></span> <span class='ocrx_word' id='word_1_7' title='bbox 342 264 458 300; x_wconf 88' lang='lat' dir='ltr'><strong>creati</strong></span> <span class='ocrx_word' id='word_1_8' title='bbox 489 268 579 299; x_wconf 89' lang='lat' dir='ltr'><strong>sunt</strong></span> <span class='ocrx_word' id='word_1_9' title='bbox 597 262 644 298; x_wconf 94' lang='lat' dir='ltr'><strong>A.</strong></span> <span class='ocrx_word' id='word_1_10' title='bbox 665 260 866 297; x_wconf 87' lang='lat' dir='ltr'><strong>Cornelius</strong></span> <span class='ocrx_word' id='word_1_11' title='bbox 887 260 1043 302; x_wconf 86' lang='lat' dir='ltr'>Cossus,</span> <span class='ocrx_word' id='word_1_12' title='bbox 1062 256 1110 294; x_wconf 92' lang='lat' dir='ltr'><strong>L.</strong></span> <span class='ocrx_word' id='word_1_13' title='bbox 1129 257 1265 294; x_wconf 81' lang='lat' dir='ltr'><strong>Furius</strong></span> <span class='ocrx_word' id='word_1_14' title='bbox 1278 259 1320 290; x_wconf 70' lang='lat' dir='ltr'><strong>U,</strong></span> <span class='ocrx_word' id='word_1_15' title='bbox 1337 258 1374 289; x_wconf 93' lang='lat' dir='ltr'><strong>C.</strong></span> <span class='ocrx_word' id='word_1_16' title='bbox 1390 265 1464 292; x_wconf 71' lang='lat'><strong>342-</strong></span> 
     </span>
     <span class='ocr_line' id='line_1_3' title="bbox 144 302 1461 375; baseline -0.005 -11"><span class='ocrx_word' id='word_1_17' title='bbox 144 327 388 365; x_wconf 84' lang='lat' dir='ltr'><strong>Medullinus.</strong></span> <span class='ocrx_word' id='word_1_18' title='bbox 440 327 512 364; x_wconf 84' lang='lat' dir='ltr'><strong>His</strong></span> <span class='ocrx_word' id='word_1_19' title='bbox 534 325 752 364; x_wconf 88' lang='lat' dir='ltr'><strong>consulibus</strong></span> <span class='ocrx_word' id='word_1_20' title='bbox 772 325 962 375; x_wconf 83' lang='lat' dir='ltr'><strong>principio</strong></span> <span class='ocrx_word' id='word_1_21' title='bbox 981 323 1072 360; x_wconf 85' lang='lat' dir='ltr'><strong>anni</strong></span> <span class='ocrx_word' id='word_1_22' title='bbox 1091 329 1263 359; x_wconf 84' lang='lat' dir='ltr'><strong>senatus·</strong></span> <span class='ocrx_word' id='word_1_23' title='bbox 1278 304 1316 333; x_wconf 65' lang='lat' dir='ltr'><strong>A&#39;</strong></span> <span class='ocrx_word' id='word_1_24' title='bbox 1333 302 1371 333; x_wconf 72' lang='lat' dir='ltr'><strong>C·</strong></span> <span class='ocrx_word' id='word_1_25' title='bbox 1387 309 1461 334; x_wconf 72' lang='lat'><strong>⁴²⁰⁰</strong></span> 
     </span>
     <span class='ocr_line' id='line_1_4' title="bbox 143 386 1263 437; baseline -0.006 -9"><span class='ocrx_word' id='word_1_26' title='bbox 143 391 361 428; x_wconf 84' lang='lat' dir='ltr'><strong>consultum</strong></span> <span class='ocrx_word' id='word_1_27' title='bbox 381 392 525 428; x_wconf 84' lang='lat' dir='ltr'><strong>factum</strong></span> <span class='ocrx_word' id='word_1_28' title='bbox 544 397 615 433; x_wconf 89' lang='lat' dir='ltr'><strong>est,</strong></span> <span class='ocrx_word' id='word_1_29' title='bbox 638 396 680 425; x_wconf 92' lang='lat' dir='ltr'><strong>ut</strong></span> <span class='ocrx_word' id='word_1_30' title='bbox 701 389 747 425; x_wconf 86' lang='lat' dir='ltr'><strong>de</strong></span> <span class='ocrx_word' id='word_1_31' title='bbox 767 389 977 437; x_wconf 84' lang='lat' dir='ltr'><strong>quaestione</strong></span> <span class='ocrx_word' id='word_1_32' title='bbox 1006 386 1263 423; x_wconf 86' lang='lat' dir='ltr'><strong>Postumianae</strong></span> 
     </span>
     <span class='ocr_line' id='line_1_5' title="bbox 144 450 1262 505; baseline -0.005 -13"><span class='ocrx_word' id='word_1_33' title='bbox 144 456 256 492; x_wconf 86' lang='lat' dir='ltr'><strong>caedis</strong></span> <span class='ocrx_word' id='word_1_34' title='bbox 278 456 419 492; x_wconf 88' lang='lat' dir='ltr'><strong>tribuni</strong></span> <span class='ocrx_word' id='word_1_35' title='bbox 438 456 560 505; x_wconf 91' lang='lat' dir='ltr'><strong>primo</strong></span> <span class='ocrx_word' id='word_1_36' title='bbox 580 466 731 503; x_wconf 89' lang='lat' dir='ltr'><strong>quoque</strong></span> <span class='ocrx_word' id='word_1_37' title='bbox 750 459 922 503; x_wconf 87' lang='lat' dir='ltr'><strong>tempore</strong></span> <span class='ocrx_word' id='word_1_38' title='bbox 941 452 989 488; x_wconf 84' lang='lat' dir='ltr'><strong>ad</strong></span> <span class='ocrx_word' id='word_1_39' title='bbox 1010 450 1160 501; x_wconf 87' lang='lat' dir='ltr'><strong>plebem</strong></span> <span class='ocrx_word' id='word_1_40' title='bbox 1186 450 1262 487; x_wconf 86' lang='lat' dir='ltr'><strong>fer-</strong></span> 
     </span>
     <span class='ocr_line' id='line_1_6' title="bbox 143 513 1262 569; baseline -0.005 -13"><span class='ocrx_word' id='word_1_41' title='bbox 143 526 230 555; x_wconf 89' lang='lat' dir='ltr'><strong>rent</strong></span> <span class='ocrx_word' id='word_1_42' title='bbox 245 535 254 564; x_wconf 78' lang='lat'><em>3</em></span> <span class='ocrx_word' id='word_1_43' title='bbox 288 519 490 569; x_wconf 82' lang='lat' dir='ltr'><strong>plebesque</strong></span> <span class='ocrx_word' id='word_1_44' title='bbox 518 517 726 568; x_wconf 73' lang='lat' dir='ltr'><strong>praeficeret</strong></span> <span class='ocrx_word' id='word_1_45' title='bbox 755 517 970 565; x_wconf 77' lang='lat' dir='ltr'><strong>quaestioni,</strong></span> <span class='ocrx_word' id='word_1_46' title='bbox 998 528 1111 564; x_wconf 91' lang='lat' dir='ltr'><strong>quem</strong></span> <span class='ocrx_word' id='word_1_47' title='bbox 1138 513 1262 551; x_wconf 85' lang='lat' dir='ltr'><strong>vellet.</strong></span> 
     </span>
     <span class='ocr_line' id='line_1_7' title="bbox 144 579 1262 633; baseline -0.005 -14"><span class='ocrx_word' id='word_1_48' title='bbox 144 583 181 618; x_wconf 95' lang='lat' dir='ltr'>A</span> <span class='ocrx_word' id='word_1_49' title='bbox 199 582 308 633; x_wconf 87' lang='lat' dir='ltr'><strong>plebe</strong></span> <span class='ocrx_word' id='word_1_50' title='bbox 329 594 515 619; x_wconf 88' lang='lat' dir='ltr'><strong>consensu</strong></span> <span class='ocrx_word' id='word_1_51' title='bbox 534 580 666 631; x_wconf 91' lang='lat' dir='ltr'><strong>populi</strong></span> <span class='ocrx_word' id='word_1_52' title='bbox 686 580 904 617; x_wconf 89' lang='lat' dir='ltr'><strong>consulibus</strong></span> <span class='ocrx_word' id='word_1_53' title='bbox 929 579 1127 628; x_wconf 81' lang='lat' dir='ltr'><strong>negotium</strong></span> <span class='ocrx_word' id='word_1_54' title='bbox 1155 590 1262 614; x_wconf 84' lang='lat' dir='ltr'><strong>man-</strong></span> 
     </span>
     <span class='ocr_line' id='line_1_8' title="bbox 144 643 1262 695; baseline -0.004 -13"><span class='ocrx_word' id='word_1_55' title='bbox 144 646 277 682; x_wconf 81' lang='lat' dir='ltr'><strong>datur:</strong></span> <span class='ocrx_word' id='word_1_56' title='bbox 321 647 404 695; x_wconf 87' lang='lat' dir='ltr'><strong>qui,</strong></span> <span class='ocrx_word' id='word_1_57' title='bbox 438 658 584 681; x_wconf 88' lang='lat' dir='ltr'><strong>summa</strong></span> <span class='ocrx_word' id='word_1_58' title='bbox 620 644 882 680; x_wconf 78' lang='lat' dir='ltr'><strong>moderatione</strong></span> <span class='ocrx_word' id='word_1_59' title='bbox 923 657 967 679; x_wconf 85' lang='lat' dir='ltr'><strong>ac</strong></span> <span class='ocrx_word' id='word_1_60' title='bbox 1002 643 1159 679; x_wconf 87' lang='lat' dir='ltr'><strong>lenitate</strong></span> <span class='ocrx_word' id='word_1_61' title='bbox 1195 654 1262 692; x_wconf 90' lang='lat' dir='ltr'><strong>per</strong></span> 
     </span>
     <span class='ocr_line' id='line_1_9' title="bbox 142 707 1467 762; baseline -0.004 -16"><span class='ocrx_word' id='word_1_62' title='bbox 142 722 350 759; x_wconf 88' lang='lat' dir='ltr'><strong>paucorum</strong></span> <span class='ocrx_word' id='word_1_63' title='bbox 370 709 609 760; x_wconf 85' lang='lat' dir='ltr'><strong>supplicium,</strong></span> <span class='ocrx_word' id='word_1_64' title='bbox 631 721 726 757; x_wconf 89' lang='lat' dir='ltr'><strong>quos</strong></span> <span class='ocrx_word' id='word_1_65' title='bbox 756 709 909 744; x_wconf 84' lang='lat' dir='ltr'><strong>sibimet</strong></span> <span class='ocrx_word' id='word_1_66' title='bbox 937 709 1038 757; x_wconf 87' lang='lat' dir='ltr'><strong>ipsos</strong></span> <span class='ocrx_word' id='word_1_67' title='bbox 1069 707 1258 743; x_wconf 86' lang='lat' dir='ltr'><strong>conscisse</strong></span> <span class='ocrx_word' id='word_1_68' title='bbox 1273 711 1467 762; x_wconf 25' lang='lat' dir='ltr'><strong>Quaestionde</strong></span> 
     </span>
     <span class='ocr_line' id='line_1_10' title="bbox 141 755 1425 830; baseline -0.003 -20"><span class='ocrx_word' id='word_1_69' title='bbox 141 780 303 810; x_wconf 81' lang='lat' dir='ltr'><strong>mortem</strong></span> <span class='ocrx_word' id='word_1_70' title='bbox 333 776 424 810; x_wconf 82' lang='lat' dir='ltr'><strong>satis</strong></span> <span class='ocrx_word' id='word_1_71' title='bbox 455 775 640 810; x_wconf 84' lang='lat' dir='ltr'><strong>creditum</strong></span> <span class='ocrx_word' id='word_1_72' title='bbox 668 780 739 816; x_wconf 89' lang='lat' dir='ltr'><strong>est,</strong></span> <span class='ocrx_word' id='word_1_73' title='bbox 763 779 954 808; x_wconf 81' lang='lat' dir='ltr'><strong>transacta</strong></span> <span class='ocrx_word' id='word_1_74' title='bbox 983 785 1039 814; x_wconf 86' lang='lat' dir='ltr'><strong>re,</strong></span> <span class='ocrx_word' id='word_1_75' title='bbox 1056 772 1258 820; x_wconf 85' lang='lat' dir='ltr'><strong>nequivere</strong></span> <span class='ocrx_word' id='word_1_76' title='bbox 1269 755 1425 830; x_wconf 49' lang='lat' dir='ltr'><strong>ggztgmu</strong></span> 
     </span>
     <span class='ocr_line' id='line_1_11' title="bbox 141 835 1254 888; baseline -0.003 -13"><span class='ocrx_word' id='word_1_77' title='bbox 141 843 270 875; x_wconf 82' lang='lat' dir='ltr'><strong>tamen</strong></span> <span class='ocrx_word' id='word_1_78' title='bbox 296 840 490 888; x_wconf 74' lang='lat' dir='ltr'><strong>consequi,</strong></span> <span class='ocrx_word' id='word_1_79' title='bbox 512 846 554 874; x_wconf 91' lang='lat' dir='ltr'><strong>ut</strong></span> <span class='ocrx_word' id='word_1_80' title='bbox 582 851 659 874; x_wconf 90' lang='lat' dir='ltr'><strong>non</strong></span> <span class='ocrx_word' id='word_1_81' title='bbox 691 839 888 886; x_wconf 60' lang='lat' dir='ltr'><strong>aegerrime</strong></span> <span class='ocrx_word' id='word_1_82' title='bbox 913 837 949 873; x_wconf 91' lang='lat' dir='ltr'><strong>id</strong></span> <span class='ocrx_word' id='word_1_83' title='bbox 978 835 1083 886; x_wconf 85' lang='lat' dir='ltr'><strong>plebs</strong></span> <span class='ocrx_word' id='word_1_84' title='bbox 1112 836 1254 872; x_wconf 82' lang='lat' dir='ltr'><strong>ferret:</strong></span> 
     </span>
     <span class='ocr_line' id='line_1_12' title="bbox 131 901 1259 950; baseline -0.003 -11"><span class='ocrx_word' id='word_1_85' title='bbox 131 901 255 949; x_wconf 80' lang='lat' dir='ltr'><strong>jacere</strong></span> <span class='ocrx_word' id='word_1_86' title='bbox 274 905 412 940; x_wconf 73' lang='lat' dir='ltr'><strong>tamdiu</strong></span> <span class='ocrx_word' id='word_1_87' title='bbox 432 905 554 939; x_wconf 78' lang='lat' dir='ltr'><strong>irritas</strong></span> <span class='ocrx_word' id='word_1_88' title='bbox 571 904 782 945; x_wconf 71' lang='lat' dir='ltr'><strong>sanctiones,</strong></span> <span class='ocrx_word' id='word_1_89' title='bbox 804 915 881 950; x_wconf 79' lang='lat' dir='ltr'><strong>quae</strong></span> <span class='ocrx_word' id='word_1_90' title='bbox 900 903 944 937; x_wconf 84' lang='lat' dir='ltr'><strong>de</strong></span> <span class='ocrx_word' id='word_1_91' title='bbox 970 903 1040 937; x_wconf 69' lang='lat' dir='ltr'><strong>suis</strong></span> <span class='ocrx_word' id='word_1_92' title='bbox 1069 901 1259 938; x_wconf 61' lang='lat' dir='ltr'><strong>commodis</strong></span> 
     </span>
     <span class='ocr_line' id='line_1_13' title="bbox 129 965 1259 1016; baseline -0.003 -13"><span class='ocrx_word' id='word_1_93' title='bbox 129 965 346 1015; x_wconf 77' lang='lat' dir='ltr'><strong>ferrentur:</strong></span> <span class='ocrx_word' id='word_1_94' title='bbox 378 980 485 1016; x_wconf 76' lang='lat' dir='ltr'><strong>quum</strong></span> <span class='ocrx_word' id='word_1_95' title='bbox 515 969 658 1003; x_wconf 73' lang='lat' dir='ltr'><strong>interim</strong></span> <span class='ocrx_word' id='word_1_96' title='bbox 687 968 730 1002; x_wconf 74' lang='lat' dir='ltr'><strong>de</strong></span> <span class='ocrx_word' id='word_1_97' title='bbox 758 967 929 1013; x_wconf 64' lang='lat' dir='ltr'><strong>sunguine</strong></span> <span class='ocrx_word' id='word_1_98' title='bbox 955 970 990 1002; x_wconf 76' lang='lat' dir='ltr'><strong>et</strong></span> <span class='ocrx_word' id='word_1_99' title='bbox 1007 966 1179 1014; x_wconf 77' lang='lat' dir='ltr'><strong>supplicio</strong></span> <span class='ocrx_word' id='word_1_100' title='bbox 1196 977 1259 1000; x_wconf 82' lang='lat' dir='ltr'><strong>suo</strong></span> 
     </span>
     <span class='ocr_line' id='line_1_14' title="bbox 141 1029 1257 1080; baseline -0.001 -14"><span class='ocrx_word' id='word_1_101' title='bbox 141 1031 253 1066; x_wconf 70' lang='lat' dir='ltr'><strong>latam</strong></span> <span class='ocrx_word' id='word_1_102' title='bbox 273 1032 383 1078; x_wconf 80' lang='lat' dir='ltr'><strong>legem</strong></span> <span class='ocrx_word' id='word_1_103' title='bbox 403 1031 586 1080; x_wconf 65' lang='lat' dir='ltr'><strong>corffestim</strong></span> <span class='ocrx_word' id='word_1_104' title='bbox 604 1032 779 1072; x_wconf 49' lang='lat' dir='ltr'><strong>exerceri,</strong></span> <span class='ocrx_word' id='word_1_105' title='bbox 790 1035 825 1065; x_wconf 80' lang='lat' dir='ltr'><strong>et</strong></span> <span class='ocrx_word' id='word_1_106' title='bbox 854 1035 995 1066; x_wconf 78' lang='lat' dir='ltr'><em>tantam</em></span> <span class='ocrx_word' id='word_1_107' title='bbox 1021 1031 1092 1066; x_wconf 80' lang='lat' dir='ltr'><strong>vim</strong></span> <span class='ocrx_word' id='word_1_108' title='bbox 1121 1029 1257 1066; x_wconf 78' lang='lat' dir='ltr'><strong>habere.</strong></span> 
     </span>
     <span class='ocr_line' id='line_1_15' title="bbox 141 1093 1256 1145; baseline 0 -16"><span class='ocrx_word' id='word_1_109' title='bbox 141 1094 392 1144; x_wconf 88' lang='lat' dir='ltr'><strong>Aptissimum</strong></span> <span class='ocrx_word' id='word_1_110' title='bbox 429 1102 576 1145; x_wconf 88' lang='lat' dir='ltr'><strong>tempus</strong></span> <span class='ocrx_word' id='word_1_111' title='bbox 617 1102 714 1138; x_wconf 86' lang='lat' dir='ltr'><strong>erat,</strong></span> <span class='ocrx_word' id='word_1_112' title='bbox 748 1095 948 1130; x_wconf 88' lang='lat' dir='ltr'><strong>vindicatis</strong></span> <span class='ocrx_word' id='word_1_113' title='bbox 992 1093 1256 1136; x_wconf 81' lang='lat' dir='ltr'><strong>seditionibus,</strong></span> 
     </span>
     <span class='ocr_line' id='line_1_16' title="bbox 139 1157 1252 1208; baseline 0 -15"><span class='ocrx_word' id='word_1_114' title='bbox 139 1158 435 1195; x_wconf 83' lang='lat' dir='ltr'><strong>delenimentum</strong></span> <span class='ocrx_word' id='word_1_115' title='bbox 455 1160 592 1195; x_wconf 85' lang='lat' dir='ltr'><strong>animis</strong></span> <span class='ocrx_word' id='word_1_116' title='bbox 610 1159 749 1195; x_wconf 79' lang='lat' dir='ltr'><strong>Bolani</strong></span> <span class='ocrx_word' id='word_1_117' title='bbox 769 1160 849 1207; x_wconf 84' lang='lat' dir='ltr'><strong>agri</strong></span> <span class='ocrx_word' id='word_1_118' title='bbox 870 1159 1094 1195; x_wconf 86' lang='lat' dir='ltr'><strong>divisionem</strong></span> <span class='ocrx_word' id='word_1_119' title='bbox 1116 1157 1252 1208; x_wconf 78' lang='lat' dir='ltr'><strong>objici:</strong></span> 
     </span>
     <span class='ocr_line' id='line_1_17' title="bbox 139 1222 1255 1271; baseline 0 -13"><span class='ocrx_word' id='word_1_120' title='bbox 139 1235 215 1271; x_wconf 91' lang='lat' dir='ltr'><strong>quo</strong></span> <span class='ocrx_word' id='word_1_121' title='bbox 234 1222 338 1258; x_wconf 82' lang='lat' dir='ltr'><strong>facto</strong></span> <span class='ocrx_word' id='word_1_122' title='bbox 357 1225 582 1259; x_wconf 82' lang='lat' dir='ltr'><strong>minuissent</strong></span> <span class='ocrx_word' id='word_1_123' title='bbox 604 1223 830 1259; x_wconf 78' lang='lat' dir='ltr'><strong>desiderium</strong></span> <span class='ocrx_word' id='word_1_124' title='bbox 859 1224 1016 1271; x_wconf 84' lang='lat' dir='ltr'><strong>agrariae</strong></span> <span class='ocrx_word' id='word_1_125' title='bbox 1044 1222 1152 1271; x_wconf 87' lang='lat' dir='ltr'><strong>legis,</strong></span> <span class='ocrx_word' id='word_1_126' title='bbox 1174 1236 1255 1271; x_wconf 86' lang='lat' dir='ltr'><strong>quae</strong></span> 
     </span>
     <span class='ocr_line' id='line_1_18' title="bbox 139 1286 1258 1338; baseline 0.002 -16"><span class='ocrx_word' id='word_1_127' title='bbox 139 1299 315 1336; x_wconf 88' lang='lat' dir='ltr'><strong>possesso</strong></span> <span class='ocrx_word' id='word_1_128' title='bbox 335 1301 401 1338; x_wconf 76' lang='lat' dir='ltr'><strong>pei·</strong></span> <span class='ocrx_word' id='word_1_129' title='bbox 420 1287 598 1338; x_wconf 80' lang='lat' dir='ltr'><strong>injuriam</strong></span> <span class='ocrx_word' id='word_1_130' title='bbox 618 1301 710 1337; x_wconf 85' lang='lat' dir='ltr'><strong>agro</strong></span> <span class='ocrx_word' id='word_1_131' title='bbox 734 1287 888 1338; x_wconf 87' lang='lat' dir='ltr'><strong>publico</strong></span> <span class='ocrx_word' id='word_1_132' title='bbox 918 1287 1050 1323; x_wconf 86' lang='lat' dir='ltr'><strong>Patres</strong></span> <span class='ocrx_word' id='word_1_133' title='bbox 1079 1286 1258 1337; x_wconf 86' lang='lat' dir='ltr'><strong>pellebat.</strong></span> 
     </span>
     <span class='ocr_line' id='line_1_19' title="bbox 140 1352 1255 1403; baseline 0.001 -15"><span class='ocrx_word' id='word_1_134' title='bbox 140 1352 250 1388; x_wconf 91' lang='lat' dir='ltr'><strong>Tunc</strong></span> <span class='ocrx_word' id='word_1_135' title='bbox 279 1353 359 1389; x_wconf 84' lang='lat' dir='ltr'><strong>haec</strong></span> <span class='ocrx_word' id='word_1_136' title='bbox 388 1355 470 1403; x_wconf 82' lang='lat' dir='ltr'><strong>ipsa</strong></span> <span class='ocrx_word' id='word_1_137' title='bbox 498 1354 705 1402; x_wconf 79' lang='lat' dir='ltr'><strong>indignitas</strong></span> <span class='ocrx_word' id='word_1_138' title='bbox 735 1353 900 1402; x_wconf 81' lang='lat' dir='ltr'><strong>angebat</strong></span> <span class='ocrx_word' id='word_1_139' title='bbox 928 1353 1090 1396; x_wconf 85' lang='lat' dir='ltr'><strong>animos,</strong></span> <span class='ocrx_word' id='word_1_140' title='bbox 1111 1366 1190 1390; x_wconf 79' lang='lat' dir='ltr'><strong>non</strong></span> <span class='ocrx_word' id='word_1_141' title='bbox 1217 1354 1255 1389; x_wconf 89' lang='lat' dir='ltr'><strong>in</strong></span> 
     </span>
     <span class='ocr_line' id='line_1_20' title="bbox 138 1418 1254 1468; baseline 0.001 -15"><span class='ocrx_word' id='word_1_142' title='bbox 138 1418 343 1454; x_wconf 83' lang='lat' dir='ltr'><strong>retinendis</strong></span> <span class='ocrx_word' id='word_1_143' title='bbox 364 1418 478 1454; x_wconf 90' lang='lat' dir='ltr'><strong>modo</strong></span> <span class='ocrx_word' id='word_1_144' title='bbox 498 1418 657 1468; x_wconf 87' lang='lat' dir='ltr'><strong>publicis</strong></span> <span class='ocrx_word' id='word_1_145' title='bbox 679 1419 792 1467; x_wconf 86' lang='lat' dir='ltr'><strong>agris,</strong></span> <span class='ocrx_word' id='word_1_146' title='bbox 814 1431 908 1467; x_wconf 89' lang='lat' dir='ltr'><strong>quos</strong></span> <span class='ocrx_word' id='word_1_147' title='bbox 930 1418 965 1454; x_wconf 88' lang='lat' dir='ltr'><strong>vi</strong></span> <span class='ocrx_word' id='word_1_148' title='bbox 988 1424 1149 1461; x_wconf 86' lang='lat' dir='ltr'><strong>teneret,</strong></span> <span class='ocrx_word' id='word_1_149' title='bbox 1169 1430 1254 1466; x_wconf 88' lang='lat' dir='ltr'><strong>per-</strong></span> 
     </span>
     <span class='ocr_line' id='line_1_21' title="bbox 137 1482 1253 1532; baseline 0.001 -14"><span class='ocrx_word' id='word_1_150' title='bbox 137 1483 302 1518; x_wconf 86' lang='lat' dir='ltr'><strong>tinacem</strong></span> <span class='ocrx_word' id='word_1_151' title='bbox 330 1482 571 1519; x_wconf 81' lang='lat' dir='ltr'><strong>nobilitatem</strong></span> <span class='ocrx_word' id='word_1_152' title='bbox 601 1494 705 1528; x_wconf 69' lang='lat' dir='ltr'><strong>esse,</strong></span> <span class='ocrx_word' id='word_1_153' title='bbox 743 1482 807 1518; x_wconf 87' lang='lat' dir='ltr'><strong>sed</strong></span> <span class='ocrx_word' id='word_1_154' title='bbox 836 1495 885 1518; x_wconf 84' lang='lat' dir='ltr'><strong>ne</strong></span> <span class='ocrx_word' id='word_1_155' title='bbox 912 1495 1073 1518; x_wconf 85' lang='lat' dir='ltr'><strong>vacuum</strong></span> <span class='ocrx_word' id='word_1_156' title='bbox 1103 1483 1253 1532; x_wconf 91' lang='lat' dir='ltr'><strong>quidem</strong></span> 
     </span>
     <span class='ocr_line' id='line_1_22' title="bbox 136 1546 1255 1597; baseline 0.002 -15"><span class='ocrx_word' id='word_1_157' title='bbox 136 1558 283 1595; x_wconf 70' lang='lat' dir='ltr'><strong>agrum,</strong></span> <span class='ocrx_word' id='word_1_158' title='bbox 303 1559 424 1596; x_wconf 89' lang='lat' dir='ltr'><strong>nuper</strong></span> <span class='ocrx_word' id='word_1_159' title='bbox 452 1559 499 1583; x_wconf 83' lang='lat' dir='ltr'><strong>ex</strong></span> <span class='ocrx_word' id='word_1_160' title='bbox 526 1546 700 1582; x_wconf 85' lang='lat' dir='ltr'><strong>hostibus</strong></span> <span class='ocrx_word' id='word_1_161' title='bbox 730 1553 897 1596; x_wconf 86' lang='lat' dir='ltr'><strong>captum,</strong></span> <span class='ocrx_word' id='word_1_162' title='bbox 927 1546 1029 1597; x_wconf 87' lang='lat' dir='ltr'><strong>plebi</strong></span> <span class='ocrx_word' id='word_1_163' title='bbox 1058 1547 1222 1584; x_wconf 89' lang='lat' dir='ltr'><strong>dividere</strong></span> <span class='ocrx_word' id='word_1_164' title='bbox 1238 1561 1255 1594; x_wconf 65' lang='grc' dir='ltr'><em>ς</em></span> 
     </span>
     <span class='ocr_line' id='line_1_23' title="bbox 135 1610 1251 1661; baseline 0.002 -15"><span class='ocrx_word' id='word_1_165' title='bbox 135 1624 226 1648; x_wconf 82' lang='lat' dir='ltr'><strong>mox</strong></span> <span class='ocrx_word' id='word_1_166' title='bbox 242 1612 386 1661; x_wconf 81' lang='lat' dir='ltr'><strong>paucis,</strong></span> <span class='ocrx_word' id='word_1_167' title='bbox 403 1617 446 1647; x_wconf 89' lang='lat' dir='ltr'><strong>ut</strong></span> <span class='ocrx_word' id='word_1_168' title='bbox 460 1617 600 1653; x_wconf 82' lang='lat' dir='ltr'><strong>cetera,</strong></span> <span class='ocrx_word' id='word_1_169' title='bbox 616 1610 787 1647; x_wconf 85' lang='lat' dir='ltr'><strong>futurum</strong></span> <span class='ocrx_word' id='word_1_170' title='bbox 805 1612 954 1661; x_wconf 83' lang='lat' dir='ltr'><strong>praedae.</strong></span> <span class='ocrx_word' id='word_1_171' title='bbox 982 1612 1132 1649; x_wconf 89' lang='lat' dir='ltr'><strong>Eodem</strong></span> <span class='ocrx_word' id='word_1_172' title='bbox 1149 1625 1251 1649; x_wconf 83' lang='lat' dir='ltr'><strong>anno</strong></span> 
     </span>
     <span class='ocr_line' id='line_1_24' title="bbox 138 1674 1252 1725; baseline 0.003 -14"><span class='ocrx_word' id='word_1_173' title='bbox 138 1675 314 1711; x_wconf 77' lang='lat' dir='ltr'><strong>adversus</strong></span> <span class='ocrx_word' id='word_1_174' title='bbox 333 1675 509 1718; x_wconf 86' lang='lat' dir='ltr'><strong>Volscos,</strong></span> <span class='ocrx_word' id='word_1_175' title='bbox 529 1674 769 1725; x_wconf 84' lang='lat' dir='ltr'><strong>populantes</strong></span> <span class='ocrx_word' id='word_1_176' title='bbox 783 1675 1041 1713; x_wconf 82' lang='lat' dir='ltr'><strong>Hernicorum</strong></span> <span class='ocrx_word' id='word_1_177' title='bbox 1069 1677 1177 1720; x_wconf 89' lang='lat' dir='ltr'><strong>fines,</strong></span> <span class='ocrx_word' id='word_1_178' title='bbox 1197 1677 1252 1714; x_wconf 90' lang='lat' dir='ltr'><strong>le-</strong></span> 
     </span>
     <span class='ocr_line' id='line_1_25' title="bbox 137 1738 1253 1787; baseline 0.003 -13"><span class='ocrx_word' id='word_1_179' title='bbox 137 1739 270 1786; x_wconf 85' lang='lat' dir='ltr'><strong>giones</strong></span> <span class='ocrx_word' id='word_1_180' title='bbox 290 1738 413 1774; x_wconf 75' lang='lat' dir='ltr'><strong>ductae</strong></span> <span class='ocrx_word' id='word_1_181' title='bbox 431 1751 453 1774; x_wconf 88' lang='lat' dir='ltr'>a</span> <span class='ocrx_word' id='word_1_182' title='bbox 471 1738 588 1774; x_wconf 72' lang='lat' dir='ltr'><strong>Fusio</strong></span> <span class='ocrx_word' id='word_1_183' title='bbox 609 1738 777 1781; x_wconf 87' lang='lat' dir='ltr'><strong>consule,</strong></span> <span class='ocrx_word' id='word_1_184' title='bbox 799 1752 915 1787; x_wconf 86' lang='lat' dir='ltr'><strong>quum</strong></span> <span class='ocrx_word' id='word_1_185' title='bbox 934 1740 1083 1776; x_wconf 85' lang='lat' dir='ltr'><strong>hostem</strong></span> <span class='ocrx_word' id='word_1_186' title='bbox 1102 1740 1156 1776; x_wconf 83' lang='lat' dir='ltr'><strong>ibi</strong></span> <span class='ocrx_word' id='word_1_187' title='bbox 1174 1753 1253 1777; x_wconf 80' lang='lat' dir='ltr'><strong>non</strong></span> 
     </span>
     <span class='ocr_line' id='line_1_26' title="bbox 136 1800 1260 1850; baseline 0.002 -13"><span class='ocrx_word' id='word_1_188' title='bbox 136 1802 384 1844; x_wconf 86' lang='lat' dir='ltr'><strong>invenissent,</strong></span> <span class='ocrx_word' id='word_1_189' title='bbox 404 1800 662 1844; x_wconf 84' lang='lat' dir='ltr'><strong>Ferentinum,</strong></span> <span class='ocrx_word' id='word_1_190' title='bbox 682 1814 756 1850; x_wconf 91' lang='lat' dir='ltr'><strong>quo</strong></span> <span class='ocrx_word' id='word_1_191' title='bbox 776 1814 916 1850; x_wconf 85' lang='lat' dir='ltr'><strong>magna</strong></span> <span class='ocrx_word' id='word_1_192' title='bbox 934 1802 1140 1839; x_wconf 87' lang='lat' dir='ltr'><strong>multitudo</strong></span> <span class='ocrx_word' id='word_1_193' title='bbox 1158 1803 1260 1843; x_wconf 47' lang='lat' dir='ltr'><strong>Vols,</strong></span> 
     </span>
     <span class='ocr_line' id='line_1_27' title="bbox 135 1865 1259 1916; baseline 0.004 -15"><span class='ocrx_word' id='word_1_194' title='bbox 135 1878 285 1902; x_wconf 89' lang='lat' dir='ltr'><strong>scorum</strong></span> <span class='ocrx_word' id='word_1_195' title='bbox 304 1878 343 1902; x_wconf 90' lang='lat' dir='ltr'><strong>se</strong></span> <span class='ocrx_word' id='word_1_196' title='bbox 364 1865 590 1908; x_wconf 80' lang='lat' dir='ltr'><strong>contulerat,</strong></span> <span class='ocrx_word' id='word_1_197' title='bbox 611 1878 753 1915; x_wconf 89' lang='lat' dir='ltr'><strong>cepere.</strong></span> <span class='ocrx_word' id='word_1_198' title='bbox 809 1865 940 1902; x_wconf 58' lang='lat' dir='ltr'><strong>hfinus</strong></span> <span class='ocrx_word' id='word_1_199' title='bbox 969 1867 1119 1916; x_wconf 83' lang='lat' dir='ltr'><strong>praedae,</strong></span> <span class='ocrx_word' id='word_1_200' title='bbox 1139 1881 1259 1916; x_wconf 87' lang='lat' dir='ltr'><strong>quam·</strong></span> 
     </span>
     <span class='ocr_line' id='line_1_28' title="bbox 137 1929 1251 1982; baseline 0.002 -16"><span class='ocrx_word' id='word_1_201' title='bbox 137 1936 393 1980; x_wconf 81' lang='lat' dir='ltr'><strong>speraverant,</strong></span> <span class='ocrx_word' id='word_1_202' title='bbox 420 1930 492 1966; x_wconf 86' lang='lat' dir='ltr'><strong>fuit</strong></span> <span class='ocrx_word' id='word_1_203' title='bbox 511 1945 528 1966; x_wconf 71' lang='grc' dir='ltr'><strong>ς·</strong></span> <span class='ocrx_word' id='word_1_204' title='bbox 551 1930 652 1979; x_wconf 86' lang='lat' dir='ltr'><strong>quod</strong></span> <span class='ocrx_word' id='word_1_205' title='bbox 672 1929 815 1973; x_wconf 82' lang='lat' dir='ltr'><strong>Volsci,</strong></span> <span class='ocrx_word' id='word_1_206' title='bbox 845 1937 1048 1981; x_wconf 87' lang='lat' dir='ltr'><strong>postquam</strong></span> <span class='ocrx_word' id='word_1_207' title='bbox 1077 1944 1160 1982; x_wconf 90' lang='lat' dir='ltr'><strong>spes</strong></span> <span class='ocrx_word' id='word_1_208' title='bbox 1191 1939 1251 1968; x_wconf 91' lang='lat' dir='ltr'><strong>tu-</strong></span> 
     </span>
     <span class='ocr_line' id='line_1_29' title="bbox 136 1993 1250 2045; baseline 0.001 -14"><span class='ocrx_word' id='word_1_209' title='bbox 136 1994 223 2031; x_wconf 84' lang='lat' dir='ltr'><strong>endi</strong></span> <span class='ocrx_word' id='word_1_210' title='bbox 243 1994 380 2042; x_wconf 83' lang='lat' dir='ltr'><strong>exigua</strong></span> <span class='ocrx_word' id='word_1_211' title='bbox 400 2000 496 2037; x_wconf 88' lang='lat' dir='ltr'><strong>erat,</strong></span> <span class='ocrx_word' id='word_1_212' title='bbox 515 1993 673 2030; x_wconf 79' lang='lat' dir='ltr'><strong>sublatis</strong></span> <span class='ocrx_word' id='word_1_213' title='bbox 692 1993 819 2036; x_wconf 88' lang='lat' dir='ltr'><strong>rebus,</strong></span> <span class='ocrx_word' id='word_1_214' title='bbox 839 2000 954 2030; x_wconf 91' lang='lat' dir='ltr'><strong>nocte</strong></span> <span class='ocrx_word' id='word_1_215' title='bbox 982 1995 1164 2045; x_wconf 86' lang='lat' dir='ltr'><strong>oppidum</strong></span> <span class='ocrx_word' id='word_1_216' title='bbox 1191 2009 1250 2032; x_wconf 92' lang='lat' dir='ltr'><strong>re-</strong></span> 
     </span>
     <span class='ocr_line' id='line_1_30' title="bbox 135 2057 1257 2110; baseline 0.005 -17"><span class='ocrx_word' id='word_1_217' title='bbox 135 2057 348 2106; x_wconf 82' lang='lat' dir='ltr'><strong>liquerunt:</strong></span> <span class='ocrx_word' id='word_1_218' title='bbox 371 2064 525 2108; x_wconf 86' lang='lat' dir='ltr'><strong>postero</strong></span> <span class='ocrx_word' id='word_1_219' title='bbox 545 2059 604 2094; x_wconf 86' lang='lat' dir='ltr'><strong>die</strong></span> <span class='ocrx_word' id='word_1_220' title='bbox 624 2058 946 2108; x_wconf 76' lang='lat' dir='ltr'><strong>propedesertum</strong></span> <span class='ocrx_word' id='word_1_221' title='bbox 961 2060 1119 2110; x_wconf 83' lang='lat' dir='ltr'><strong>capitur.</strong></span> <span class='ocrx_word' id='word_1_222' title='bbox 1149 2060 1257 2098; x_wconf 48' lang='lat' dir='ltr'><strong>Her-2</strong></span> 
     </span>
     <span class='ocr_line' id='line_1_31' title="bbox 137 2110 1037 2171; baseline 0.002 -15"><span class='ocrx_word' id='word_1_223' title='bbox 137 2121 231 2157; x_wconf 86' lang='lat' dir='ltr'><strong>nicis</strong></span> <span class='ocrx_word' id='word_1_224' title='bbox 250 2122 330 2171; x_wconf 85' lang='lat' dir='ltr'><strong>ipse</strong></span> <span class='ocrx_word' id='word_1_225' title='bbox 349 2134 440 2170; x_wconf 85' lang='lat' dir='ltr'><strong>ager</strong></span> <span class='ocrx_word' id='word_1_226' title='bbox 458 2122 564 2158; x_wconf 83' lang='lat' dir='ltr'><strong>dono</strong></span> <span class='ocrx_word' id='word_1_227' title='bbox 579 2122 702 2158; x_wconf 73' lang='lat' dir='ltr'><strong>datus,</strong></span> <span class='ocrx_word' id='word_1_228' title='bbox 1033 2110 1037 2112; x_wconf 14' lang='lat' dir='ltr'><strong>i</strong></span> 
     </span>
     <span class='ocr_line' id='line_1_32' title="bbox 129 2183 1448 2236; baseline 0.008 -18"><span class='ocrx_word' id='word_1_229' title='bbox 129 2211 132 2214; x_wconf 16' lang='grc' dir='ltr'><em>Δ</em></span> <span class='ocrx_word' id='word_1_230' title='bbox 188 2183 278 2219; x_wconf 83' lang='lat' dir='ltr'>LII.</span> <span class='ocrx_word' id='word_1_231' title='bbox 307 2186 463 2221; x_wconf 76' lang='lat' dir='ltr'><strong>Annum</strong></span> <span class='ocrx_word' id='word_1_232' title='bbox 489 2185 678 2222; x_wconf 60' lang='lat' dir='ltr'><strong>modestia&gt;</strong></span> <span class='ocrx_word' id='word_1_233' title='bbox 693 2185 939 2222; x_wconf 54' lang='lat' dir='ltr'><strong>tribunorum&gt;</strong></span> <span class='ocrx_word' id='word_1_234' title='bbox 952 2188 1121 2236; x_wconf 79' lang='lat' dir='ltr'><strong>quietum</strong></span> <span class='ocrx_word' id='word_1_235' title='bbox 1140 2202 1249 2226; x_wconf 63' lang='lat' dir='ltr'><strong>exce-</strong></span> <span class='ocrx_word' id='word_1_236' title='bbox 1263 2198 1304 2229; x_wconf 87' lang='lat' dir='ltr'><strong>U.</strong></span> <span class='ocrx_word' id='word_1_237' title='bbox 1322 2198 1358 2230; x_wconf 89' lang='lat' dir='ltr'><strong>C.</strong></span> <span class='ocrx_word' id='word_1_238' title='bbox 1375 2205 1448 2232; x_wconf 78' lang='lat'><strong>³43.</strong></span> 
     </span>
     <span class='ocr_line' id='line_1_33' title="bbox 136 2239 1443 2298; baseline 0.007 -16"><span class='ocrx_word' id='word_1_239' title='bbox 136 2248 192 2296; x_wconf 88' lang='lat' dir='ltr'><strong>pit</strong></span> <span class='ocrx_word' id='word_1_240' title='bbox 222 2239 546 2298; x_wconf 62' lang='lat' dir='ltr'><strong>tribunusplebis</strong></span> <span class='ocrx_word' id='word_1_241' title='bbox 576 2249 622 2286; x_wconf 88' lang='lat' dir='ltr'><strong>L.</strong></span> <span class='ocrx_word' id='word_1_242' title='bbox 648 2249 793 2293; x_wconf 76' lang='lat' dir='ltr'><strong>Icilius,</strong></span> <span class='ocrx_word' id='word_1_243' title='bbox 823 2251 872 2290; x_wconf 85' lang='lat' dir='ltr'><strong>Q.</strong></span> <span class='ocrx_word' id='word_1_244' title='bbox 892 2251 1014 2288; x_wconf 84' lang='lat' dir='ltr'><strong>Fabio</strong></span> <span class='ocrx_word' id='word_1_245' title='bbox 1042 2243 1300 2298; x_wconf 56' lang='lat' dir='ltr'><strong>AmbustQA·</strong></span> <span class='ocrx_word' id='word_1_246' title='bbox 1317 2243 1354 2274; x_wconf 81' lang='lat' dir='ltr'><strong>C·</strong></span> <span class='ocrx_word' id='word_1_247' title='bbox 1370 2251 1443 2276; x_wconf 78' lang='lat'>4⁰9·</span> 
     </span>
     <span class='ocr_line' id='line_1_34' title="bbox 138 2309 1248 2368; baseline 0.009 -22"><span class='ocrx_word' id='word_1_248' title='bbox 138 2310 180 2347; x_wconf 79' lang='lat' dir='ltr'><strong>C.</strong></span> <span class='ocrx_word' id='word_1_249' title='bbox 199 2309 315 2347; x_wconf 79' lang='lat' dir='ltr'><strong>Furio</strong></span> <span class='ocrx_word' id='word_1_250' title='bbox 333 2310 469 2352; x_wconf 59' lang='lat' dir='ltr'><strong>Panna</strong></span> <span class='ocrx_word' id='word_1_251' title='bbox 483 2312 718 2357; x_wconf 62' lang='lat' dir='ltr'><strong>consulibus,</strong></span> <span class='ocrx_word' id='word_1_252' title='bbox 771 2313 809 2351; x_wconf 84' lang='lat' dir='ltr'><strong>Is</strong></span> <span class='ocrx_word' id='word_1_253' title='bbox 830 2328 944 2365; x_wconf 88' lang='lat' dir='ltr'><strong>quum</strong></span> <span class='ocrx_word' id='word_1_254' title='bbox 963 2316 1152 2368; x_wconf 83' lang='lat' dir='ltr'><strong>principio</strong></span> <span class='ocrx_word' id='word_1_255' title='bbox 1172 2325 1248 2356; x_wconf 69' lang='lat' dir='ltr'><strong>stav-</strong></span> 
     </span>
    </p>

    <p class='ocr_par' dir='ltr' id='par_1_3' title="bbox 657 2377 740 2415">
     <span class='ocr_line' id='line_1_35' title="bbox 657 2377 740 2415; baseline 0.024 -2"><span class='ocrx_word' id='word_1_256' title='bbox 657 2377 689 2413; x_wconf 74' lang='lat' dir='ltr'>P</span> <span class='ocrx_word' id='word_1_257' title='bbox 710 2377 740 2415; x_wconf 79' lang='grc'><strong>6.-</strong></span> 
     </span>
    </p>
   </div>
  </div>
 </body>
</html>
