1573 2598
398 187 551 217 LIBER
576 185 633 215 11.
667 183 773 214 ΘΑΓ.
795 183 879 213 XX.
1138 179 1213 210 111

101 276 335 314 venientium
362 275 480 312 hastis
501 273 589 317 fuit,
609 278 652 309 ut
671 271 870 308 brachium
890 269 1054 307 AEbutio
1078 269 1216 320 trajec-
1231 275 1273 305 U.
1291 273 1326 304 C.
1347 274 1421 303 25⁵³

103 347 184 378 tum
205 342 266 384 sit,
287 339 463 376 Mamilio
488 343 617 388 pectus
643 347 873 387 percussum.
932 334 1048 370 Hunc
1069 334 1219 383 quidem
1231 319 1273 349 A·
1288 317 1324 347 C·
1342 320 1420 349 ‘¹⁹⁷‘

104 405 144 443 in
165 405 367 442 secundam
386 404 504 440 aciem
519 402 650 438 Latini
669 413 855 450 recepere.
887 398 1083 442 AEbutius‚
1105 411 1221 447 quum

107 471 236 506 saucio
255 469 411 506 brachio
431 474 559 503 tenere
585 465 703 502 telum
728 477 806 500 non
837 470 979 514 posset,
1007 475 1137 513 pugna
1156 475 1221 499 ex·

107 534 231 570 cessit.
287 532 447 568 Latinus
477 531 566 573 dux,
590 529 685 565 nihil
708 529 907 564 deterritus
928 527 1095 570 vulnere,
1120 538 1222 576 proe-

107 597 200 634 lium
228 598 328 641 ciet3
361 601 411 638 et,
436 595 525 644 quia
547 606 634 630 suos
660 593 852 643 perculsos
873 592 1039 635 videbat,
1069 591 1225 628 arcessit

109 661 306 697 cohortem
343 658 515 694 exsulum
543 657 823 699 Romanorum,
863 657 921 692 cui
950 656 997 692 L.
1027 655 1226 705 Tarquinii

109 724 206 762 filius
235 729 417 774 praeerat:
451 735 508 765 ea,
540 722 640 771 quod
677 721 820 771 majore
853 721 1052 770 pugnabat
1088 721 1144 756 ira
1177 719 1226 755 ob

111 796 240 839 erepta
260 788 364 824 bona
389 788 625 838 patriamque
654 786 856 828 ademtam,
878 798 1046 835 pugnam
1075 797 1228 836 parum-

110 866 178 904 per
196 852 373 888 restituit.

166 914 261 952 XX.
294 913 563 951 Referentibus
586 912 668 963 jam
697 912 831 962 pedem
861 912 908 949 ab
939 925 981 948 ea
1010 918 1117 962 parte
1144 910 1231 948 Ro-

115 981 251 1023 manis,
280 979 338 1016 M.
367 979 555 1021 Valerius,
585 977 793 1014 Publicolae
827 977 955 1020 frater,
988 978 1230 1027 conspicatus

115 1046 282 1084 ferocem
311 1044 492 1095 juvenem
519 1044 783 1093 Tarquinium,
821 1050 1078 1079 ostentantem
1115 1056 1155 1079 se
1191 1045 1231 1080 in

116 1111 239 1161 prima
266 1109 436 1146 exsulum
462 1109 555 1151 acie,
578 1109 785 1144 domestica
804 1109 920 1144 etiam
949 1107 1071 1155 gloria
1096 1121 1231 1144 accen-

117 1186 193 1216 sus,
213 1180 270 1217 ut,
288 1172 393 1222 cujus
413 1172 566 1208 familiae
587 1172 698 1208 decus
725 1171 837 1221 ejecti
859 1184 966 1220 reges
988 1178 1108 1214 erant,
1131 1171 1232 1222 ejus-

119 1238 204 1274 dem
233 1237 423 1273 interfecti
449 1236 588 1278 forent,
611 1236 739 1272 subdit
764 1236 925 1272 calcaria
948 1248 1060 1285 equo,
1082 1242 1119 1272 et
1138 1236 1236 1272 Tar-

119 1303 290 1352 quinium
318 1300 457 1337 infesto
487 1299 634 1350 spiculo
657 1300 764 1350 petit.
822 1299 1051 1348 Tarquinius
1073 1307 1176 1336 retro
1195 1301 1237 1336 in

123 1379 256 1416 agmen
287 1377 441 1401 suorum
470 1363 618 1400 infenso
639 1364 751 1400 cessit
779 1364 893 1399 hosti.
952 1363 1158 1408 Valerium,
1178 1371 1236 1400 te-

122 1443 223 1468 mere
243 1431 432 1466 invectum
451 1429 490 1465 in
510 1427 683 1465 exsulum
701 1429 834 1471 aciem,
853 1441 899 1464 ex
918 1435 1133 1466 transverso
1153 1430 1239 1478 qui-

124 1496 210 1532 dam
239 1495 394 1531 adortus
421 1493 637 1542 transfigit:
669 1506 738 1529 nec
767 1493 972 1542 quidquam
1000 1495 1138 1543 equitis
1156 1494 1240 1530 vul-

124 1572 213 1597 nere
242 1572 340 1608 equo
369 1559 575 1601 retardato,
599 1558 847 1594 moribundus
874 1557 1088 1602 Romanus,
1109 1558 1241 1595 laben-

123 1625 225 1661 tibus
246 1636 357 1674 super
376 1636 511 1673 corpus
535 1623 663 1665 armis,
683 1623 731 1658 ad
757 1630 898 1659 terram
923 1623 1092 1660 defluxit.
1147 1616 1250 1660 Dic-v

129 1695 230 1725 tator
259 1688 491 1730 Postumius,
522 1693 723 1737 postquam
754 1687 932 1722 cecidisse
961 1687 1076 1723 talem
1105 1688 1242 1731 virum,

130 1752 276 1789 exsules
295 1751 473 1788 ferociter
493 1752 610 1786 citato
637 1751 787 1798 agmine
816 1750 957 1793 invehi,
978 1763 1065 1786 suos
1095 1751 1245 1801 percu]-

131 1829 192 1854 sos
213 1816 344 1853 cedere
370 1815 661 1860 animadvertit3
694 1814 844 1850 cohorti
869 1826 960 1858 suae,
980 1827 1091 1864 quam
1122 1815 1245 1852 delec-

130 1889 210 1918 tam
237 1892 392 1916 manum
421 1879 584 1929 praesidii
614 1890 746 1914 caussa
775 1878 874 1914 circa
904 1891 943 1914 se
971 1879 1152 1923 habebat,
1183 1880 1249 1916 dat

132 1947 296 1995 signum,
327 1950 382 1986 ut,
414 1956 524 1992 quem
554 1955 709 1978 suorum
736 1942 947 1990 fugientem
973 1943 1149 1987 viderint,
1180 1957 1252 1994 pro

131 2012 243 2048 hoste
270 2008 463 2045 habeant:
495 2008 550 2043 ita
574 2013 678 2043 metu
705 2007 863 2056 ancipiti
881 2007 978 2042 versi
1007 2021 1029 2043 a
1056 2007 1148 2057 fuga
1166 2008 1250 2045 Ro-

134 2075 237 2113 mani
265 2076 305 2110 in
332 2073 497 2115 hostem,
518 2078 556 2108 et
584 2071 760 2107 restituta
781 2071 892 2109 acies.
951 2071 1100 2108 Cohors
1130 2072 1254 2110 dicta-

136 2140 231 2177 toris
257 2144 340 2173 tum
367 2137 530 2187 primum
559 2134 735 2185 proelium
761 2135 872 2170 iniit:
903 2135 1060 2184 integris
1081 2138 1255 2187 corpori-

136 2204 208 2241 bus
244 2202 454 2250 animisque
485 2200 604 2236 fessos
639 2200 762 2236 adorti
795 2199 941 2236 exsules
975 2200 1135 2237 caedunt.
1192 2200 1255 2238 Ibi

140 2267 214 2306 alia
229 2267 336 2302 inter
361 2277 534 2316 proceres
555 2270 689 2300 coorta
714 2276 854 2314 pugna.
912 2263 1125 2314 Imperator
1143 2264 1253 2301 Lati-

138 2346 225 2378 nus,
263 2331 328 2370 ubi
365 2330 560 2368 cohortem
594 2328 766 2367 exsulum
802 2342 825 2366 a
858 2328 1044 2367 dictatore
1072 2327 1255 2367 Romano
