1573 2598
392 174 546 203 LIBER
571 174 666 202 vu.
698 173 804 202 CAP.
828 173 922 202 vn.
1130 171 1215 217 479

100 261 193 299 tulit
221 273 343 305 casuS,
374 268 416 298 ut
445 262 652 305 Genucius,
681 263 727 299 ad
756 263 884 298 hostes
914 275 1054 312 magno
1074 270 1215 300 conatu
1227 267 1317 299 U.C.
1334 272 1409 301 393.

101 325 310 376 profectUS,
341 326 380 362 in
408 327 562 363 insidias
589 327 844 377 praecipitaret
859 343 869 371 3
901 325 1115 375 legionibus
1145 312 1408 364 necA·C⁸³⁵⁹'

102 391 260 439 opinato
289 403 429 440 pavore
457 390 566 434 fusis,
601 390 735 427 consul
764 391 1042 427 circumventus
1073 389 1121 427 ab
1155 392 1214 428 in-

101 454 203 496 sciis,
233 466 344 502 quem
375 455 668 497 interfecissent,
697 455 945 492 occideretur.
1001 455 1115 494 Quod
1147 454 1214 491 ubi

99 523 158 552 est
176 516 342 553 Romam
362 519 599 561 nunciatum,
623 530 863 567 nequaquam
888 524 1037 554 tantum
1060 516 1214 568 publica

99 578 318 618 calamitate
347 582 474 617 moesti
502 581 651 625 Patres,
682 588 866 630 quantum
894 580 1039 617 feroces
1069 581 1213 618 infelici

99 643 265 680 consulis
282 643 420 694 plebeii
436 644 566 688 ductu,
583 645 751 681 fremunt
766 644 942 680 omnibus
957 645 1050 681 locis
1064 659 1071 680 :
1095 646 1210 689 Irent,

97 712 258 743 crearent
286 710 442 744 consu-les
466 721 508 745 ex
533 710 649 758 plebe,
683 709 919 758 transferrent
943 711 1117 757 auspicia,
1143 721 1212 758 quo

95 770 198 819 nefas
215 776 313 807 esset.
370 772 535 808 Potuisse
554 774 683 809 Patres
707 773 891 821 plebiscito
916 773 1006 820 pelli
1025 773 1212 809 honoribus

91 837 192 872 suis:
218 849 305 873 uum
328 838 439 874 etiam
464 839 502 874 in
528 839 629 875 Deos
650 838 857 875 inmortales
875 839 1139 886 inauspicatam
1159 839 1210 874 le-

94 911 175 946 gem
191 900 373 937 valuisse?
406 900 437 937 V
437 902 609 937 indicasse
634 903 727 949 ipsos
751 914 855 937 suum
880 913 1022 944 numen,
1041 913 1108 937 sua
1126 913 1208 937 aus-

90 964 191 1011 picia
206 979 218 999 :
246 975 324 1011 quae
338 968 379 999 ut
402 952 562 1012 primuni
581 970 747 1000 contacta
767 966 840 1000 sint
864 964 908 1000 ab
933 976 987 1006 eo,
1010 977 1033 1000 a
1052 977 1120 1012 quo
1145 976 1210 1000 nec

0 1015 2 1095 j
86 1024 150 1072 jus
167 1038 231 1063 nec
247 1026 316 1075 fas
332 1026 468 1075 fuerit,
489 1029 645 1064 deletum
674 1040 753 1064 cum
777 1029 865 1064 duce
888 1030 1078 1064 exercitum
1098 1029 1206 1064 docu-

92 1096 211 1127 mento
219 1091 350 1139 fuisse,
371 1103 414 1128 ne
432 1093 570 1135 deinde,
595 1093 737 1129 turbato
763 1094 925 1140 gentium
943 1091 1042 1138 jure,
1063 1094 1208 1129 comitia

92 1154 315 1192 haberentur.
371 1155 444 1192 His
474 1156 630 1192 vocibus
660 1157 765 1192 curia
793 1162 831 1192 et
858 1156 985 1192 forum
1013 1163 1206 1206 personat.

93 1218 168 1268 Ap.
190 1217 404 1261 Claudium,
426 1220 515 1268 quia
533 1219 763 1256 dissuaserat
780 1219 918 1269 legem,
939 1218 1085 1269 majore
1103 1232 1204 1255 nunc
1214 1224 1338 1264 Appius

92 1282 320 1318 auctoritate
345 1281 525 1318 'eventum
552 1283 770 1333 reprehensi
790 1282 837 1319 ab
869 1295 908 1318 se
928 1282 1076 1319 consilii
1096 1283 1203 1318 incu-
1215 1267 1370 1342 ἓίἓὲῗὲῒς

88 1352 251 1389 sautem,
278 1346 503 1391 dictatorem
532 1359 719 1384 consensu
746 1348 993 1398 patriciorum
1023 1347 1201 1384 Servilius
1350 1332 1359 1342 ⁶

85 1408 222 1445 consul
242 1409 334 1446 dicit
351 1425 358 1445 :
391 1409 632 1459 delectusque
651 1417 689 1446 et
701 1410 896 1461 justitium
915 1410 1112 1448 indictum.

143 1472 235 1510 VII.
278 1472 500 1523 Priusquam
535 1475 699 1511 dictator
734 1475 980 1524 legionesque
1017 1487 1124 1511 novae
1161 1475 1202 1511 in

90 1536 280 1574 Hernicos
309 1538 496 1581 venirent,
526 1539 640 1575 ductu
670 1539 713 1575 C.
735 1539 892 1589 Sulpicii
918 1539 1034 1587 legati
1056 1551 1114 1575 res
1134 1552 1202 1589 per
1235 1546 1242 1551 s

89 1601 329 1638 occasionem
347 1609 456 1651 gesta
472 1603 622 1652 egregie
642 1610 711 1640 est.
768 1603 814 1639 In
845 1603 1050 1646 Hernicos,
1076 1609 1200 1640 morte

89 1665 254 1702 consulis
288 1667 512 1703 contemtim
542 1667 588 1703 ad
618 1674 742 1703 castra
770 1666 950 1703 Romana
983 1678 1070 1702 cum
1099 1667 1201 1703 haud

86 1729 205 1766 dubia
223 1730 464 1780 expugnandi
483 1743 548 1781 spe
568 1731 826 1775 succedentes,
850 1731 1029 1767 hortante
1055 1729 1198 1779 legate,

86 1801 127 1832 et
159 1794 279 1845 plenis
317 1795 382 1831 irae
419 1801 533 1844 atque
569 1796 808 1845 indignitatis
849 1795 1012 1832 militum
1048 1797 1198 1840 animis,

87 1859 238 1908 eruptio
263 1864 320 1894 est
342 1858 455 1895 facta.
512 1858 680 1895 Multum
704 1859 750 1896 ab
772 1872 836 1909 spe
856 1859 1016 1895 adeundi
1033 1858 1121 1894 valli
1139 1871 1198 1895 res

88 1924 267 1961 Hernicis
288 1923 407 1969 afuit3
431 1924 526 1961 adeo
545 1924 707 1961 turbatis
728 1925 815 1960 inde
831 1924 1026 1960 ordinibus
1047 1923 1200 1961 absces-

86 2001 180 2027 sere.
236 1987 447 2024 Dictatoris
468 1988 601 2025 deinde
628 1989 792 2025 adventu
813 2000 931 2024 novus
952 1987 1070 2023 veteri
1090 2000 1198 2024 exer-

88 2053 184 2088 citus
207 2050 399 2102 jungitur,
426 2058 464 2088 et
495 2053 612 2102 copiae
641 2052 903 2102 duplicantur:
940 2057 979 2087 et
1006 2064 1075 2101 pro
1105 2064 1197 2087 con-

87 2116 196 2155 cione
216 2116 385 2153 dictator
414 2115 587 2152 laudibus
615 2115 731 2165 legati
757 2116 1009 2164 militumque,
1036 2127 1197 2164 quorum

87 2180 369 2217 vi-rtutecastra
387 2179 543 2217 defensa
563 2186 684 2223 erant,
715 2179 827 2215 simul
855 2178 1095 2215 audientibus
1115 2178 1197 2214 lau-

87 2243 150 2279 des
178 2243 346 2287 meritas,
376 2243 479 2279 tollit
507 2244 655 2279 animos
669 2259 679 2289 3
713 2241 825 2278 simul
847 2248 992 2278 ceteros
1013 2241 1060 2277 ad
1080 2254 1194 2277 semu·-

84 2306 214 2344 landas
233 2307 389 2344 virtutes
410 2307 523 2344 acuit.
570 2307 706 2356 Neque
728 2307 879 2355 segnius
900 2305 947 2343 ad
965 2305 1093 2342 hostes
1113 2305 1194 2342 bel-
