1573 2598
396 177 550 205 LIBER
576 176 647 204 lv.
677 175 788 204 CAP.
814 176 893 204 Lx.
1120 177 1202 220 333

79 267 180 302 mitis
208 265 273 302 diu
299 264 418 301 caedes
448 264 590 314 pariter
619 262 848 311 fuglentium
873 276 917 299 ac
947 264 1203 301 resistentium
1217 264 1259 295 U·
1277 264 1313 295 C·
1331 269 1405 297 3⁴9-

80 335 313 369 armatorum
339 337 453 378 atque
481 329 683 365 inermium
711 327 796 364 fnit.
855 328 1104 377 Cogebantur
1132 330 1204 366 ita·
1218 309 1254 339 A‘
1272 308 1310 338 ε’
1328 314 1401 338 ⁴⁰3'

80 407 153 443 que
179 395 282 437 victi,
310 394 399 442 quia
424 392 644 428 cedentibus
675 392 755 441 spei
785 391 882 428 nihil
912 400 1006 435 erat,
1037 405 1206 442 pugnam

81 460 202 495 inire:
234 471 350 508 quum
378 457 673 507 pronunciatum
700 464 871 505 repente,
892 470 940 493 ne
957 458 1041 506 quis
1070 464 1208 507 praeter

83 529 249 559 armatos
276 521 495 564 violaretur,
526 520 710 569 reliquam
743 533 895 557 onmem
924 521 1208 558 multitudinem

81 586 335 623 voluntariam
363 586 468 621 exuit
497 585 633 621 armis:
666 597 829 634 quorum
846 586 896 621 =ad
925 586 1001 622 duo
1029 586 1149 623 millia
1168 594 1208 624 et

83 651 282 700 quingenti
313 651 388 686 vivi
425 650 653 699 capiuntur:
686 663 708 685 a
743 656 869 686 cetem
903 651 1031 700 praeda
1065 651 1206 688 Fabius

82 715 242 751 militem
270 714 469 757 abstinuit,
500 714 622 750 donec
651 713 807 762 collegae
828 715 1023 751 venirent:
1055 715 1104 752 ab
1133 715 1206 752 iuis

83 792 234 829 quoque
253 778 654 828 exercitibus-captum
670 779 806 814 Anxur
826 778 1004 815 dictitans
1026 792 1122 823 esse,
1144 781 1209 830 qui

82 850 228 880 ceteros
266 843 427 879 Volscos
465 856 488 879 a
522 843 699 893 praesidio
737 842 817 893 ejus
858 842 934 880 loci
970 845 1209 882 avertissent.

85 908 163 947 Qui
192 908 257 944 ubi
285 914 484 951 venerunt,
514 907 696 957 oppidum
715 913 841 943 vetere
867 907 1021 944 fortuna
1049 908 1210 958 opulen-

82 979 166 1009 tum
184 979 260 1008 tres
281 973 466 1009 exercitus
487 972 676 1022 diripuere
695 986 701 1007 :
736 984 853 1020 eaque
883 973 1047 1022 primum
1076 973 1211 1023 benig-

86 1038 187 1074 nitas
234 1038 507 1087 imperatorum
556 1035 706 1086 plebem
755 1036 932 1072 Patribus
981 1037 1210 1075 conciliavit.

88 1102 271 1138 Additum
296 1102 430 1138 deinde
459 1102 630 1137 omnium
659 1101 822 1137 maxime
850 1102 1076 1151 tempestivo
1104 1103 1208 1153 prin·
1221 1107 1397 1156 Decretum

85 1167 211 1216 cipum
232 1167 271 1202 in
290 1165 572 1202 multitudinem
598 1177 766 1208 munere,
788 1172 831 1201 ut
852 1173 947 1201 ante
975 1165 1208 1203 mentionem
1218 1150 1426 1234 Smnssgggffim

86 1230 202 1267 ullam
231 1230 351 1281 plebis
384 1230 672 1266 tribunorumve
709 1229 927 1266 decerneret
964 1237 1131 1275 senatus,
1164 1238 1208 1267 ut

86 1295 316 1344 stipendium
334 1293 441 1330 miles
462 1293 507 1329 de
527 1292 681 1343 publico
701 1293 902 1343 acciperet,
922 1307 1038 1342 quum
1057 1301 1146 1330 ante
1172 1294 1211 1331 id

85 1366 232 1408 tempus
253 1358 298 1394 de
318 1371 386 1395 suo
406 1359 563 1407 quisque
581 1357 735 1394 functus
753 1370 801 1394 eo
817 1371 972 1395 munere
991 1365 1103 1395 esset.

140 1422 229 1459 LX.
259 1421 370 1458 Nihil
400 1428 599 1472 acceptum
617 1435 796 1471 umquam
816 1436 838 1459 a
856 1423 967 1473 plebe
985 1429 1095 1460 tanto
1115 1437 1210 1473 gau·

86 1486 151 1522 dio
188 1486 362 1522 traditur.
420 1487 657 1522 Concursum
694 1487 821 1535 itaque
855 1487 903 1523 ad
935 1487 1078 1524 curiam
1112 1500 1207 1530 esse,

85 1557 355 1601 prensatasque
384 1551 606 1587 exeuntium
635 1563 781 1593 manus,
810 1558 848 1587 et
876 1551 1007 1587 Patres
1029 1565 1114 1589 vere
1142 1553 1209 1588 ad-
1248 1564 1251 1566 ’

86 1616 247 1666 pellatos
262 1632 272 1661 3
305 1616 480 1652 effectum
500 1628 580 1652 esse
599 1615 822 1659 fatentibus,
843 1624 886 1652 ut
904 1630 1017 1654 nemo
1036 1631 1105 1668 pro
1131 1624 1209 1654 tam

90 1680 268 1716 munifica
295 1681 432 1729 patria,
451 1680 574 1716 donec
594 1681 799 1729 quidquam
818 1681 1208 1732 virium-superesset,

84 1744 238 1794 corpori
255 1749 321 1779 aut
340 1744 514 1791 sanguini
543 1756 611 1779 suo
641 1752 823 1793 parceret.
879 1745 1010 1783 Quum
1039 1758 1209 1782 commo-

86 1809 186 1845 ditas
208 1808 376 1858 juvaret‚
395 1821 476 1844 rem
493 1808 718 1844 familiarem
739 1808 872 1844 saltem
893 1809 1134 1858 adquiescere
1163 1823 1209 1846 eo

86 1881 272 1924 tempore,
294 1886 370 1922 quo
390 1885 526 1923 corpus
547 1873 736 1909 addictum
766 1878 879 1921 atque
903 1878 1106 1923 *operatum
1135 1875 1209 1911 rei-

88 1938 246 1989 publicae
267 1944 388 1983 esset3
420 1944 516 1981 tum,
537 1938 640 1987 quod
663 1938 763 1973 ultro
792 1938 864 1974 sibi
891 1937 1065 1974 oblatum
1094 1944 1207 1982 esset,

86 2016 166 2039 uon
193 2016 215 2039 a
240 2003 401 2039 tribunis
430 2002 551 2052 plebis
582 2015 760 2051 umquam
784 2002 989 2051 agitatum,
1022 2015 1099 2039 non
1131 2003 1208 2040 suis
1249 2031 1252 2036 f

86 2067 323 2104 sermonibus
345 2067 606 2116 efflagitatum,
627 2068 664 2103 id
683 2067 870 2103 efficiebat
889 2067 1088 2117 multiplex
1114 2080 1208 2116 gau-

86 2131 193 2167 dium
212 2131 573 2181 cumulatioremque
590 2133 754 2180 gratiam
763 2132 840 2168 Tei.
891 2131 1053 2167 Tribuni
1071 2131 1207 2181 plebis,
1222 2132 1405 2181 calumnia*

90 2195 300 2244 communis
337 2195 512 2235 ordinum
548 2194 690 2231 laetitiae
727 2195 1014 2244 concordiaeque
1043 2195 1115 2231 soli
1144 2177 1365 2250 ex-vffllr'ssno‘

91 2264 229 2308 pertes,
255 2271 409 2307 negare,
445 2261 534 2295 Tam
552 2261 592 2296 id
620 2261 739 2296 laetum
768 2260 936 2296 Patribus
962 2261 1132 2296 universis
1148 2272 1213 2297 nec

85 2336 293 2373 prospemm
313 2323 413 2373 fore,
435 2338 541 2373 qnam
561 2328 629 2374 ipsi
656 2328 837 2363 crederent
850 2343 861 2363 .·
891 2327 1076 2363 commum
1098 2330 1213 2376 specie
