1573 2598
121 913 260 946 Decima

121 959 235 997 praedae
249 968 318 999 pars

121 1001 264 1039 Apollini

120 1043 204 1076 data.

141 1947 184 1979 U.
197 1947 233 1978 C.
250 1953 325 1979 ³60.

139 1991 180 2022 A.
196 1991 233 2022 C.
251 1998 324 2025 392.

119 2263 213 2295 Varia
226 2262 323 2294 bella.

340 172 428 229 3⁶⁸
799 183 845 214 τ.
867 166 1002 228 uvir

341 272 441 311 fuit:
478 272 769 324 triumphusque
801 285 954 312 omnem
983 280 1207 311 consuetum
1237 274 1451 312 honorandi

342 336 418 374 diei
451 336 551 374 illius
584 337 739 374 modum
775 337 1012 388 aliquantum
1045 338 1218 375 excessit.
1279 337 1451 375 Maxime

341 407 568 452 conspectus
594 401 675 451 ipse
700 408 771 446 est,
791 415 902 439 curru
919 403 1024 452 equis
1043 401 1139 439 albis
1161 400 1301 452 juncto
1318 400 1451 439 urbem

340 464 536 501 invectus:
568 477 776 516 parumque
796 466 835 503 id
852 479 931 504 non
950 466 1060 503 civile
1078 466 1207 510 modo,
1231 466 1297 503 sed
1316 465 1451 502 huma-

341 541 433 567 num
453 530 581 575 etiam,
600 530 734 568 visum.
782 531 889 568 Jovis
910 532 1083 582 Solisque
1102 533 1206 581 equis
1227 531 1451 582 aequiparari

341 593 582 640 dictatorem,
607 595 647 632 in
669 595 892 645 religionem
919 597 1033 634 etiam
1059 596 1285 633 trahebant:
1316 597 1452 632 trium-

339 658 514 709 phusque
541 659 592 697 ob
621 673 705 698 eam
730 673 845 698 unam
870 662 1034 699 maxime
1062 674 1139 698 rem
1164 660 1314 703 clarior,
1338 672 1453 709 quam

340 723 499 772 gratior,
519 723 606 762 fuit.
660 725 695 762 T
698 738 760 762 um
778 725 924 763 Junoni
950 725 1111 775 Reginae
1135 724 1318 775 templum
1338 724 1378 760 in
1397 724 1452 760 A-

338 787 497 823 ventino
512 787 667 833 locavit,
688 789 947 839 dedicavitque
965 789 1129 826 Matutae
1147 788 1267 825 Matri
1282 803 1290 824 z
1322 795 1450 838 atque,

339 848 398 886 his
428 850 563 888 divinis
595 852 846 902 humanisque
880 852 993 890 rebus
1025 853 1155 901 gestis,
1189 852 1378 889 dictatura
1411 862 1451 889 se

341 913 541 951 abdicavit.
596 915 671 965 Agi
697 916 832 952 deinde
857 916 902 952 de
921 910 1111 965 Apollinis
1131 916 1234 952 dono
1254 921 1421 965 coeptum
1438 929 1448 953 ε

340 978 401 1015 cui
420 991 459 1015 se
479 979 675 1015 decumam
691 981 840 1016 vovisse
861 980 996 1029 praedae
1015 986 1163 1030 partem
1179 993 1294 1029 quum
1310 980 1453 1016 diceret

340 1042 537 1086 Camillus,
567 1043 766 1094 pontifices
801 1043 1022 1080 solvendum
1052 1043 1237 1093 religione
1266 1042 1451 1094 populum

338 1116 564 1154 censerent3
609 1110 711 1146 haud
739 1108 851 1146 facile
879 1109 1047 1146 inibatur
1074 1110 1174 1146 ratio
1198 1108 1361 1160 jubendi
1391 1122 1452 1146 re·-

336 1172 436 1210 ferre
461 1173 626 1224 praedam
651 1174 848 1224 populum,
869 1180 911 1210 ut
937 1186 983 1210 ex
1003 1186 1048 1210 ea
1072 1186 1157 1224 pars
1178 1174 1307 1211 debita
1331 1174 1370 1211 in
1390 1187 1453 1211 sa·

337 1250 442 1274 crum
462 1245 740 1275 secerneretur:
769 1239 924 1275 tandem
944 1251 1004 1281 eo,
1025 1239 1128 1288 quod
1146 1238 1375 1275 levissimum
1394 1239 1452 1275 vi-

337 1302 511 1347 debatur,
532 1304 730 1340 decursum
759 1311 830 1346 est,
854 1310 910 1347 ut,
941 1303 1004 1352 qui
1035 1315 1073 1339 se
1102 1303 1334 1352 domumque
1362 1301 1452 1338 reli·

336 1367 451 1416 gione
478 1367 671 1404 exsolvere
699 1367 826 1410 vellet,
857 1380 972 1417 quum
999 1366 1151 1403 sibimet
1176 1367 1256 1417 ipse
1284 1366 1452 1416 praedam

336 1432 560 1468 aestimasset
585 1445 706 1476 suam,
727 1433 893 1469 decumae
922 1432 1086 1482 pretium
1114 1432 1232 1481 partis
1260 1431 1298 1467 in
1324 1430 1451 1481 publi-2

336 1507 422 1531 cum
452 1495 637 1531 deferret:
683 1503 726 1532 ut
757 1508 804 1532 ex
833 1508 879 1531 eo
914 1495 1056 1530 donum
1088 1507 1258 1537 aureum,
1292 1494 1450 1543 dignum

336 1558 584 1609 amplitudine
603 1559 734 1610 templi
755 1572 798 1595 ac
818 1560 973 1595 numine
995 1558 1084 1601 Dei,
1106 1571 1151 1594 ex
1172 1558 1358 1607 (lignitate
1377 1570 1447 1607 po-

335 1622 414 1673 puli
434 1622 601 1659 Romani
621 1623 738 1659 fieret.
784 1622 844 1659 Ea
864 1634 1013 1671 quoque
1033 1621 1201 1657 conlatio
1224 1620 1344 1671 plebis
1365 1622 1447 1657 ani-

335 1698 418 1723 mos
456 1700 479 1723 a
512 1687 674 1724 Camillo
707 1687 898 1724 alienavit.
955 1685 1061 1722 Inter
1093 1686 1174 1722 haec
1208 1685 1448 1735 pacificatum

333 1749 450 1800 legati
480 1765 503 1788 a
535 1752 684 1787 Volscis
714 1759 752 1788 et
777 1751 914 1801 AEquis
944 1756 1150 1786 venerunt:
1184 1750 1449 1799 inpetrataque

334 1828 423 1866 pax,
453 1816 572 1864 magis
599 1823 642 1852 ut
667 1816 767 1852 fessa
792 1822 870 1852 tam
893 1815 1042 1851 diutino
1064 1814 1167 1850 bello
1189 1814 1449 1863 adquiesceret

336 1880 482 1922 civitas,
504 1893 616 1928 quam
636 1880 737 1929 quod
756 1880 861 1928 digni
881 1885 1065 1930 peterent.

391 1944 544 1980 XXIV.
573 1944 677 1980 Veiis
695 1945 828 1993 captis,
850 1957 914 1980 sex
933 1943 1106 1980 tribunos
1127 1941 1288 1978 militum
1309 1951 1449 1976 consu-

337 2007 405 2045 lari
425 2014 615 2058 potestate
636 2009 835 2057 insequens
856 2021 976 2044 annus
996 2007 1144 2050 habuit,
1166 2006 1261 2042 duos
1283 2005 1325 2041 P.
1347 2004 1447 2040 Cor-

336 2071 472 2115 nelios,
504 2072 664 2108 Cossum
696 2078 733 2107 et
763 2072 993 2122 Scipionem,
1020 2071 1077 2107 M.
1098 2069 1291 2106 Valerium
1317 2067 1446 2105 Maxi-

336 2148 440 2172 mum
473 2137 623 2179 iterum,
657 2136 710 2172 K.
740 2135 901 2172 Fabium
933 2135 1162 2172 Ambustum
1195 2133 1365 2175 tertium,
1397 2131 1448 2169 L.

336 2198 492 2236 Furium
511 2199 764 2235 Medullinum
785 2200 972 2248 quintum,
993 2199 1042 2237 Q.
1060 2197 1259 2234 Servilium
1278 2196 1447 2233 tertium.

336 2261 523 2300 Corneliis
548 2263 738 2300 Faliscum
762 2263 918 2307 bellum,
937 2262 1093 2299 Valerio
1123 2275 1166 2298 ac
1190 2259 1350 2298 Servilio
1370 2260 1444 2296 Ca-

334 2340 450 2380 penas
468 2334 570 2366 sorte
589 2329 733 2366 evenit:
766 2328 813 2365 ab
833 2329 878 2364 iis
898 2340 976 2364 non
997 2326 1106 2364 urbes
1126 2326 1162 2363 vi
1182 2332 1248 2363 aut
1267 2323 1442 2376 operibus
