1573 2598
94 252 139 284 U.
155 251 193 284 C.
209 256 283 283 316.

95 297 137 327 A.
153 295 190 326 C.
208 300 282 326 4:36.

141 1916 274 1945 Creatur

140 1959 272 1988 dictator

142 2001 273 2031 Cincin-

141 2050 246 2075 natus.

308 145 391 200 278
760 158 808 188 τ.
835 160 970 190 1.1v11

310 248 457 284 consilia
487 257 582 283 esse..-
609 250 744 294 tempus
771 248 917 294 agendae
945 248 998 283 rei
1029 249 1187 285 nondum
1218 255 1312 288 stare
1322 268 1336 297 ,·
1364 264 1421 291 co·-

312 316 389 347 tera
415 310 496 358 jam
530 311 747 354 convenisse,·
783 315 819 346 et
852 311 1007 347 tribunos
1042 315 1200 350 mercede
1234 320 1343 352 θνητος
1373 318 1421 353 ad

306 376 530 423 prodendam
555 374 766 417 libertatem,
792 379 827 410 et
846 377 988 423 partita
1014 377 1157 413 ducibus
1181 379 1421 416 multitudinis

310 440 508 475 ministeria
534 450 615 474 esse.
670 438 792 474 Serius
817 451 853 474 se
876 452 979 487 pene,
1009 453 1118 488 quam
1145 446 1261 478 tutum
1284 443 1419 492 fuerit,

311 515 356 540 ne
373 502 470 549 cujus
489 504 613 538 incerti
628 504 778 549 vanique
799 508 922 539 auctor
939 510 1036 548 esset,
1058 517 1100 540 ea
1120 505 1267 554 deferre.
1323 507 1420 546 Quae

310 571 514 616 postquam
533 571 621 601 sunt
641 565 781 608 audita,
802 572 840 601 et
858 567 1023 615 undique
1049 569 1233 618 primores
1262 569 1421 607 Patrum

311 635 350 665 et
375 630 510 679 prioris
537 629 627 664 anni
652 628 824 664 consules
853 630 1104 680 increparent,
1126 633 1228 681 quod
1254 646 1316 670 eas
1345 633 1420 670 lar·

311 694 476 742 gitiones
497 699 691 742 coetusque
714 692 832 743 plebis
858 694 897 729 in
923 696 1070 745 privata
1094 697 1209 733 domo
1235 698 1336 748 passi
1361 711 1420 734 es-

311 765 396 794 sent
428 758 522 801 fieri,
553 764 589 793 et
620 770 740 793 novos
773 758 960 802 consules,
991 761 1091 809 quod
1124 768 1420 810 exspectassent,

309 822 431 858 donec
451 835 473 857 a
490 821 670 871 praefecto
691 834 851 857 annonae
870 829 979 859 tanta
998 836 1056 859 res
1077 825 1125 860 ad
1155 831 1329 860 senatum
1353 825 1418 861 de-

309 885 485 926 ferretur,
510 897 592 933 quae
616 883 809 920 consulem
837 898 916 920 non
945 894 1140 923 auctorem
1169 887 1292 924 solum
1320 888 1419 924 desi-

310 950 472 990 deraret,
511 948 575 983 sed
613 949 725 983 etiam
758 949 972 994 vindicem;
1012 956 1094 986 tum
1126 951 1171 986 T.
1188 952 1420 996 Quinctius,

311 1013 465 1049 consules
493 1014 655 1048 inmerito
684 1014 874 1060 increpari,
902 1014 968 1057 ait,
997 1016 1070 1062 qui,
1092 1017 1270 1051 constricti
1293 1016 1425 1063 legibus

311 1078 356 1112 de
382 1077 633 1124 provocatione
657 1077 705 1111 ad
734 1077 993 1113 dissolvendam
1022 1079 1208 1125 imperinm
1238 1079 1333 1121 latis,
1362 1090 1423 1114 ne-

311 1153 491 1189 quaquam
511 1145 649 1176 tantum
669 1141 797 1175 virium
817 1142 851 1176 in
871 1142 1084 1188 magistratu
1102 1143 1151 1177 ad
1167 1154 1248 1178 eam
1266 1155 1341 1178 rem
1356 1155 1424 1190 pro

309 1205 502 1239 atrocitate
543 1204 809 1245 vindicandam,
847 1209 1019 1252 quantum
1061 1207 1185 1247 animi,
1224 1206 1389 1242 haberent
1408 1222 1422 1242 .·

311 1279 397 1314 opus
416 1277 486 1302 esse
502 1279 572 1302 non
586 1265 686 1314 forti
706 1268 819 1302 solum
843 1269 932 1309 viro,
951 1269 1013 1303 sed
1031 1269 1141 1304 etiam
1159 1268 1266 1305 libero
1285 1270 1422 1305 exsolu-

312 1336 416 1379 toque
435 1333 551 1379 legum
569 1334 728 1368 vinculis.
786 1333 915 1381 Itaque
937 1346 973 1370 se
992 1336 1202 1371 dictatorem
1223 1336 1267 1372 L.
1289 1336 1423 1376 Quinc-

312 1397 403 1432 tium
439 1397 643 1432 dicturum:
688 1398 734 1433 ibi
769 1399 926 1433 animum
958 1410 1084 1446 parem
1118 1404 1226 1435 tantae
1254 1401 1423 1447 potestati

311 1472 392 1496 esse.
448 1461 759 1510 Adprobantibus
785 1461 944 1505 cunctis,
972 1464 1096 1511 primo
1121 1463 1324 1502 Quinctius
1353 1463 1421 1500 ab·

312 1536 427 1560 nuere
446 1538 453 1558 :
486 1530 537 1566 et,
559 1525 646 1572 quid
661 1525 725 1560 sibi
742 1525 883 1567 vellent,
906 1526 1087 1572 rogitare,
1107 1528 1169 1574 qui.
1185 1538 1222 1562 se
1239 1531 1345 1562 aetate
1362 1539 1422 1563 ex-

310 1593 396 1624 acta
425 1593 532 1624 tantae
561 1589 780 1624 dimicationi
809 1587 1005 1635 objicerent.
1061 1589 1178 1632 Dein,
1208 1602 1323 1638 quum
1353 1603 1422 1626 un-

310 1651 424 1700 dique
453 1651 535 1701 plus
559 1652 598 1687 in
627 1651 693 1688 illo
722 1651 828 1688 senili
856 1654 984 1688 animo
1013 1666 1092 1689 non
1114 1653 1263 1690 consilii
1291 1655 1420 1698 modo,

309 1715 376 1751 sed
398 1716 512 1751 etiam
530 1716 679 1751 virtutis
702 1727 797 1758 esse,
817 1728 929 1764 quam
952 1717 990 1752 in
1013 1717 1188 1754 omnibus
1215 1717 1297 1754 aliis
1321 1718 1422 1755 dice-

311 1785 409 1822 rent,
429 1779 677 1828 laudibusque
699 1779 800 1815 haud
822 1780 1005 1816 inmeritis
1029 1788 1246 1824 onerarent,
1266 1789 1305 1817 et
1329 1794 1422 1819 con·

312 1842 370 1878 sul
397 1841 494 1878 nihil
520 1843 729 1878 remitteret
743 1859 753 1887 3
785 1849 958 1892 precatus
983 1844 1134 1881 tandem
1153 1844 1258 1881 Deos
1278 1845 1420 1881 inmor-

313 1905 406 1942 tales
427 1906 690 1948 Cincinnatus,
716 1918 764 1942 ne
791 1913 965 1942 senectus
993 1920 1062 1944 sna
1090 1908 1128 1943 in
1158 1914 1237 1944 tam
1264 1908 1420 1958 trepidis

313 1968 424 2006 rebus
457 1969 596 2004 damno
625 1969 844 2005 dedecorive
874 1970 1090 2020 reipublicae
1116 1977 1227 2013 esset,
1258 1971 1423 2008 dictator

312 2046 335 2070 a
364 2032 519 2069 consule
552 2032 713 2068 dicitur:
746 2033 826 2083 ipse
859 2033 993 2069 deinde
1023 2034 1066 2070 C.
1093 2034 1293 2071 Servilium
1315 2036 1421 2072 Aha-

312 2096 388 2133 lam
407 2097 629 2145 magistrum
649 2097 816 2146 equitnm
837 2098 940 2134 dicit.

365 2160 476 2196 XIV.
506 2159 666 2196 Postero
696 2160 769 2204 die,
793 2161 984 2210 dispositis
1014 2161 1209 2210 praesidiis,
1239 2174 1354 2210 quum
1382 2163 1423 2200 in

311 2223 438 2260 forum
461 2223 727 2267 descendisset,
752 2236 1007 2273 conversaque
1035 2225 1075 2260 in
1104 2237 1190 2260 eum
1218 2224 1323 2275 plebs
1352 2238 1423 2262 no-

311 2287 430 2324 vitate
458 2288 511 2324 rei
541 2300 584 2324 ac
613 2288 796 2326 miraculo
821 2294 934 2332 esset,
959 2294 997 2325 et
1013 2287 1184 2326 Maeliani
1210 2295 1323 2340 atque
1344 2290 1425 2341 ipse
