1573 2598
87 301 178 332 U.C.
195 304 269 335 82‘9.

87 345 128 378 A.
141 345 177 377 C.
194 351 268 377 ωδ.

300 210 384 255 300
736 210 1119 247 ramatum-w

302 301 441 337 easdem
470 299 626 348 corporis
645 299 748 342 vires,
773 301 898 336 eadem
925 310 1028 336 arma
1054 312 1200 348 gerere:
1225 315 1414 353 se‘quoque

302 365 464 402 eumdem
482 365 692 400 dictatorem
709 363 825 399 Mam.
841 364 1036 400 AEmilium
1051 376 1132 408 esse,
1153 367 1215 414 qui
1231 373 1314 404 ante
1333 368 1413 414 Vei-

300 431 435 466 entium
456 428 762 475 Fidenatiumque,
792 425 968 474 adjunctis
995 429 1153 474 Faliscis,
1181 432 1229 466 ad
1256 432 1413 471 Nomen-

255 488 257 491 ’
303 500 379 532 tum
402 496 573 531 exercitus
590 493 760 542 fuderit:
788 498 823 530 et
840 495 1050 542 magistrum
1075 498 1232 544 equitum
1255 499 1303 534 A.
1325 498 1413 534 Cor-

300 561 434 596 nelium
460 559 622 595 eumdem
643 560 681 594 in
705 559 780 594 acie
796 557 897 607 fore,
922 561 982 607 qui
1002 562 1124 608 priore
1148 561 1236 597 bello
1256 562 1414 598 tribunus

280 625 472 666 enititum,
500 624 612 660 Larte
641 623 825 659 Tolumnio
851 636 932 671 rege
955 624 1151 660 Veientium
1173 626 1208 660 in
1228 631 1415 674 conspectu

280 690 456 724 :duorum
481 689 695 724 exercituum
721 689 846 731 occiso,
872 689 988 737 spolia
1013 690 1131 737 opima
1149 690 1248 726 Jovis
1266 691 1414 726 Feretrii

302 753 434 801 templo
469 753 643 788 intulerit,
700 752 813 788 Proin
843 764 1023 796 memores,
1055 765 1170 790 secum
1204 754 1411 802 triumphos,

278 841 282 846 ·
301 829 416 853 secum
441 818 569 865 spolio,
598 829 713 853 secum
736 819 921 854 victorium
938 829 1007 853 esse
1020 834 1032 861 ,-
1063 830 1141 854 cum
1164 818 1315 855 hostibus
1338 831 1412 855 sce-

280 898 288 902 ·’
303 882 358 918 lus
376 882 573 928 legatorum
593 886 716 917 contra
729 880 792 928 jus
808 883 966 929 gentium
985 882 1262 930 interfectorum,
1284 884 1414 919 ccedem

301 946 340 981 in
361 957 451 993 pace
475 945 701 980 Fidenatium
728 945 943 987 colonorum,
972 946 1130 981 inducias
1146 951 1284 993 ruptim,
1304 948 1412 994 septi·

301 1020 399 1044 mam
430 1007 607 1056 infelicem
640 1006 884 1056 defectionem,
919 1020 1023 1043 arma
1055 1013 1231 1056 caperent.
1297 1009 1415 1045 Simul

303 1075 423 1108 castra
441 1073 565 1107 castris
583 1069 849 1118 conjunxissent,
869 1073 957 1107 satis
974 1072 1157 1121 confidere,
1185 1085 1247 1109 nec
1263 1073 1414 1109 scelera-

304 1137 444 1172 tissimis
462 1136 613 1172 hostibus
632 1137 840 1172 diuturnum
869 1148 910 1172 ex
938 1138 1132 1184 ignominia
1150 1139 1319 1173 exercitus
1338 1137 1413 1173 Ro-

273 1219 282 1227 ·
302 1201 404 1236 mani
419 1201 591 1247 gaudium
609 1199 697 1248 fore
709 1216 723 1244 ,·
752 1205 788 1236 et
800 1201 975 1248 populum
994 1200 1197 1236 Romanum
1215 1201 1414 1236 intellectu-

274 1289 276 1293 *
301 1275 396 1307 rum,
417 1269 549 1311 quanto
567 1264 692 1300 melius
710 1265 753 1300 de
770 1264 950 1312 republica
970 1265 1088 1299 meriti
1105 1265 1188 1307 sint,
1206 1265 1266 1312 qui
1282 1276 1319 1300 se
1336 1266 1412 1301 dic·

274 1360 277 1361 ⁷
303 1331 454 1363 tutorem
480 1328 622 1363 tertium
650 1328 829 1363 dixerint:
858 1339 965 1375 quam
989 1339 1059 1370 eos,
1091 1329 1164 1376 qui,
1188 1327 1229 1363 ob
1253 1333 1414 1376 ereptum

272 1412 281 1417 ζ
301 1402 454 1428 censurae
472 1404 632 1439 regnum,
654 1392 766 1428 labem
783 1393 944 1427 secunclae
972 1393 1161 1428 dictaturae
1184 1404 1254 1428 suae
1270 1394 1413 1441 inposu-

275 1458 406 1494 Verint.
461 1457 572 1493 Votis
603 1457 738 1494 deinde
767 1457 994 1507 nuncupatis
1021 1456 1229 1507 profectus,
1254 1457 1357 1494 mille
1375 1464 1415 1494 et

303 1521 534 1571 quingentos
561 1534 692 1571 passus
720 1521 814 1557 citra
835 1520 998 1559 Fidenas
1022 1527 1146 1557 castra
1163 1521 1288 1558 locat:
1321 1522 1412 1566 deir-

275 1611 278 1613 -
304 1591 364 1621 tra
382 1583 591 1629 montibus,
611 1584 706 1620 laeva
723 1584 854 1620 Tiberi
877 1597 987 1620 amne
1014 1591 1154 1635 septus.
1199 1585 1246 1621 T.
1266 1585 1412 1624 Quinc-

276 1675 281 1677 -
303 1648 400 1685 tium
425 1648 600 1685 Pennum
625 1648 794 1698 legatum
822 1661 1008 1699 occupare
1027 1656 1175 1686 montes
1198 1648 1325 1700 jubet,
1346 1663 1412 1687 oc-

275 1735 280 1741 =
302 1712 522 1762 cultumque
541 1713 578 1749 id
596 1712 736 1763 jugum
755 1726 902 1764 capere,
922 1713 1024 1763 quod
1043 1714 1090 1750 ab
1109 1721 1219 1763 tergo
1237 1714 1410 1752 hostibus

300 1776 414 1814 foret.
462 1776 550 1827 Ipse
568 1784 724 1827 postero
744 1779 818 1821 die,
839 1791 955 1827 quum
972 1778 1125 1815 Etrusci
1144 1778 1245 1829 pleni
1265 1781 1411 1826 animo-

301 1854 385 1878 rum
405 1840 452 1877 ab
472 1841 623 1892 pristini
642 1842 716 1878 diei
735 1842 890 1878 meliore
910 1843 1124 1886 occasione,
1138 1856 1249 1892 quam
1267 1856 1409 1893 pugna,

302 1904 344 1941 in
377 1905 495 1941 aciem
525 1907 811 1955 processissent,
846 1913 1045 1943 cunctatus
1078 1920 1292 1957 parumper,
1322 1908 1412 1948 dum

304 1968 561 2019 speculatores
581 1970 778 2013 referrent,
799 1971 1023 2009 Quinotium
1042 1973 1202 2021 evasisse
1222 1973 1260 2008 in
1272 1971 1411 2022 jugum

303 2032 558 2093 propinquuin
586 2033 664 2068 arci
695 2033 937 2078 Fidenarum,
970 2036 1078 2083 signa
1106 2035 1272 2085 profert:
1306 2037 1411 2085 pedi·

270 2133 279 2141 *-
303 2102 459 2145 tumque
493 2096 612 2132 aciem
648 2098 872 2134 instructam
901 2098 1014 2148 pleno
1045 2100 1163 2147 gradu
1191 2100 1230 2135 in
1262 2100 1412 2138 hostem

270 2187 273 2189 >
302 2159 470 2196 inducit:
502 2161 684 2209 magistro
710 2162 878 2210 equitum
904 2163 1088 2212 praecipit,
1109 2176 1156 2199 ne
1175 2163 1322 2213 injussu
1341 2178 1410 2214 pu-

268 2247 277 2254 ·
302 2235 417 2271 gnam
443 2224 624 2274 incipiat:
658 2236 710 2267 se,
732 2238 847 2273 quum
870 2238 963 2275 opus
990 2227 1052 2269 sit,
1077 2228 1241 2275 equestri
1267 2228 1409 2271 auxilio

302 2287 453 2335 signum
472 2288 646 2325 daturum
665 2303 673 2324 ε
704 2296 786 2326 tum
807 2297 847 2326 ut
867 2303 1010 2327 memor
1030 2292 1141 2339 regia:
1162 2305 1312 2341 pugnae,
1329 2305 1409 2329 me-

302 2361 386 2387 mor
411 2351 528 2403 opimi
551 2352 655 2398 doni,
681 2352 912 2405 Romulique
938 2367 981 2397 ac
1003 2354 1110 2397 Jovis
1137 2355 1309 2400 Feretrii,
1330 2368 1408 2400 rem
