1573 2598
414 160 568 189 LIBER
592 160 651 188 11.
684 159 792 187 cAr.
815 159 937 187 XXX.
1155 159 1231 203 123

112 244 278 280 sulatur:
306 244 403 292 quin,
423 244 454 280 si
471 243 546 279 αῐὶα
565 243 714 278 aliorum
733 241 781 276 sit
799 242 965 284 conditio,
986 243 1130 278 accendi
1154 255 1231 278 ma·
1245 254 1287 285 U.
1305 251 1342 282 C.
1359 258 1433 285 250.

111 309 168 355 gis
195 309 421 350 discordiam,
452 319 557 355 quam
585 307 714 343 sedari.
773 306 847 354 Ap.
872 305 1067 348 Claudius,
1097 312 1136 341 et
1164 319 1231 342 na·
1246 295 1336 329 A.C.
1354 303 1426 329 ⁴⁹²·

114 378 200 407 tura
220 372 377 413 inmitis,
398 377 436 407 et
455 370 628 407 efferatus
655 370 744 406 hinc
771 369 891 420 plebis
912 369 1014 412 odio,
1034 369 1138 405 illinc
1158 370 1232 406 Pa-

113 441 215 471 trum
243 435 429 478 laudibus,
451 436 532 471 Non
558 436 718 477 miseriis,
743 435 809 476 ait,
835 435 897 470 sed
916 435 1072 478 licentia,
1094 439 1231 471 tantum

114 501 288 536 concitum
317 499 497 535 turbarum
511 514 524 542 ‚·
553 503 588 534 et
615 499 776 535 lascivire
805 499 920 546 magis
947 498 1094 546 plebem,
1126 511 1234 547 quam

112 566 242 600 saevire.
277 563 323 599 Id
340 564 428 599 adeo
448 563 582 599 malum
601 575 642 599 er
657 564 908 612 provocatione
925 568 1048 599 natum
1064 580 1077 600 .·
1105 565 1238 611 quippe

112 628 228 664 minas
253 638 324 663 esse
351 627 543 670 consulum,
574 639 641 663 non
671 629 881 675 imperium5
911 627 968 662 ubi
997 628 1045 662 ad
1073 638 1142 669 eos,
1173 628 1235 675 qui

110 702 185 727 una
216 692 452 738 peccaverint,
480 702 674 739 provocare
703 692 819 727 liceat.
876 691 1055 738 Agedum,
1093 691 1231 740 inquit,

113 755 334 798 dictatorem,
365 767 388 791 a
417 767 484 803 qno
509 757 716 804 provocatio
743 768 812 791 non
833 759 896 797 est,
925 767 1089 791 creemus.
1144 755 1234 792 Jam

113 817 182 862 hic,
203 832 270 868 quo
292 831 384 855 nunc
408 821 527 855 omnia
545 821 685 862 ardent,
707 822 909 856 conticescet
926 819 1051 869 furor.
1108 820 1233 856 Pulset

114 888 188 919 tum
207 883 294 920 mihi
319 885 491 926 lictorem,
511 885 573 932 qui
595 886 694 927 sciet,
715 883 778 931 jus
803 885 846 920 de
874 889 973 932 tergo
999 885 1141 932 vitaque
1166 893 1234 920 sna

108 960 215 997 penes
234 961 342 984 unum
360 949 461 985 illum
482 960 565 992 esse,
587 947 685 995 cujus
702 948 921 996 majestatem
939 949 1097 985 violavit.

167 1011 303 1048 XXX.
331 1011 481 1055 Multis,
509 1019 551 1047 ut
578 1019 672 1055 erat,
698 1012 856 1049 horrida
878 1019 916 1048 et
945 1018 1056 1064 atrox
1079 1010 1263 1062 videbe-f*
1291 1010 1343 1039 *²3ss

111 1080 174 1112 tur
201 1076 318 1126 Appii
346 1076 555 1112 sententia:
587 1089 715 1112 rursus
744 1076 910 1126 virginii
938 1076 1137 1125 Lartiique
1166 1089 1232 1112 ex·

112 1140 238 1189 emplo
266 1140 367 1176 haud
396 1140 587 1186 salubres;
621 1142 750 1190 utique
776 1141 899 1177 Lartii
928 1132 1127 1191 putabant
1145 1153 1232 1176 sen-

112 1205 285 1247 tentiam,
315 1218 398 1253 quae
423 1211 545 1241 totam
568 1205 680 1241 fidem
704 1204 881 1241 tolleret:
914 1206 1080 1241 medium
1109 1205 1231 1241 maxi-

110 1279 172 1303 me
195 1274 234 1304 et
255 1267 492 1303 moderatum
520 1274 679 1316 utroque
703 1268 904 1304 consilium
921 1268 1086 1317 virginii
1114 1268 1233 1304 habe-

109 1330 233 1368 batur.
291 1332 364 1368 Sed
383 1331 551 1368 factione
571 1339 820 1382 respectuque
839 1345 962 1368 rerum
982 1333 1231 1382 privatarum,

111 1408 193 1446 quae
216 1408 362 1446 semper
381 1395 555 1433 obfecere
575 1396 830 1446 obficientque
856 1396 1016 1447 publicis
1046 1396 1232 1440 consiliis,

109 1459 257 1508 Appius
287 1460 402 1496 vicit:
438 1473 481 1496 ac
510 1473 628 1510 prope
656 1460 743 1504 fuit,
774 1467 816 1496 ut
845 1461 1011 1497 dictator
1038 1460 1103 1496 ille
1131 1460 1232 1497 idem

110 1530 326 1560 crearetur:
358 1537 441 1573 quae
471 1537 529 1560 res
563 1525 694 1574 utique
720 1524 921 1561 alienasset
953 1524 1102 1575 plebem
1131 1525 1230 1574 peri-

110 1585 347 1623 culosissimo
375 1595 562 1638 tempore,
585 1601 702 1637 quum
723 1588 852 1624 Volsci
872 1577 1066 1638 AEquique
1094 1596 1132 1624 et
1161 1589 1230 1624 Sa·
1249 1614 1255 1619 „

109 1649 190 1687 bini
218 1651 319 1687 forte
350 1664 426 1687 una
455 1664 586 1688 omnes
617 1653 656 1687 in
685 1653 797 1688 armis
829 1658 966 1689 essent.
1024 1653 1098 1688 Sed
1131 1665 1231 1688 curae

107 1713 182 1750 fuit
204 1714 422 1751 consulibus
449 1723 488 1751 et
512 1716 724 1753 senioribus
748 1717 918 1761 Patrum,
943 1723 986 1753 ut
1013 1718 1229 1767 imperium,

108 1790 178 1818 suo
198 1779 414 1822 vehemens,
434 1787 633 1817 mansueto
653 1782 940 1830 permitteretur
953 1782 1122 1830 ingenio.
1157 1780 1227 1818 M.
1242 1790 1302 1821 Μ’.
1319 1792 1384 1823 Va-

107 1841 303 1879 Valerium
328 1844 554 1880 dictatorem
573 1844 703 1881 Volesi
732 1844 850 1881 filium
877 1852 1019 1882 creant.
1076 1845 1225 1889 PlebeS,
1240 1834 1335 1908 {3³⁰³
1350 1836 1417 1867 dic·

108 1909 179 1944 etsi
198 1909 374 1946 adversus
404 1923 444 1946 se
463 1918 632 1946 creatum
653 1911 877 1947 dictatorem
895 1909 1062 1953 videbat,
1083 1916 1226 1954 tamen,
1287 1888 1333 1911 ΟΒ

107 1984 224 2021 quum
251 1975 565 2023 provocationem
593 1974 720 2010 fratris
750 1973 834 2022 lege
862 1973 1034 2016 haberet,
1063 1973 1160 2010 nihil
1181 1986 1229 2010 ex

107 2048 152 2072 ea
178 2036 324 2073 familia
351 2039 460 2074 triste
486 2051 557 2074 nec
586 2038 790 2088 superbum
818 2038 990 2074 timebat.
1046 2038 1227 2076 Edictum

107 2099 255 2143 deinde,
277 2114 298 2137 a
321 2101 506 2139 dictatore
526 2103 780 2153 propositum,
801 2102 1041 2139 confirmavit
1064 2103 1226 2146 animos,

108 2160 255 2199 Servilii
279 2163 358 2201 fere
377 2165 542 2202 consulis
563 2166 688 2203 edicto
708 2167 937 2203 conveniens
957 2181 964 2202 :
997 2165 1060 2202 sed
1090 2172 1129 2201 et
1155 2166 1227 2200 ho-

107 2226 201 2266 mini
220 2233 259 2263 et
274 2230 459 2279 potestati
477 2228 612 2266 melius
631 2231 706 2266 rati
726 2230 841 2274 credi,
858 2230 1001 2267 omisso
1020 2228 1231 2266 certamine

625 2293 662 2330 G
680 2294 716 2330 2>-
