1573 2598
362 196 446 238 214
814 198 860 228 Τ.
884 200 1017 228 L1v11

144 278 246 355 {LOC-
257 287 337 355 {³2³-
360 286 468 323 mitia
493 284 690 328 haberent,
710 292 967 335 perpetuoque
983 284 1235 322 decemviratu
1259 296 1474 336 possessum

178 345 197 367 ⁹
231 345 238 351 ”
324 345 332 354 ”
361 350 476 388 semel
495 350 712 386 obtinerent
731 350 939 400 imperium.

413 414 630 452 XXXVII.
660 414 983 464 Circumspectare
1010 420 1092 450 tum
1120 400 1364 464 patriciorum
1389 409 1471 450 rul-

358 486 419 516 tus
448 479 601 529 plebeii,
628 485 666 514 et
694 478 780 514 inde
807 478 992 514 libertatis
1022 484 1174 528 captare
1202 491 1346 521 amam,
1372 478 1472 514 unde

355 543 577 580 servitutem
619 542 788 578 timendo
825 543 865 578 in
901 555 987 578 eum
1023 548 1164 578 statum
1200 541 1470 592 rempublicam

357 607 603 643 adduxerant.
658 604 846 641 Primores
878 606 1034 642 Patrum
1067 605 1191 642 odisse
1224 605 1469 647 decemviros,

358 669 482 707 odisse
510 668 684 719 plebem:
719 680 789 704 nec
816 668 990 718 probare,
1021 681 1103 718 quae
1132 668 1290 713 fierent;
1323 673 1361 704 et
1389 680 1470 704 cre-

358 733 459 776 dere,
488 732 591 768 haud
618 732 782 780 indignis
812 732 1004 768 accidere:
1036 732 1143 768 avide
1170 731 1314 768 ruendo
1343 730 1390 767 ad
1421 729 1467 766 li·

355 796 543 833 bertatem
561 796 601 832 in
621 796 839 831 servitutem
857 794 1003 845 elapsos
1023 794 1158 845 juvare
1177 793 1278 830 nolle
1297 808 1304 829 :
1336 806 1468 830 cumu-

355 859 433 896 lare
453 871 603 908 quoque
628 856 798 908 injurias,
819 865 861 894 ut
887 859 1002 894 taedio
1029 858 1272 908 praesentium
1295 855 1467 892 consules

356 922 432 958 duo
460 922 613 958 tandem
642 928 680 957 et
702 927 821 957 status
847 922 1025 971 pristinus
1045 934 1168 957 rerum
1188 921 1226 956 in
1245 920 1468 956 desiderium

355 987 522 1023 veniant.
577 985 665 1021 Jam
697 992 736 1021 et
766 991 1001 1035 processerat
1033 996 1118 1034 pars
1147 982 1269 1033 major
1296 984 1400 1025 anni,
1429 989 1468 1019 et

140 1049 334 1099 Duaessabu-
356 1051 438 1086 duae
470 1050 610 1086 tabulae
638 1049 764 1098 legum
793 1049 841 1085 ad
872 1050 1006 1099 prioris
1041 1048 1129 1084 anni
1162 1048 1291 1083 decem
1319 1046 1466 1083 tabulas

136 1093 344 1167 ξὲἓὲἓὲω
356 1121 465 1151 erant
484 1113 664 1164 adjectae:
696 1126 766 1149 nec
792 1113 994 1162 quidquam
1014 1111 1097 1161 jam
1123 1117 1328 1162 supererat,
1349 1111 1380 1146 si
1408 1111 1467 1147 has

355 1191 506 1228 quoque
524 1177 625 1226 leges
646 1176 865 1213 centuriatis
883 1176 1048 1212 comitiis
1071 1175 1223 1225 perlatae
1242 1180 1381 1217 essent,
1402 1185 1468 1211 cur

354 1255 400 1278 eo
419 1242 644 1290 magistratu
662 1239 878 1290 reipublicae
895 1252 992 1290 opus
1013 1246 1120 1275 esset.
1167 1237 1465 1288 Exspectabam,

351 1317 466 1354 quam
494 1317 584 1340 mox
609 1303 826 1339 consulibus
847 1303 1016 1339 creandis
1043 1302 1198 1338 comitia
1219 1301 1465 1349 edicerentur.

351 1367 398 1405 Id
430 1368 544 1404 modo
575 1366 702 1417 plebes
736 1366 921 1415 agitabat,
956 1379 1122 1415 quonam
1155 1365 1269 1401 modo
1301 1363 1464 1400 tribuni-

348 1433 449 1468 ciam
476 1437 719 1481 potestatem,
739 1431 1015 1467 munimentum
1043 1430 1223 1472 libertati,
1244 1441 1323 1465 rem
1348 1428 1464 1464 inter·

351 1495 518 1537 missam,
550 1500 778 1544 repararent.
834 1494 962 1533 Quum
992 1494 1143 1529 interim
1172 1492 1315 1528 mentio
1345 1492 1463 1528 comi-

350 1559 492 1595 tiorum
520 1555 624 1594 nulla
652 1557 745 1600 fieri,
776 1564 814 1593 et
842 1558 1055 1599 decemviri,
1085 1557 1148 1605 qui
1184 1557 1307 1606 primo
1342 1554 1462 1591 tribu-

352 1625 471 1660 nicios
504 1624 691 1666 homines,
729 1624 816 1672 quia
849 1624 886 1659 id
918 1622 1098 1673 populare
1131 1620 1355 1662 habebatur,
1389 1619 1460 1655 cir-

351 1703 436 1726 cum
455 1702 493 1725 se
513 1695 794 1725 ostentaverant
815 1688 950 1738 plebei,
972 1688 1138 1738 patriciis
1151 1685 1356 1736 juvenibus
1376 1696 1460 1734 sep-

349 1760 476 1790 serant
510 1753 658 1790 latera:
701 1766 831 1789 eorum
867 1761 1025 1790 catervae
1062 1749 1267 1788 tribunalia
1303 1748 1460 1786 obsede-

349 1823 446 1854 rant.
502 1816 558 1855 Hi
576 1815 688 1859 ferre,
709 1828 819 1865 agere
844 1816 993 1866 plebem
1018 1814 1212 1866 plebisque
1231 1826 1287 1850 res
1304 1829 1314 1859 ς
1347 1825 1462 1862 quum

348 1881 517 1924 fortuna,
555 1894 629 1930 qua
664 1881 843 1930 quidquid
876 1881 1049 1931 cupitum
1086 1878 1198 1921 foret,
1234 1877 1459 1928 potentioris

345 1951 459 1982 esset.
514 1944 567 1981 Et
585 1943 668 1993 jam
687 1957 734 1980 ne
758 1951 867 1993 tergo
893 1944 1043 1993 quidem
1070 1941 1354 1979 abstinebatur:
1386 1941 1460 1976 vir-

349 2009 406 2057 gis
436 2007 541 2051 caedi,
572 2007 635 2043 alii
665 2008 785 2043 securi
821 2006 983 2057 subjici5
1025 2013 1075 2049 et,
1106 2019 1153 2042 ue
1181 2005 1348 2053 gratuita
1375 2016 1460 2041 cru·

349 2070 482 2107 delitas
512 2075 624 2113 esset,
653 2070 840 2106 bonorum
870 2070 1028 2106 donatio
1057 2070 1161 2118 sequi
1190 2068 1334 2105 domini
1371 2080 1458 2118 sup-

349 2135 515 2186 plicium.
572 2133 658 2170 Hac
693 2134 864 2170 mercede
894 2133 1075 2184 juventus
1111 2132 1248 2170 nobilis
1282 2138 1460 2182 corrupta

347 2211 426 2234 non
455 2197 569 2234 modo
597 2209 675 2233 non
713 2198 765 2233 ire
793 2197 944 2233 obviam
973 2196 1134 2246 injuriae,
1165 2196 1229 2233 sed
1265 2195 1461 2246 propalam

347 2261 540 2298 licentiam
559 2275 664 2298 suam
684 2261 941 2316 nialle‚.qua1n
961 2262 1131 2298 omnium
1149 2261 1375 2298 libertatem.

120 2311 323 2391 2:115?ssss
361 2316 363 2318 .
402 2325 642 2364 XXXVIII.
671 2325 759 2364 Idus
786 2325 900 2363 Maiae
919 2338 1065 2363 venere.
1122 2324 1247 2362 Nullis
1277 2324 1458 2373 subroga-
