1573 2598
378 183 533 211 Llssmz
558 183 616 210 11.
649 182 755 210 CAP.
779 183 884 211 xm.
1108 180 1188 227 137

74 270 161 307 inde
190 282 233 306 ac
269 270 378 307 liberi
414 269 600 319 amplexi:
632 269 817 318 fletusque
853 269 902 307 ab
935 271 1039 307 omni
1074 271 1190 309 turba

74 334 272 371 mulierum
297 342 417 377 ortus,
442 340 479 369 et
501 332 752 382 comploratio
782 335 839 370 sui
866 335 1087 385 patriaeque,
1111 336 1188 371 fre-

75 412 162 447 gere
197 399 350 435 tandem
378 399 511 434 virum.
568 397 798 446 Complexus
828 399 914 434 inde
942 411 1030 435 suos
1059 399 1189 435 dimit-

73 464 120 498 tit
139 478 147 497 ;
181 464 259 513 ipse
278 472 379 499 retro
400 462 447 498 ab
472 461 562 498 urbe
582 469 706 498 castra
725 463 857 498 movit.
913 463 1097 499 Abductis
1121 464 1188 500 dc-

74 526 160 562 inde
192 525 405 575 legionibus
437 538 483 560 ex
510 538 603 573 agro
632 525 828 569 Romano,
861 527 1003 562 invidia
1031 527 1085 562 rei
1118 526 1190 563 ob—

73 602 243 639 pressum
273 590 427 639 periisse
454 589 634 625 tradunt:
667 590 731 625 alii
757 590 832 626 alio
862 590 963 626 leto:
996 591 1096 640 apud
1114 590 1190 627 Fa-

71 652 190 696 bium,
212 652 326 702 longe
349 654 654 702 antiquissimum
676 662 885 697 auctorem,
907 667 1025 703 usque
1053 654 1100 690 ad
1129 667 1189 691 se-

72 723 265 752 nectutem
298 717 436 753 vixisse
474 717 645 753 eumdem
683 718 848 755 invenio.
904 717 1039 754 Refert
1071 725 1188 762 certe,

71 781 170 817 hanc
190 793 288 830 saepe
308 793 394 816 eum
413 787 549 817 exacta
567 787 678 817 aetate
699 794 898 830 usurpasse
918 795 1064 825 vocem,
1086 782 1189 818 Mul-

70 849 107 881 to
134 846 294 881 miserius
319 847 392 880 seni
419 847 580 881 exsilium
608 858 688 882 esse.
743 845 837 882 Non
863 846 1081 882 inviderunt
1107 845 1190 882 lau-

71 909 135 946 des
156 921 241 945 suas
265 909 482 945 mulieribus
504 910 574 945 viri
592 909 788 946 Romani:
820 911 914 946 adeo
937 911 1017 947 sine
1037 909 1189 947 obtrec-

70 974 219 1010 tatione
243 973 374 1023 gloriae
400 973 532 1010 alieuae
551 975 762 1012 vivebatur.
816 974 1075 1011 RIonumento
1094 988 1188 1024 quo-

71 1050 145 1087 que
173 1038 274 1086 quod
302 1044 413 1080 esset,
446 1037 628 1087 templum
652 1038 832 1075 Fortunae
862 1038 1045 1075 Muliebri
1075 1039 1190 1075 aedifi-

71 1107 200 1138 catum
218 1101 505 1150 dedicatumque
524 1109 592 1138 est.
625 1102 790 1139 Rediere
809 1103 942 1139 deinde
958 1102 1104 1146 Volsci,
1124 1103 1192 1139 ad-

64 1164 210 1215 junctis
231 1165 384 1215 AEquis,
404 1166 444 1201 in
463 1178 596 1215 agrum
616 1166 837 1204 Romanum
855 1183 863 1204 ι
896 1168 963 1203 sed
979 1167 1099 1216 AEquj
1117 1168 1193 1204 At-

70 1230 168 1265 tium
198 1229 352 1266 Tullum
384 1230 485 1266 haud
519 1230 619 1266 ultra
649 1230 771 1287 ‘gulere
804 1232 950 1268 ducem.
1006 1231 1114 1267 Hinc
1145 1244 1195 1269 ex

73 1295 292 1338 certamine,
322 1294 454 1332 Volsci
482 1295 652 1345 AEquiue
685 1297 956 1346 imperatorem
984 1296 1193 1346 conjuncto

71 1360 254 1397 exercitui
279 1360 426 1404 darent,
451 1360 605 1403 seditio,
632 1361 766 1397 deinde
793 1368 904 1397 atrox
933 1361 1110 1411 proelium
1130 1373 1193 1397 or-

71 1430 167 1460 tum.
224 1422 284 1460 Ibi
303 1423 463 1460 fortuna
481 1423 614 1474 populi
633 1424 802 1460 Romani
822 1425 916 1460 duos
938 1425 1108 1460 hostium
1128 1436 1194 1460 ex⁴

71 1488 225 1531 ercitus‚
246 1488 348 1524 haud
374 1488 497 1527 minus
524 1489 740 1535 pernicioso
759 1498 871 1533 quam
900 1485 1086 1534 pertinaci
1111 1496 1194 1521 cer-

70 1549 428 1592 tamine‚vconfecit.
487 1548 673 1585 Consules
692 1548 739 1585 T.
756 1549 918 1585 Sicinius
939 1554 977 1584 et
997 1549 1040 1585 C.
1055 1548 1191 1597 Aquil-
1205 1548 1247 1579 U·
1265 1549 1301 1580 C·
1319 1554 1395 1585 267·

70 1612 159 1649 lius.
213 1613 357 1650 Sicinio
377 1612 522 1656 Volsci,
543 1612 715 1661 Aquinio
734 1612 895 1649 Hernici
918 1616 1028 1660 (nam
1049 1614 1076 1649 ii
1095 1626 1192 1662 quo·
1203 1593 1250 1623 A*
1261 1592 1297 1623 C'
1314 1600 1389 1624 ⁴8⁵⁶

71 1689 145 1725 que
182 1678 220 1713 in
258 1676 372 1713 armis
409 1679 534 1724 erant)
566 1678 765 1727 provincia
800 1678 937 1714 evenit.
993 1678 1054 1714 Eo
1092 1690 1193 1714 anno

72 1739 233 1776 Hernici
270 1741 438 1778 devicti:
487 1753 574 1777 cum
611 1740 762 1776 Volscis
809 1754 917 1790 aequo
953 1740 1081 1777 Μυῖα
1118 1741 1193 1777 dis*

73 1816 220 1841 cessum
240 1810 308 1840 est.

126 1867 236 1904 XLI.
274 1867 338 1917 Sp.
365 1867 516 1904 Cassius
547 1868 682 1904 deinde
716 1874 754 1904 et
782 1868 965 1904 Proculus
996 1868 1195 1917 Virginius
1206 1866 1248 1896 U·
1265 1866 1303 1896 C·
1320 1871 1394 1898 268-

72 1929 245 1966 consules
283 1930 400 1966 facti:
442 1943 528 1966 cum
562 1930 740 1967 Hernicis
772 1930 896 1967 foedus
929 1932 1073 1968 ictum:
1111 1933 1193 1980 agri
1206 1917 1244 1940 ὼ
1263 1909 1392 1941 C'484'

73 2001 198 2044 partes
225 1994 308 2030 duae
337 1994 522 2031 ademtae:
555 1995 642 2031 inde
671 1995 867 2032 dimidium
888 1995 1052 2039 Latinis,
1082 1996 1192 2033 dimi-

74 2058 177 2095 dium
206 2058 310 2108 plebi
337 2058 522 2094 divisurus
546 2058 682 2095 consul
699 2059 852 2095 Cassius
875 2066 968 2096 erat.
1023 2059 1193 2109 Adjicie-

73 2122 142 2158 bat
168 2122 258 2158 huic
286 2123 432 2159 muneri
461 2123 543 2172 agri
575 2122 826 2172 aliquantum,
856 2136 968 2172 quem
1000 2123 1194 2174 publicum

74 2185 259 2236 possideri
287 2198 312 2222 a
337 2186 492 2236 privatis
522 2187 807 2224 criminabatur.
863 2187 909 2224 Id
941 2187 1081 2224 multos
1110 2188 1194 2236 qui·

75 2252 161 2288 dem
179 2250 352 2296 Patmm,
369 2253 472 2303 ipsos
499 2265 751 2303 possessores,
774 2252 944 2302 periculo
965 2266 1090 2290 rerum
1107 2265 1194 2289 sua-

75 2327 159 2352 rum
193 2314 383 2353 terrebat:
415 2315 481 2354 sed
513 2322 552 2354 et
583 2315 734 2368 publica
763 2315 943 2354 Patribus
977 2315 1195 2357 sollicitudo
