1573 2598
762 18 789 68 (9

372 165 527 194 LIBER
554 165 636 194 111.
670 163 777 194 CAP.
802 164 966 193 Lxxu.
1154 163 1235 211 259

109 254 321 302 pra-sertim,
344 254 482 290 etiamsi
499 251 568 302 sas
584 253 643 295 sit,
663 264 786 288 curam
804 252 1030 289 emolumenti
1047 253 1102 289 sui
1115 251 1236 299 judici
1246 252 1287 283 U·
1305 251 1342 282 C·
1359 256 1436 285 ³09·

112 329 194 360 esse,
215 329 437 366 nequaquam
457 322 599 353 tantum
624 328 711 363 agro
730 317 984 365 intercipiendo
1003 318 1232 366 adquiratur,
1244 296 1285 326 Α·
1301 295 1340 325 C‘
1356 301 1432 328 ⁴⁴³⁸

113 387 287 430 quantum
313 383 503 418 amittatur
528 382 727 417 alienandis
750 379 884 427 injuria
901 382 1076 418 sociorum
1094 383 1235 418 animis.

112 446 209 481 Nam
227 445 347 495 samse
365 447 505 495 quidem
531 458 574 482 ac
589 446 683 495 fidei
709 447 843 481 damna
868 445 1007 492 majora
1025 458 1107 490 esse,
1128 460 1236 495 quam

113 523 190 558 quae
218 511 390 547 testimari
416 515 569 559 possent.
626 510 708 546 Hoc
737 511 870 558 legatos
898 510 1033 560 referre
1065 513 1209 547 domum
1222 528 1235 548 .-

111 574 177 611 hoc
196 576 338 623 vulgari
354 591 366 611 .·
394 575 459 612 hoc
482 576 592 611 socios
618 575 772 611 audire:
801 575 865 611 hoc
891 575 1031 612 hostes:
1060 588 1127 624 quo
1152 588 1233 613 cum

110 641 232 677 dolore
249 641 340 677 hos?
367 653 436 690 quo
451 653 531 677 cum
546 642 684 688 gaudio
702 642 811 677 illos.9
836 641 1030 689 Scaptione
1048 641 1126 685 hoc,
1148 655 1231 678 con-

109 708 241 745 cionali
264 709 352 750 seni,
380 708 631 755 adsignaturos
650 711 825 755 putarent
839 707 1020 755 finitimos
1043 707 1233 754 populos?

95 770 259 812 ,Clarum
283 770 351 807 hac
367 769 456 820 fore
475 772 631 819 imagine
649 770 838 818 Scaptium
855 785 867 805 .·
894 769 1071 817 populum
1091 769 1230 805 Roma-

106 847 192 871 num
217 836 513 884 quadruplatoris
537 840 572 871 et
594 835 842 883 interceptoris
867 834 939 869 litis
957 833 1081 869 alienae
1103 845 1228 882 perso-

107 911 190 936 nam
207 900 366 937 laturum
380 916 392 937 .·
423 912 525 949 quem
544 901 637 936 enim
657 899 721 935 hoc
740 899 892 946 privatae
915 899 967 933 rei
981 897 1143 945 judicem
1161 897 1227 947 se·

107 965 203 1006 cisse,
232 969 275 1000 ut
297 964 362 1000 sibi
383 965 696 1000 controversiosam
725 960 952 1008 adjudicaret
974 963 1084 998 rem?
1111 962 1228 1010 Scap-

107 1030 195 1064 tium
214 1029 330 1077 ipsum
349 1030 387 1064 id
409 1029 566 1077 quidem,
588 1029 654 1064 etsi
676 1027 884 1076 praemortui
899 1024 982 1072 jam
999 1028 1047 1062 sit
1060 1028 1226 1075 pudoris,

104 1106 174 1129 non
195 1092 400 1143 facturum.
456 1092 552 1129 Haec
582 1091 771 1135 consules,
802 1091 883 1126 haec
915 1090 1048 1126 Patres
1082 1091 1224 1127 vocife-

104 1162 259 1193 rantur:
308 1157 373 1193 sed
417 1155 500 1206 plus
538 1156 724 1206 cupiditas
762 1148 810 1191 et*
836 1160 970 1190 auctor
1005 1154 1223 1204 cupiditatis

104 1220 278 1270 Scaptius
298 1219 410 1256 valet.
466 1219 502 1254 V
504 1226 623 1255 ocatae
643 1219 763 1255 tribus
786 1217 1069 1268 judicaverunt,
1089 1231 1224 1267 agrum

102 1284 295 1335 publicum
325 1283 456 1334 populi
488 1282 656 1319 Romani
688 1295 780 1319 esse.
836 1282 921 1318 Nec
958 1281 1138 1318 abnuitur
1167 1283 1222 1319 ita

100 1347 232 1391 fuisse,
266 1349 298 1383 si
327 1347 547 1397 adjudices
575 1347 669 1383 alios
700 1348 795 1382 itum
822 1345 945 1382 foret:
988 1359 1090 1383 nunc
1119 1347 1222 1383 haud

102 1424 193 1448 sane
212 1410 417 1460 quidquam
435 1411 540 1448 bono
560 1423 701 1448 caussae
720 1409 867 1448 levatur
886 1410 1044 1446 dedecus
1058 1409 1216 1460 judicii:

100 1475 211 1524 idque
243 1487 322 1511 non
351 1474 516 1511 Aricinis
545 1472 864 1523 Ardeatibusque,
898 1487 1010 1523 quam
1039 1473 1218 1510 Patribus

101 1537 303 1582 Romanis,
323 1538 460 1575 foedius
488 1544 601 1587 atque
623 1538 794 1574 acerbius
822 1537 956 1574 visum.
1011 1536 1220 1586 Reliquum
1253 1559 1260 1564 f

102 1602 193 1640 anni
225 1603 395 1651 quietum
429 1600 476 1639 ab
510 1601 664 1639 urbanis
695 1601 866 1640 motibus
899 1607 937 1638 ct
967 1601 1013 1638 ab
1052 1601 1217 1640 externis

98 1665 237 1704 mansit
