1573 2598
142 287 185 319 U.
203 288 239 318 C.
258 294 332 322 296.

144 331 184 363 A.
198 331 235 362 C.
252 337 326 364 4⁵6.

144 1519 178 1548 L.
197 1517 322 1548 Quinc-

142 1561 203 1591 tius
220 1561 316 1590 dicta-

144 1610 200 1635 tor.

143 1827 189 1857 Ex
207 1835 299 1866 opere

143 1876 260 1900 rustico
276 1879 329 1900 su-

144 1918 253 1943 mitur.

357 205 438 237 202
808 207 854 237 Τ.
877 207 1010 238 mvn

358 296 476 333 rendo
511 295 669 344 negotio
704 293 803 332 fuit:
843 307 946 339 nam,
977 308 1093 345 quum
1123 296 1226 332 haud
1257 296 1390 346 procul
1421 294 1474 333 ab

358 362 469 398 hoste
497 365 620 396 castra
651 360 852 408 posuisset,
882 360 987 396 nulla
1015 373 1246 410 magnopere
1274 359 1378 397 clade
1407 373 1470 397 ac-

359 433 483 475 cepta,
503 419 693 460 castris'se
711 424 866 474 pavidus
886 424 1053 460 tenebat.
1109 424 1224 464 Quod
1251 423 1318 460 ubi
1343 435 1471 460 sense-

357 494 444 525 rant
470 488 614 530 hostes,
635 487 765 530 crevit,
776 499 823 524 ex
846 494 951 539 metu
973 487 1112 531 alieno,
1141 493 1183 524 ut
1207 487 1265 530 fit,
1288 486 1474 523 audacia:

359 559 410 595 et,
439 558 553 588 nocte
582 551 705 588 adorti
730 557 866 595 castra,
893 558 1095 602 postquam
1123 564 1258 602 parum
1278 551 1334 587 vis
1364 562 1476 601 aper-

357 623 399 653 ta
426 615 654 666 profecerat,
684 609 914 652 munitione}
943 622 1099 666 postero
1125 616 1185 653 die
1211 614 1470 652 circumdant:

359 678 441 729 iluae
470 679 701 729 priusquam,
731 679 896 728 undique
923 679 1023 716 vallo
1053 679 1224 729 objecto,
1255 678 1473 715 clauderent

359 745 496 787 exitus,
525 744 689 792 quinque
718 744 877 792 equites,
903 744 1003 780 inter
1031 745 1214 780 stationes
1243 743 1412 779 hostium
1434 753 1474 777 e-

357 808 476 850 missi,
514 807 679 843 Romam
722 807 923 857 pertulere,
963 808 1156 844 consulem
1194 807 1475 855 exercitumque

358 871 535 908 obsideri.
590 871 701 907 Nihil
728 884 798 907 nec
825 878 905 908 tam
933 873 1186 922 inopinatum,
1213 885 1283 908 nec
1308 877 1386 907 tam
1415 870 1475 905 in-

359 942 550 986 speratum
569 935 738 972 accidere
757 936 895 986 potuit.
939 935 1074 985 Itaque
1092 942 1220 972 tantus
1241 948 1372 986 pavor,
1388 940 1474 970 tan-

358 1007 399 1036 ta
419 999 623 1049 trepidatio
641 999 728 1042 fuit,
750 1006 906 1047 quanta,
928 999 959 1034 si
983 999 1128 1042 urbem,
1147 1011 1227 1035 non
1246 1005 1382 1041 castra,
1402 997 1475 1034 ho-

359 1070 433 1099 stes
463 1062 692 1098 obsiderent.
748 1061 935 1098 Nautium
963 1061 1157 1098 consulem
1183 1053 1402 1098 arcessunt:
1434 1061 1477 1096 in

359 1139 435 1176 quo
461 1139 575 1175 quum
604 1139 737 1175 parum
766 1126 929 1175 praesidii
950 1126 1152 1169 videretur,
1177 1126 1479 1173 dictatoremque

357 1189 430 1227 dici
466 1188 645 1239 placeret,
684 1190 748 1238 qui
788 1202 868 1225 rem
911 1189 1121 1239 perculsam
1157 1190 1387 1231 restitueret,
1423 1187 1475 1224 L.

356 1254 558 1293 Quinctius
598 1254 846 1290 Cincinnatus
885 1266 1072 1291 consensu
1109 1254 1280 1290 omnium
1322 1253 1474 1290 dicitur.

357 1317 493 1368 Operae
522 1318 684 1367 pretium
715 1324 771 1353 est
800 1318 942 1362 audire,
974 1318 1037 1366 qui
1067 1318 1195 1354 omnia
1227 1330 1303 1366 prae
1333 1316 1472 1352 divitiis

356 1382 521 1418 humana
550 1388 745 1431 spernunt,
766 1395 889 1431 neque
917 1383 1053 1418 honori
1077 1394 1217 1430 magno
1241 1381 1383 1423 locum,
1406 1392 1476 1416 ne-

357 1458 429 1494 que
447 1446 577 1482 virtuti
599 1452 736 1497 putant
756 1458 850 1489 esse,
870 1447 943 1482 nisi
965 1446 1027 1482 ubi
1050 1446 1164 1481 effuse
1183 1445 1351 1482 adfluant
1370 1457 1475 1494 opes·

359 1510 450 1560 Spes
488 1510 607 1546 unica>
636 1511 783 1560 imperii
820 1511 950 1560 populi
988 1510 1156 1546 Romani
1191 1509 1238 1547 L.
1272 1509 1476 1548 Quinctius

357 1579 462 1610 trans
481 1573 664 1616 Tiberim,
686 1581 820 1610 contra
845 1587 931 1610 eum
959 1575 1082 1624 ipsum
1111 1573 1250 1617 locum,
1281 1573 1344 1609 ubi
1374 1585 1477 1609 nunc

358 1636 507 1674 navalia
533 1643 633 1680 sunt,
661 1644 824 1686 quatuor
842 1637 1023 1687 jugerum
1046 1637 1196 1674 colebat
1219 1649 1365 1686 agrum,
1392 1632 1478 1685 quie

358 1705 469 1750 prata
496 1700 679 1737 Quinctia
706 1707 901 1737 vocantur.
959 1701 1020 1737 Ibi
1049 1700 1097 1737 ab
1126 1700 1276 1750 legatis,
1302 1712 1368 1736 seu
1395 1699 1476 1736 fos-

361 1775 441 1800 sam
468 1763 616 1800 fodiens
646 1763 740 1813 palae
769 1765 928 1808 innisus,
953 1776 1019 1800 seu
1048 1777 1164 1813 quum
1192 1770 1340 1808 araret;
1370 1754 1480 1813 oper'i-

362 1834 476 1870 certe,
504 1828 542 1863 id
565 1829 668 1879 quod
688 1834 855 1872 constat,
876 1829 1016 1877 agresti
1041 1829 1234 1873 intentus3
1267 1821 1387 1864 salute
1409 1827 1475 1863 da-

363 1896 403 1927 ta
429 1892 470 1927 in
498 1891 617 1927 vicem
645 1892 880 1941 redditaque,
908 1898 1078 1941 rogatus,
1102 1897 1156 1935 ut,
1177 1893 1270 1940 quod
1295 1891 1376 1928 bene
1398 1898 1477 1927 ver?-

364 1961 451 1991 teret
486 1957 553 2003 ipsi
588 1958 708 2004 reique
742 1958 906 2006 publice&
947 1962 1088 2004 togatus
1122 1958 1295 1993 mandata
1337 1960 1482 1991 senatus

362 2010 528 2061 audiret,
546 2018 765 2062 admiratus,
802 2021 1062 2068 rogitansque,
1099 2022 1202 2056 satin'
1232 2020 1331 2056 salva
1367 2023 1478 2055 essent

362 2082 514 2117 onznia?
544 2087 675 2129 togam
705 2094 863 2131 propere
892 2095 914 2118 e
941 2083 1096 2131 tugurio
1123 2081 1291 2132 proferre
1319 2094 1478 2118 uxorem

359 2145 548 2182 Raciliam
578 2145 703 2196 jubet.
759 2148 845 2187 Qua
883 2148 1008 2191 simul,
1043 2148 1214 2184 absterso
1247 2146 1398 2197 pulvere
1431 2159 1475 2183 ac

359 2210 508 2254 sudore,
525 2211 667 2247 velatus
689 2212 885 2261 processit,
907 2212 1131 2248 dictatorem
1151 2224 1236 2248 eum
1256 2201 1370 2260 legati
1390 2222 1476 2260 gra-

355 2274 523 2318 tulantes
547 2275 811 2311 consalutant:
843 2277 884 2311 in
913 2275 1044 2312 urbem
1064 2282 1228 2311 vocant:
1260 2276 1324 2325 qui
1351 2281 1476 2312 terror
1514 2283 1519 2285 ’
1546 2283 1557 2303 ’·

359 2337 408 2373 sit
429 2338 468 2376 in
494 2339 907 2390 exercitu,·exponunt.
961 2340 1082 2378 Navis
1111 2340 1296 2382 Quinctio
1323 2338 1473 2392 publice
