1573 2598
101 1339 146 1370 U.
162 1337 200 1368 C.
216 1343 291 1370 322.

103 1383 144 1414 A.
161 1382 198 1412 C.
216 1386 291 1412 430.

103 1463 296 1497 Pestilentia.

112 2169 157 2201 U.
175 2168 212 2199 C.
229 2174 302 2199 323.

112 2212 156 2247 Δ.
171 2212 209 2246 c.
225 2218 299 2246 ως.

311 206 394 250 290
761 206 807 236 τ.
831 207 963 236 mvn

309 296 522 339 minuisset,
560 293 664 331 tribu
704 302 917 338 moverunt,
954 292 1260 345 octuplicatoque
1303 306 1416 336 censu

296 361 484 400 ‘aerarium
502 359 700 397 fecerunt:
733 372 844 408 quam
864 371 943 395 rem
968 359 1091 408 ipsum
1118 359 1263 407 ingenti
1290 359 1418 395 animo

311 424 443 463 tulisse
462 423 603 466 ferunt,
621 435 790 459 caussam
810 424 935 473 potius
956 423 1174 471 ignominiae
1191 422 1416 464 intuentem,

311 501 423 538 quam
461 488 737 537 ignominiam5
769 488 951 537 primores
985 486 1156 529 Patrum,
1192 498 1422 536 quamquam

313 552 546 589 deminutum
567 563 732 587 censurae
753 549 818 601 jus
837 550 1062 593 noluissent,
1081 549 1255 599 exemplo
1275 549 1420 586 acerbi-

311 616 404 653 tatis
432 616 612 653 censoriae
642 614 847 652 obfensos:
880 616 1017 665 quippe
1047 627 1162 664 quum
1191 626 1230 650 se
1263 615 1422 664 quisque

313 682 454 719 diutius
474 694 517 718 ac
537 681 671 731 saepius
702 680 913 732 subjectum
943 680 1161 717 censoribus
1190 680 1273 717 fore
1293 692 1422 717 cerne-

314 752 386 790 ret,
406 758 518 794 quam
537 758 733 781 censuram
757 751 961 794 gesturum.
1017 744 1156 795 Populi
1185 752 1286 781 certe
1314 751 1423 782 tanta
1474 731 1477 734 Α

313 810 528 859 indignatio
545 816 677 846 coorta
696 809 847 853 dicitur,
868 816 910 846 ut
930 810 982 846 vis
1003 823 1025 846 a
1044 809 1262 846 censoribus
1282 808 1422 847 nullius

315 874 559 917 auctoritate,
589 880 839 924 praeterquam
867 874 983 924 ipsius
1016 872 1216 917 Mamerci,
1246 872 1425 911 deterreri

315 938 489 989 quiverit.

367 1001 499 1038 XXV.
528 1000 690 1037 Tribuni
718 999 853 1050 plebis,
871 1000 1036 1038 adsiduis
1066 999 1312 1037 concionibus
1336 1012 1426 1051 pro-

313 1065 482 1103 hibendo
501 1065 715 1104 consularia
735 1065 903 1109 comitia,
925 1078 1040 1115 quum
1060 1077 1118 1101 res
1148 1077 1265 1116 prope
1291 1065 1339 1102 ad
1366 1065 1426 1102 in-

315 1137 533 1181 terregnum
551 1130 731 1180 perducta
753 1136 863 1173 esset,
886 1130 1030 1167 evicere
1046 1129 1214 1174 tandem,
1227 1135 1269 1166 ut
1284 1124 1427 1167 tribuni

314 1195 479 1233 militum
515 1193 704 1231 consulari
744 1200 935 1244 potestate
975 1200 1216 1231 crearentur:
1258 1194 1427 1231 victoriae

314 1259 525 1311 praemium,
563 1258 663 1309 quod
700 1258 913 1310 petebatur,
946 1265 989 1294 ut
1021 1258 1190 1308 plebeius
1223 1264 1426 1302 crearetur,

317 1322 463 1360 nullum
481 1322 554 1359 fuit
571 1338 578 1358 ;
611 1334 742 1358 omnes
761 1322 911 1373 patricii
943 1322 1058 1359 creati
1088 1328 1189 1365 sunt,
1210 1319 1268 1358 M.
1287 1319 1427 1360 Fabius

319 1386 543 1430 Vibulanus,
562 1385 618 1423 M.
639 1385 801 1430 Foslius,
828 1385 875 1422 L.
895 1386 1046 1436 Sergius
1076 1384 1249 1424 Fidenas.
1305 1383 1429 1422 Pesti-

317 1451 436 1489 lentia
454 1464 499 1488 eo
516 1463 616 1489 anno
636 1450 794 1487 aliarum
814 1463 938 1488 rerum
967 1451 1092 1488 otium
1120 1449 1282 1500 praebuit
1300 1463 1307 1487 z
1341 1449 1429 1487 aedis

318 1515 488 1569 Apollini
522 1528 590 1564 pro
625 1514 839 1551 valetudine
876 1514 1009 1565 populi
1046 1521 1137 1551 vota
1178 1519 1261 1552 est:
1310 1512 1432 1552 multa

319 1580 506 1617 duumviri
525 1591 572 1615 ex
591 1578 709 1620 libris,
731 1577 922 1629 placandae
952 1578 1081 1616 Deum
1101 1579 1179 1623 irae,
1200 1576 1431 1614 avertendae-

319 1656 393 1694 que
421 1657 445 1681 a
471 1641 613 1696 populo
643 1643 759 1692 pestis
789 1655 934 1687 caussa,
956 1642 1106 1681 feceret
1139 1653 1279 1690 magna
1302 1647 1431 1680 tamen

320 1707 445 1746 clades
465 1708 502 1744 in
523 1707 615 1744 urbe.
641 1707 829 1755 agrisque,
849 1708 1064 1756 promiscue
1092 1706 1290 1744 hominum
1317 1717 1432 1755 peco-

322 1784 478 1821 rumque
504 1772 683 1823 pernicie,
705 1777 882 1823 acceptaz
916 1771 1055 1811 famem
1084 1769 1291 1809 cultoribus
1320 1781 1431 1818 agro-

322 1849 405 1874 rum
430 1836 606 1875 timentes
636 1836 675 1873 in
703 1835 912 1880 Etruriam,
933 1834 1255 1887 Pomptinumque
1284 1844 1430 1883 agrum,

322 1906 362 1938 et
390 1900 544 1942 Cumas,
574 1905 769 1951 postremo
800 1899 839 1938 in
872 1898 1039 1938 Siciliam
1070 1909 1220 1950 quoque
1251 1896 1430 1935 frumenti

323 1975 456 2002 caussa
473 1964 620 2002 misere,
654 1962 924 2004 Consularium
943 1963 1185 2002 comitiorum
1202 1959 1306 1999 nulla
1324 1972 1431 1998 rnen-

324 2028 380 2065 tio
395 2028 527 2067 habita
546 2033 613 2064 est.
669 2026 830 2065 Tribuni
850 2026 1012 2064 militum
1032 2025 1221 2066 consulari
1242 2031 1432 2075 potestate

326 2105 457 2130 omnes
474 2091 622 2142 patricii
642 2091 759 2130 creati
777 2097 880 2135 sunt,
899 2090 947 2130 L.
967 2090 1140 2131 Pinarius
1159 2089 1431 2135 Mamercinus,

329 2155 376 2197 L.
403 2155 536 2194 Furius
565 2154 812 2199 Medullinus,
843 2155 907 2207 Sp.
933 2155 1149 2196 Postumius
1179 2153 1312 2193 Albus.
1373 2152 1434 2193 Eo

331 2235 432 2263 anno
462 2222 515 2260 vis
544 2221 667 2261 morbi
695 2220 832 2266 levata,
859 2232 980 2273 neque
1008 2233 1031 2259 a
1058 2219 1216 2272 penuria
1239 2217 1434 2261 frumenti,

331 2287 419 2338 quia
439 2293 526 2325 ante
555 2286 746 2339 provisum
774 2291 869 2328 era-t,
889 2283 1095 2337 periculum
1123 2283 1208 2323 fuit,
1265 2279 1437 2323 Consilia

330 2350 379 2391 ad
396 2350 582 2391 movenda
608 2348 709 2390 bella
726 2350 766 2389 in
784 2349 1011 2389 Volscorum
1029 2347 1318 2402 AEquorumque
1340 2356 1435 2385 con-
