1573 2598
449 186 610 216 LIBER
630 186 679 215 V.
715 183 823 214 eAP.
845 184 942 215 v11.
1170 180 1252 228 347

142 278 303 316 consilio
332 279 435 329 prius
468 281 565 315 inter
594 291 674 315 sese
702 277 851 320 habito,
883 282 1055 313 senatum
1085 275 1309 322 adeunt3U.
1326 279 1363 310 C.
1381 285 1457 325 3529

139 344 316 393 factaque
343 344 492 380 dicendi
520 349 724 394 potestate,
757 342 860 391 equis
892 354 930 377 se
960 342 1036 377 suis
1066 341 1254 390 stipendia
1265 323 1452 356 A'C'wo'

140 409 309 446 facturos
329 409 570 458 promittunt.
604 406 752 446 Quibus
773 419 888 455 quum
909 405 1148 456 amplissimis
1169 417 1252 440 ver-

139 472 198 509 bis
218 474 350 521 gratiae
370 472 417 509 ab
438 478 571 508 senatu
591 477 684 507 actae
707 477 846 513 essent,
868 469 1047 519 famaque
1064 482 1108 506 ea
1125 468 1252 505 forum

141 543 253 585 atque
273 537 403 572 urbem
428 536 668 586 pervasisset,
696 534 823 570 subito
851 534 897 570 ad
924 534 1065 569 curiam
1091 544 1252 568 concur-

140 613 201 637 sus
231 601 273 637 fit
301 600 432 650 plebis.
491 600 670 636 Pedestris
689 600 824 634 ordinis
843 611 892 641 se,
914 599 1034 640 aiunt,
1054 610 1149 634 nunc
1167 609 1249 637 esse,
1264 600 1354 631 Plebs
1370 610 1425 640 pe-

141 677 354 714 operamque
386 664 589 712 reipublice?
625 669 726 700 extra
766 664 926 699 ordinem
968 663 1154 710 polliceri,
1191 674 1250 698 sen
1263 645 1400 674 destrem

1265 687 1417 717 militiam

145 730 258 772 Veios,
285 741 345 765 seza
371 741 438 777 quo
461 729 534 764 αἷὶο
561 729 688 764 elucere
712 729 847 764 velint:
876 730 906 763 si
934 727 1034 763 Veios
1052 728 1150 763 ducti
1167 728 1351 778 sint,e31t1a
1367 740 1416 759 or-

138 799 295 842 negant,
315 805 351 829 se
376 795 457 829 inde
482 795 596 841 prius,
617 805 723 841 quam
743 797 851 840 capta
868 792 951 828 urbe
970 792 1136 834 hostium,
1156 792 1251 827 recli-
1264 774 1458 847 ἓζέξὲἲορῐω

140 863 238 894 turos
256 869 336 893 esse.
391 856 491 893 Tum
513 870 602 893 vero
624 856 708 907 jam
734 856 1021 907 superfundenti
1047 868 1087 892 se
1110 855 1254 891 laetitiae

139 922 204 957 vix
222 927 473 970 temperatum
494 927 572 956 est:
605 933 683 956 non
711 921 825 963 enim,
853 921 951 956 sicut
977 920 1136 968 equites,
1163 919 1254 955 dato

141 984 427 1033 magistratibus
456 985 630 1032 negotio,
661 983 805 1019 laudari
828 982 925 1034 jussi
941 999 950 1028 3
982 995 1106 1031 neque
1129 983 1255 1018 autin

142 1051 285 1085 curiam
303 1049 442 1091 vocati,
464 1048 598 1097 quibus
618 1061 839 1098 responsum
857 1048 1022 1090 daretur,
1040 1053 1106 1083 aut
1124 1046 1254 1082 limine

140 1113 252 1149 eur-iae
273 1112 541 1148 continebatur
562 1119 712 1148 senatus
733 1127 740 1147 z
773 1113 838 1148 sed
861 1125 929 1162 pro
959 1125 999 1148 se
1021 1112 1178 1160 quisque
1207 1122 1254 1146 ex

141 1178 334 1226 superiore
362 1176 448 1212 loco
481 1176 528 1212 ad
557 1176 852 1219 multitudinem,
886 1177 926 1212 in
959 1176 1115 1212 comitio
1149 1181 1253 1211 stan-

139 1246 232 1284 tem,
246 1253 337 1276 voce
357 1240 606 1289 manibusque
627 1240 839 1289 significare
859 1240 1050 1290 publicam
1070 1239 1254 1276 laetitiam.

140 1304 302 1341 Beatam
321 1304 452 1340 urbem
474 1303 705 1347 Romanam,
733 1311 771 1340 et
800 1305 994 1347 invictam,
1016 1313 1055 1339 et
1075 1309 1254 1341 aeternam

141 1367 205 1403 illa
225 1368 428 1404 concordia
454 1367 602 1404 dicere:
635 1367 795 1403 laudare·
809 1368 967 1416 equites,
995 1367 1149 1403 laudare
1174 1366 1259 1416 ple-

140 1431 241 1474 bem,
268 1432 366 1467 diem
385 1432 508 1481 ipsum
535 1430 709 1466 laudibus
729 1431 850 1467 ferre:
883 1431 1023 1467 victam
1043 1443 1123 1466 esse
1141 1429 1255 1466 fater-i

142 1496 361 1531 comitatem
380 1494 731 1543 benignitatemque
752 1500 916 1531 senatus,
965 1494 1151 1530 Certatim
1179 1492 1255 1530 Pa-

139 1560 260 1595 tribus
281 1559 456 1610 plebique
474 1572 627 1595 manare
647 1559 785 1608 gaudio
804 1559 967 1595 lacrimae
981 1557 995 1604 ’3
1028 1559 1163 1602 donec,
1194 1560 1255 1594 re·'

140 1624 284 1660 vocatis
312 1624 352 1659 in
381 1624 523 1659 curiam
551 1622 742 1666 Patribus,
774 1622 1146 1659 senatusconsultum
1174 1622 1255 1659 fac‘⁶

140 1695 222 1725 tum
241 1695 311 1732 est,
339 1690 387 1726 Ut
407 1690 536 1725 tribuni
552 1690 738 1732 militares,
757 1691 924 1725 concione
942 1691 1131 1731 advocata,
1148 1690 1255 1736 pedi-

142 1754 231 1789 tibus
260 1754 497 1801 equitibusque
524 1755 663 1801 gratias
691 1758 864 1800 agerent:
895 1752 1083 1789 memorem
1107 1754 1257 1800 pietatis

141 1830 261 1854 eornm
291 1830 375 1865 erga
399 1819 560 1866 patriam
589 1819 745 1853 dicerent
768 1822 930 1853 senatum
949 1817 1048 1866 fore.
1106 1818 1259 1853 Placere

141 1890 275 1927 autem,
308 1884 465 1920 omnibus
493 1884 546 1919 his
573 1885 815 1919 voluntariam
847 1887 948 1918 extra
976 1883 1135 1918 ordinem
1167 1894 1254 1930 pro-

131 1949 240 1999 fessis
256 1950 424 1985 militiam
443 1961 515 1984 cera
539 1950 728 1996 procedere
743 1963 755 1984 .·
784 1954 821 1983 et
841 1947 958 1996 equiti
979 1953 1101 1982 certus
1120 1958 1261 1982 numem

141 2026 204 2050 rus
226 2014 307 2049 aeris
328 2019 385 2049 est
404 2013 636 2061 adsignatus.
683 2012 782 2048 Tum
803 2012 966 2062 primum
988 2011 1091 2060 equis
1111 2022 1263 2046 merere»

144 2078 288 2126 equites
336 2084 544 2127 coeperunt.
600 2076 848 2112 Voluntarius
892 2076 1024 2111 ductus
1067 2074 1253 2111 exercitus
1265 2081 1470 2122 Stipendium

143 2141 258 2177 Veios
292 2155 370 2177 non
395 2142 539 2177 ‘amissa
566 2141 680 2177 modo
709 2140 876 2176 restituit
903 2152 1033 2190 opera,
1062 2138 1129 2174 sed
1155 2126 1441 2209 novagicgligitsgl‘.

144 2206 258 2242 etiam
295 2206 490 2242 instituit:
540 2205 586 2241 ab
625 2204 718 2241 urbe
763 2211 995 2241 commeatus
1033 2202 1253 2246 intentiore,

145 2274 258 2317 quam
286 2275 410 2312 antea,
439 2269 597 2305 subvehi
622 2281 734 2313 cura,
765 2280 816 2305 ne
834 2269 924 2319 quid
947 2274 1029 2305 tam
1052 2266 1150 2304 bene
1174 2278 1260 2304 me·

143 2332 219 2368 sito
239 2332 420 2369 exercitui
440 2332 493 2370 ad
505 2345 614 2369 usum
634 2332 795 2369 deesset.

665 2396 752 2437 QG
