1573 2598
348 161 431 212 462
803 172 848 200 T.
873 172 1003 202 mvn

158 264 248 296 U.C.
265 261 608 310 387.inte1·regnum
637 260 799 298 concilio
827 262 947 312 plebis
975 261 1124 307 habito,
1154 263 1340 314 adparuit,
1370 276 1452 314 quae

156 310 196 338 A.
210 308 246 338 C.
264 315 395 362 ³⁶⁵’ex
431 324 679 376 promulgatis
711 324 826 376 plebi,
859 339 942 375 quae
978 325 1163 363 latoribus
1195 322 1363 375 gratiora
1394 339 1452 364 es-

340 396 454 426 sent:
485 402 574 426 nam
597 389 640 425 de
662 388 810 427 foenore
835 396 948 440 atque
977 403 1069 440 agro
1096 391 1314 439 rogationes
1337 389 1452 440 jube-

344 453 453 497 bant,
475 453 520 490 de
537 452 687 503 plebeio
707 453 905 490 consulatu
925 453 1194 503 antiquabant:
1226 459 1264 490 et
1284 452 1453 504 perfecta
1486 469 1490 473 ·

345 523 505 567 utraque
523 529 582 553 res
602 522 714 560 esset,
733 518 773 554 ni
792 517 935 555 tribuni
961 530 1000 554 se
1021 519 1061 554 in
1081 519 1210 555 omnia
1228 516 1340 553 simul
1359 529 1451 554 con-

345 581 466 618 sulere
493 580 642 631 plebem
670 581 865 618 dixissent.
920 581 964 618 P.
982 581 1150 618 Manlius
1174 580 1307 618 deinde
1332 580 1453 617 dicta-

133 651 173 698 C..
187 650 327 680 Licinius
345 650 407 681 tor
438 657 517 681 rem
546 645 586 681 in
617 656 788 680 caussam
817 643 937 695 plebis
969 644 1180 688 inclinavit,
1212 644 1255 681 C.
1281 643 1450 688 Licinio,

129 702 333 775 ἕζζὲξίἑῗέζ
345 710 410 759 qui
437 708 610 745 tribunus
639 707 803 744 militum
829 707 967 752 fuerat,
995 710 1180 758 magistro
1208 708 1377 758 equitum
1405 707 1452 744 de

127 784 199 809 tum
212 779 250 809 de
266 778 332 819 ple·
343 771 454 823 plebe
481 771 595 809 dicto.
652 771 698 808 Id
726 784 824 821 aegre
847 771 979 808 Patres
1008 785 1138 823 passos
1169 772 1340 822 accipio,
1371 771 1451 808 dic-

125 821 177 853 be’
335 842 505 873 tatorem
532 836 747 887 propinqua
775 837 1005 886 cognatione
1022 836 1164 874 Licinii
1189 847 1229 872 se
1252 835 1351 886 apud
1376 835 1451 872 Pa-

339 905 416 936 tres
454 912 633 937 excusare
669 899 839 943 solitum,
872 899 984 936 simul
1018 906 1240 948 negantem,
1277 898 1451 946 magistri

335 965 510 1013 equitum
537 963 674 1014 majus,
694 976 807 1013 quam
834 963 979 1000 tribuni
1004 962 1227 1006 consularis,
1250 963 1450 1014 imperium

123 1027 220 1078 Sextii
233 1034 264 1077 e}
276 1028 327 1059 Li·
340 1040 431 1065 esse.
487 1027 659 1065 Licinius
683 1027 923 1076 Sextiusque,
947 1039 1062 1076 quum
1082 1025 1324 1063 tribunorum
1347 1025 1451 1077 plebi

120 1072 328 1154 fflffirgrtfflbde
336 1093 588 1129 creandorum
606 1092 748 1129 indicta
766 1092 922 1129 comitia
940 1097 1079 1135 essent,
1100 1091 1155 1128 ita
1179 1102 1219 1127 se
1243 1101 1387 1139 gerere,
1409 1095 1451 1127 ut

118 1158 323 1208 conjunctim
337 1157 515 1207 negando
537 1155 620 1208 jam
648 1156 721 1193 sibi
748 1156 844 1193 velle
872 1156 1088 1193 continuari
1115 1155 1315 1198 honorem,
1345 1166 1449 1191 acer-

118 1202 320 1284 ἑῗὲἓὲἒζὲἴ
336 1223 431 1259 rime
461 1221 710 1259 accenderent
743 1220 791 1257 ad
822 1219 874 1264 id,
905 1220 1006 1269 quod
1037 1218 1309 1256 dissimulando
1341 1223 1449 1269 pete-

118 1288 198 1322 suis.
334 1285 443 1329 bant,
472 1284 634 1336 plebem.
691 1285 836 1322 Nonum
851 1296 888 1321 se
909 1295 1046 1322 annum
1064 1282 1147 1331 jam
1167 1283 1265 1320 velut
1282 1283 1321 1320 in
1338 1283 1452 1319 aciem

334 1351 503 1387 adversus
529 1351 719 1399 optimates
749 1350 905 1386 maximo
939 1348 1113 1396 privatim
1143 1347 1319 1396 pericula,
1348 1346 1451 1382 nullo

328 1414 473 1463 publice
500 1414 738 1450 emolumento
763 1416 861 1448 stare
876 1427 889 1448 .·
925 1407 1142 1448 consenuisse
1159 1408 1244 1457 jam
1270 1421 1388 1446 secum
1414 1413 1451 1446 et

332 1480 536 1527 rogationes
555 1477 820 1526 promulgatas,
840 1480 876 1512 et
898 1476 971 1511 vim
992 1487 1132 1512 omnem
1160 1473 1358 1511 tribunicia
1383 1484 1451 1522 po-

334 1544 482 1579 testatis.
541 1542 667 1579 Primo
686 1540 933 1577 intercessione
956 1539 1176 1587 collegarum
1194 1539 1233 1574 in
1251 1538 1343 1586 leges
1367 1547 1453 1574 suas

329 1611 535 1657 pugnatum
553 1617 625 1642 esse
639 1621 652 1643 .·
679 1604 808 1641 deinde
825 1603 1048 1651 ablegatione
1062 1600 1263 1649 juventutis
1281 1601 1331 1637 ad
1353 1600 1387 1637 V
1383 1601 1449 1637 eli-

334 1677 475 1709 ternum
493 1671 624 1707 bellum
638 1686 649 1706 :
674 1674 855 1719 postremo
874 1669 1107 1704 dictatorium
1117 1666 1266 1716 fulmen
1284 1666 1322 1701 in
1338 1675 1375 1701 se
1393 1665 1449 1700 in·

335 1742 524 1775 tentatum.
553 1736 643 1773 Jam
660 1747 724 1771 nec
740 1735 905 1782 collegas,
918 1745 982 1770 nec
998 1733 1141 1775 bellum,
1157 1743 1223 1768 nec
1237 1731 1450 1767 dictatorem

334 1802 474 1839 obstare
486 1818 500 1846 ,·
529 1804 663 1850 quippe
680 1801 743 1848 qui
769 1800 879 1836 etiam
906 1809 1008 1834 omen
1031 1796 1169 1845 plebeio
1197 1794 1346 1837 consuli,
1368 1804 1448 1829 ma-

331 1869 447 1915 gistro
481 1867 642 1915 equitum
673 1877 714 1901 ex
744 1863 845 1912 plebe
876 1862 1037 1905 dicendo,
1069 1861 1208 1897 dederit
1221 1876 1234 1896 .·
1268 1870 1305 1895 se
1333 1858 1450 1906 ipsam

327 1931 468 1980 plebem
496 1935 532 1966 et
556 1929 742 1966 commoda
767 1928 903 1963 morari
929 1938 1006 1962 sua.
1062 1923 1232 1961 Liberam
1258 1921 1379 1958 urbem
1407 1933 1451 1957 ae

323 1994 456 2044 forum
478 2007 502 2030 a
528 1991 773 2034 creditoribus,
798 1991 924 2026 liberos
950 2000 1056 2036 agros
1083 1988 1128 2024 ab
1154 1985 1294 2033 injustis
1312 1995 1449 2033 posses-

332 2058 470 2095 soribus
494 2056 683 2104 extemplo,
702 2055 734 2090 si
758 2054 860 2095 velit,
881 2052 1009 2088 habere
1027 2063 1137 2100 posse.
1197 2050 1285 2090 Quae
1302 2060 1451 2085 munera

335 2124 480 2173 quando
506 2123 650 2158 tandem
672 2121 759 2156 satis
783 2123 889 2166 grato
918 2119 1038 2153 animo
1060 2118 1309 2158 aestimaturos,
1328 2116 1372 2157 si,
1392 2115 1449 2150 in·—

334 2193 388 2224 ter
406 2186 634 2236 accipiendas
652 2185 695 2221 de
712 2184 785 2220 suis
806 2182 999 2218 commodis
1022 2181 1238 2228 rogationes,
1262 2189 1360 2228 spem
1385 2177 1448 2213 ho-

331 2253 428 2288 noris
447 2250 619 2287 latoribus
637 2260 761 2284 earum
780 2247 942 2283 incidant
957 2246 978 2281 ,9
1004 2256 1075 2281 non.
1093 2255 1165 2280 esse
1186 2242 1364 2279 modestiae
1378 2253 1447 2290 po·

329 2316 410 2366 puli
430 2315 586 2351 Romani
613 2314 652 2349 id
676 2311 873 2361 postulare,
901 2313 944 2346 ut
971 2310 1045 2359 ipse
1062 2307 1206 2357 foenore
1235 2307 1382 2349 levetur,
1410 2308 1447 2340 et
