1573 2598
181 210 225 241 U.
269 216 364 242 .431.

183 254 214 285 Δ
289 259 363 285 321.

178 463 347 494 Judicium

182 507 222 537 de
236 507 365 537 Tuscu-

182 548 277 581 lanis.

183 1552 230 1583 U.
245 1551 282 1582 C.
296 1557 370 1582 432.

187 1596 230 1627 A.
242 1594 279 1626 C.
294 1600 368 1625 320.

186 1654 230 1684 A.
244 1652 363 1682 Corne-

189 1695 254 1725 lius
266 1694 365 1726 dicta-

188 1743 248 1768 201·

191 2128 296 2159 Nocte
306 2135 375 2157 cas-

192 2178 247 2219 tra.
255 2171 347 2202 relin-

192 2220 274 2254 quit.

371 108 457 163 586
818 123 864 152 τ.
886 123 1019 153 mvn

374 209 531 245 vitatem
550 208 704 253 excivit,
722 218 764 245 ut
784 210 1015 261 Capitolium
1035 218 1147 262 atque
1166 224 1248 256 arx,
1263 213 1477 262 moeniaque

375 279 414 310 et
440 281 574 324 portae,
602 273 718 324 plena
739 283 970 313 armatorum
997 277 1160 314 fuerint:
1192 285 1229 314 et
1251 291 1366 327 quum
1385 290 1479 315 con·

375 342 566 374 cursatum
598 337 950 388 conclamatumque
972 341 1019 377 ad
1046 353 1151 378 arma
1177 342 1353 378 omnibus
1383 341 1477 376 locis

375 405 488 443 esset,
521 401 643 451 prima
671 400 754 437 luce
782 414 852 438 nec
885 410 1031 446 auctor,
1061 416 1131 441 nec
1165 416 1298 441 caussa
1325 403 1490 440 terroris.

376 464 601 514 comparuit.
656 464 804 500 Eodem
824 477 926 502 anno
951 466 996 503 de
1020 466 1245 503 Tusculanis
1263 466 1394 503 Flavia
1418 478 1481 502 ro·

375 527 530 576 gatione
553 527 684 578 populi
709 527 783 564 fuit
805 527 1005 578 judicium.
1049 529 1108 566 M.
1128 529 1278 566 Flavius
1306 529 1481 565 tribunus

374 589 495 640 plebis
515 590 603 626 tulit
630 590 676 627 ad
704 589 899 641 populum,
922 597 963 627 ut
986 593 1023 628 in
1046 592 1081 628 T
1085 591 1283 629 usculanos
1309 591 1481 628 animad-

373 659 606 698 verteretur3
638 666 799 703 quorum
817 666 946 690 eorum
966 667 1038 704 ope
1057 667 1101 690 ac
1120 654 1280 691 consilio
1297 653 1496 690 Veliterni·

374 715 689 766 Privernatesque
721 716 864 767 populo
900 717 1256 754 Romanovbellum
1291 717 1484 754 fecissent.

374 778 544 830 Populus
563 780 801 817 Tusculanus
818 793 904 817 cum
922 780 1149 830 conjugibus
1179 793 1222 816 ac
1247 780 1374 816 liberis
1399 780 1482 816 Ro-

375 856 477 881 mam
499 843 622 880 venit:
656 856 702 879 ea
726 844 946 887 multitudo,
974 851 1076 880 veste
1104 851 1263 887 mutata,
1294 850 1333 880 et
1360 846 1485 894 specie

374 917 541 949 reorum,
571 905 692 943 tribus
718 906 866 949 circuit,
899 907 1058 956 genibus
1088 919 1128 944 se
1156 907 1326 944 omnium
1354 908 1485 944 advol-

375 982 466 1007 vens
481 984 490 1005 ε
522 968 606 1020 plus
625 971 754 1019 itaque
771 971 1031 1008 misericordia
1047 970 1094 1008 ad
1118 983 1242 1021 poenae
1259 972 1408 1008 veniam
1426 972 1487 1008 in-

375 1033 613 1085 petrandam,
640 1046 753 1082 quam
781 1046 913 1070 caussa
931 1034 978 1070 ad
998 1034 1139 1070 crimen
1164 1035 1400 1084 purgandum
1420 1047 1486 1071 va-

376 1097 461 1135 luit.
502 1096 641 1134 Tribus
661 1109 807 1141 omnes,
824 1104 961 1148 praeter
980 1097 1156 1141 Polliam,
1170 1098 1417 1146 antiquarunt
1431 1097 1486 1134 le-

377 1172 476 1211 gem.
532 1159 664 1198 Polliae
684 1162 873 1198 sententia
896 1161 982 1205 fuit,
1002 1162 1162 1212 puberes
1181 1161 1398 1198 verberatos
1416 1173 1485 1198 ne·

378 1224 471 1269 cari,
492 1223 672 1274 conjuges
698 1223 913 1274 liberosque
939 1224 1007 1262 sub
1035 1237 1178 1262 corona
1206 1224 1289 1273 lege
1313 1223 1403 1261 belli
1421 1236 1486 1260 ve·

378 1289 479 1326 nire:
510 1289 807 1337 memoriamque
835 1287 915 1338 ejus
945 1289 1009 1325 irae
1037 1287 1262 1325 Tusculanis
1291 1288 1330 1324 in
1362 1300 1486 1338 poenae

376 1357 459 1389 tam
486 1351 625 1389 atrocis
654 1358 827 1389 auctores
860 1353 1042 1388 mansisse
1074 1352 1121 1388 ad
1152 1358 1303 1402 patrum
1335 1358 1487 1388 aetatem

379 1421 544 1458 constat,
564 1427 635 1452 nec
654 1427 879 1464 quemquam
898 1414 1015 1452 ferme
1035 1427 1082 1452 ex
1095 1414 1221 1452 Poma.
1236 1414 1340 1451 tribu
1357 1414 1488 1451 candi-

381 1479 510 1515 datum
530 1479 721 1528 Papiriam
740 1479 838 1515 ferre
857 1478 1024 1516 solitum.

433 1542 675 1579 XXXVIII.
704 1542 925 1590 Insequenti
940 1555 1055 1585 anno,
1072 1542 1121 1581 Q.
1136 1541 1271 1585 Fabio,
1291 1541 1338 1579 L.
1353 1542 1488 1578 Fulvio

384 1605 617 1649 consulibus,
642 1606 692 1643 A.
711 1605 908 1642 Cornelius
928 1607 1072 1642 Arvina
1096 1607 1257 1642 dictator
1277 1612 1315 1642 et
1339 1605 1396 1641 M.
1415 1605 1489 1642 Fa-

383 1670 468 1708 bius
487 1670 697 1707 Ambustus
723 1670 905 1719 magister
923 1671 1107 1719 equitum,
1126 1676 1230 1706 metu
1249 1669 1430 1718 gravioris
1451 1670 1490 1705 in

385 1735 540 1772 Samnio
559 1733 647 1770 belli
675 1735 881 1783 (conducta
901 1736 1002 1771 enim
1031 1735 1153 1784 pretio
1182 1747 1204 1770 a
1232 1733 1401 1770 finitimis
1422 1732 1489 1783 ju-

381 1805 517 1836 ventus
546 1798 759 1845 dicebatur)
798 1798 1002 1834 intentiore
1031 1797 1176 1833 delectu
1206 1796 1354 1840 habito,
1383 1809 1491 1845 egre-

382 1864 486 1912 gium
504 1863 711 1900 exercitum
730 1862 905 1899 adversus
926 1862 1112 1898 Samnites
1127 1861 1327 1897 duxerunt.
1357 1860 1492 1896 Castra

381 1927 422 1962 in
436 1927 586 1962 hostico
603 1926 790 1962 incuriose
804 1926 859 1961 ita
874 1925 1013 1975 posita,
1031 1931 1222 1973 tamquam
1237 1923 1370 1974 procul
1381 1923 1490 1960 abes-

383 1996 442 2026 set
461 1990 601 2025 hostis:
634 2002 750 2038 quum
775 1989 902 2026 subito
922 1989 1104 2025 advenere
1126 1988 1351 2024 Samnitium
1369 1986 1489 2034 legio-

384 2064 451 2089 nes
471 2059 578 2089 tanta
597 2052 752 2096 ferocia,
769 2059 810 2088 ut
829 2052 967 2089 vallum
987 2064 1103 2100 usque
1122 2051 1170 2087 ad
1187 2050 1389 2086 stationem
1406 2049 1488 2086 Ro-

385 2130 534 2155 manam
555 2117 749 2155 inferrent.
796 2117 888 2154 Nox
896 2117 978 2167 jam
995 2115 1215 2165 adpetebat:
1238 2114 1274 2150 id
1295 2114 1490 2164 prohibuit

386 2183 621 2219 munimenta
654 2182 814 2219 adoriri:
861 2193 929 2218 nec
961 2179 1263 2220 dissimulabant,
1295 2184 1379 2214 orta
1407 2177 1490 2213 luce

386 2252 540 2297 postero
559 2246 620 2284 die
648 2245 828 2285 facturos.
884 2244 1076 2287 Dictator,
1097 2242 1163 2280 ubi
1184 2242 1402 2294 propiorem
1426 2252 1493 2292 spe
