1573 2598
453 163 607 192 LIBER
634 161 714 191 111.
746 161 854 190 CAP.
881 160 996 190 Lxx.
1202 153 1282 201 255

160 249 306 297 dignam
337 255 390 288 tot
414 251 652 289 consulatibus
678 251 867 291 anteactis,
898 249 1047 297 dignam
1070 249 1146 284 vita
1174 248 1284 289 omni,

156 314 269 361 plena
294 314 464 352 honorum
488 327 580 364 saepe
602 319 796 362 gestorum,
819 314 947 361 saepius
965 313 1185 348 meritorum.
1232 311 1285 347 A-

161 377 227 414 lios
259 380 415 416 consules
444 384 508 415 aut
539 391 606 427 per
637 379 878 426 proditionem
911 377 1098 424 dignitatis
1130 375 1288 411 Patrum

156 441 254 488 plebi
273 443 452 485 adulatos,
474 447 538 478 aut
557 440 679 477 acerbe
702 440 834 476 tuendo
854 439 947 486 jura
972 440 1107 475 ordinis
1127 440 1286 486 asperio-

161 516 235 540 rem
255 505 434 541 domando
454 504 718 541 multitudinem
726 502 861 553 fecisse
873 518 885 539 :
922 504 962 539 T.
978 502 1185 543 Quinctium
1203 512 1286 536 ora-

162 571 292 606 tionem
316 582 504 606 memorem
530 568 727 615 majestatis
744 570 913 612 Patrum,
942 569 1205 617 concordiaeque
1225 580 1285 604 or-

161 634 298 674 dinum,
314 637 350 668 et
370 637 567 681 temporum
586 634 621 669 z'n
634 633 763 680 primis
781 632 950 668 habuisse.
990 633 1102 668 Orare
1119 643 1196 667 eum
1213 632 1286 667 colss

162 695 359 743 legumque,
379 700 420 731 ut
438 701 657 743 capesserent
676 695 932 743 rempublicam
950 711 962 730 .·
993 706 1096 730 orare
1115 693 1285 735 tribunos,

159 762 200 794 ut
220 770 288 794 uno
307 760 427 794 animo
446 771 524 794 cum
545 759 742 794 consulibus
767 758 898 794 bellam
921 758 966 793 ab
988 758 1073 793 urbe
1097 768 1140 792 ac
1163 756 1294 791 moeni--

156 822 218 858 bus
236 823 445 871 propulsari
462 823 606 865 vellent,
630 822 838 870 plebemque
855 821 1072 857 obedientem
1093 821 1127 855 in
1149 830 1189 855 re
1211 823 1289 857 tam·

163 889 305 936 trepida
336 887 505 924 Patribus
529 887 726 935 praeberent
742 903 754 924 .·
792 888 978 935 adpellare
1007 887 1160 923 tribunos
1188 897 1284 921 com-

161 966 301 990 munem
315 955 492 1002 patriam,
513 955 760 1002 auxiliumque
777 966 899 991 eorum
924 955 1118 1002 inplorare,
1135 954 1286 989 vastatis

161 1020 271 1067 agris,
292 1018 377 1054 urbe
398 1030 512 1066 prope
530 1018 747 1066 obpugnata.
806 1019 1005 1054 consensu
1028 1018 1198 1057 omnium
1218 1019 1281 1055 de-

1298 246 1342 278 U,
1359 245 1396 276 C.
1414 251 1491 280 309.

1298 292 1339 320 A.
1357 289 1394 320 C.
1413 295 1490 322 443.

1296 1016 1450 1048 Deiectus

1245 1082 1252 1089 .
1295 1061 1443 1091 habetur.

157 1081 280 1118 lectus
318 1080 533 1116 decernitur
568 1081 817 1130 habeturque.
875 1082 1004 1120 Quum
1037 1080 1210 1117 consules
1244 1095 1284 1117 m

160 1146 347 1182 concione
383 1147 715 1196 pronunciassent,
755 1149 908 1196 Tempus
943 1161 1011 1185 non
1045 1161 1114 1185 esse
1146 1161 1286 1185 caussas

160 1214 392 1261 cognoscendi
407 1231 420 1257 ‚-
449 1225 566 1249 onmes
583 1212 748 1260 juniores
773 1219 915 1262 postero
935 1216 992 1250 die
1013 1216 1135 1263 pri-ma
1155 1216 1231 1250 luce
1250 1216 1286 1251 in

161 1291 287 1327 campo
319 1279 459 1315 Martio
492 1280 680 1324 adessent;
720 1282 966 1328 cognoscendis
994 1282 1122 1317 caussis
1142 1269 1284 1324 'eoru-m,

160 1343 222 1391 qui
238 1343 382 1378 nomina
402 1354 472 1378 nou
491 1343 680 1385 dedissent,
699 1343 787 1379 bello
804 1342 965 1392 perfecto
978 1355 1014 1378 se
1033 1344 1180 1379 daturos
1196 1347 1284 1379 tem-

157 1419 225 1456 pus
239 1423 251 1450 ,-
277 1418 344 1454 pro
364 1407 538 1442 desertore
548 1405 736 1456 futurum,
756 1404 853 1452 cujus
871 1418 941 1443 non
957 1406 1164 1455 probassent
1183 1419 1284 1443 caus-

159 1486 260 1510 sam:
290 1472 411 1508 omnis
434 1470 616 1521 juventus
643 1471 763 1508 adfuit
793 1477 948 1521 postero
967 1471 1036 1507 die.
1095 1471 1283 1507 Cohortes

158 1534 234 1572 sibi
268 1546 425 1583 quaeque
455 1534 696 1569 centuriones
731 1533 928 1582 legerunt:
971 1533 1052 1568 bini
1089 1539 1282 1569 senatores

163 1598 320 1647 singulis
341 1597 562 1634 cohortibus
583 1599 790 1648 praepositi.
824 1597 920 1633 Haec
941 1598 1070 1633 omnia
1089 1598 1182 1633 adeo
1202 1610 1282 1634 ma-

161 1669 245 1699 ture
265 1662 432 1712 perfecta
451 1663 679 1711 accepimus,
698 1669 737 1698 ut
758 1663 880 1711 signa,
898 1674 945 1698 eo
963 1662 1046 1711 ipso
1068 1662 1128 1698 ‹li-e
1143 1675 1165 1698 a
1180 1675 1286 1711 quae—

165 1727 329 1763 stoi-ibus
356 1740 404 1763 ex
440 1728 574 1763 aemrio
609 1733 761 1777 promta
794 1726 992 1775 delataque
1022 1727 1061 1761 in
1092 1739 1282 1776 campum,

164 1797 300 1841 quarta
318 1791 393 1826 diei
416 1791 514 1826 hora
538 1797 643 1827 mota
671 1804 716 1827 ex
736 1804 870 1841 campo
890 1791 988 1827 sint:
1023 1792 1283 1840 exercitusque

163 1869 298 1898 novus,
320 1856 449 1905 paucis
470 1855 691 1892 cohortibus
713 1861 881 1891 veterum
904 1854 1066 1891 militum
1087 1855 1288 1893 voluntate

165 1919 424 1970 sequentibus,
454 1920 635 1955 manserit
663 1920 709 1956 ad
734 1921 920 1956 decimum
943 1919 1118 1969 lapidem.
1176 1919 1284 1956 Inse-

164 1997 282 2035 quens
299 1984 376 2020 dies
396 1984 546 2020 hostem
564 1984 604 2020 in
624 1990 870 2034 conspectum
889 1984 1004 2027 dedit,
1021 1990 1219 2033 castraque
1239 1985 1289 2030 ad

166 2048 399 2086 Corbionem
418 2049 550 2085 castris
571 2056 659 2085 sunt
679 2047 896 2099 conjuncta.
926 2049 1059 2084 Tertio
1080 2049 1153 2092 die,
1167 2061 1284 2098 quum

165 2114 222 2149 ira
245 2112 458 2155 Romanos,
490 2112 589 2155 illos,
620 2126 735 2162 quum
760 2114 875 2149 toties
902 2112 1162 2155 rebellassent,
1191 2126 1284 2149 con-

169 2177 327 2213 scientia
355 2176 473 2227 culpae
507 2190 550 2212 ac
580 2177 792 2228 desperatio
823 2178 1002 2220 irritaret,
1037 2189 1145 2213 mora
1173 2177 1287 2213 dimi-

169 2237 279 2277 can'di
297 2241 402 2277 nulia
420 2247 474 2277 est
495 2241 609 2278 facta.

219 2304 352 2342 LXX.
393 2304 439 2342 In
464 2307 632 2344 exercitu
661 2305 840 2344 Romano
870 2319 985 2356 quum
1011 2306 1084 2343 duo
1112 2304 1285 2343 consules
