1573 2598
149 1349 193 1380 U.
209 1348 246 1380 C.
263 1355 336 1382 319.

149 1393 189 1424 A.
205 1392 242 1423 C.
259 1398 334 1425 43³.

151 1678 344 1711 Pestilentia.

357 167 437 212 286
807 181 852 208 T.
876 181 1009 210 1.1v-11

356 281 461 305 nono
485 274 574 318 post
598 267 748 304 demum
768 281 870 305 anno
890 281 975 304 cum
991 268 1038 304 T.
1058 268 1245 308 Quinctio
1263 269 1397 308 Penno
1419 273 1467 309 A.

358 331 577 368 Cornelium
608 332 769 368 Cossum
798 332 993 369 consulem
1022 333 1203 376 habeant,
1233 336 1469 372 existimatio

357 396 568 432 communis
599 396 775 433 omnibus
806 403 887 433 est:
924 410 1014 433 nam
1043 399 1158 434 etiam
1186 397 1279 435 illud
1308 399 1468 442 accedit,

359 473 407 496 ne
425 466 503 497 tam
524 460 625 497 clara
650 474 777 510 pugna
806 462 844 497 in
873 474 958 497 eum
988 474 1129 498 annum
1156 463 1352 499 transferri
1381 475 1469 513 pos-

359 530 430 568 set,
451 525 553 574 quod
568 524 707 562 inbelle
726 525 931 561 triennium
950 526 1067 562 ferme
1086 526 1303 576 pestilentia
1321 527 1470 577 inopia-

360 600 432 636 que
468 588 621 637 frugum
659 589 759 624 circa
795 590 843 626 A.
873 589 1093 625 Cornelium
1131 589 1324 626 consulem
1364 590 1468 627 fuit:

360 651 455 688 adeo
476 658 518 688 ut
543 652 697 701 quidam
716 652 885 695 annales,
905 652 1008 688 velut
1035 652 1191 696 funesti,
1211 653 1308 690 nihil
1336 660 1473 704 praeter

360 715 518 753 nomina
554 715 752 752 consulum
789 715 1007 765 subgerant.
1063 715 1215 753 Tertius
1249 717 1296 753 ab
1331 729 1471 753 consu-

359 778 442 815 latu
461 779 573 815 Cossi
601 792 722 816 annus
751 780 947 816 tribunum
977 793 1060 817 eum
1091 781 1254 818 militum
1283 780 1473 818 consulari

359 848 551 894 potestate
577 843 693 880 habet
713 860 722 889 ;
756 844 888 880 eodem
912 857 1013 881 anno
1033 845 1254 894 magistrum
1274 845 1443 893 equitum
1461 859 1469 881 :

359 920 436 956 quo
470 907 510 943 in
547 908 707 957 imperio
741 907 896 944 alteram
931 909 1119 956 insignem
1153 909 1270 945 edidit
1306 922 1473 958 pugnam

360 977 599 1020 equestrem:
632 984 678 1008 ea
705 971 825 1008 libera
853 971 1074 1022 conjectura
1102 978 1172 1008 est.
1229 973 1302 1009 Sed
1323 974 1382 1020 (ut
1401 986 1473 1022 ego

362 1033 544 1081 arbitror)
581 1047 678 1071 vana
709 1047 857 1071 versare
891 1035 930 1071 in
963 1047 1093 1072 omnes
1127 1035 1326 1085 opiniones
1359 1035 1471 1074 licet:

362 1111 478 1147 quum
499 1105 632 1135 auctor
651 1111 803 1149 pugnae,
820 1099 1034 1136 recentibus
1055 1099 1184 1150 spoliis
1205 1100 1242 1136 in
1264 1112 1369 1136 sacra
1388 1101 1474 1138 sede

361 1162 511 1212 positis,
531 1162 667 1198 Jovem
693 1175 812 1212 prope
838 1163 976 1213 ipsum,
997 1162 1057 1199 cui
1076 1170 1166 1199 vota
1184 1168 1305 1206 erant,
1325 1162 1473 1201 Romu·

361 1224 515 1275 lumque
534 1226 700 1270 intuens,
721 1226 823 1263 haud
851 1227 1081 1278 spernendos
1105 1226 1191 1264 falsi
1212 1226 1315 1263 tituli
1343 1232 1473 1272 testes,

350 1303 403 1327 —se
421 1292 468 1327 A.
490 1291 712 1327 Cornelium
731 1291 894 1328 Cossum
914 1291 1109 1328 consulem
1127 1292 1331 1341 scripserit.

416 1354 534 1391 XXI.
554 1355 612 1391 M.
626 1354 806 1391 Cornelio
825 1355 1110 1404 Maluginense,
1129 1355 1176 1393 L.
1193 1356 1348 1406 Papirio
1362 1355 1475 1393 Cras-

364 1434 407 1457 so
431 1421 664 1465 consulibus,
685 1423 872 1458 exercitus
895 1423 935 1459 in
958 1436 1090 1472 agrum
1110 1423 1310 1460 Veientem
1333 1436 1376 1461 ac
1401 1423 1475 1461 Fa-

364 1485 498 1522 liscum
531 1485 658 1522 ducti:
698 1486 833 1536 praedae
866 1485 1010 1523 abactae
1046 1487 1245 1523 hominum
1276 1499 1475 1537 pecorum-

365 1562 460 1598 que:
491 1549 613 1585 hostis
633 1550 672 1585 in
698 1550 797 1598 agris
817 1562 1002 1599 nusquam
1025 1550 1215 1594 inventus,
1235 1563 1358 1601 neque
1379 1564 1475 1602 pug-

364 1613 481 1651 nandi
514 1614 625 1663 copia
657 1613 780 1650 facta:
813 1614 923 1650 urbes
957 1620 1085 1650 tamen
1118 1627 1197 1651 non
1229 1615 1474 1665 obpugnatae,

366 1677 455 1728 qula
473 1677 691 1727 pestilentia
709 1677 892 1728 populum
910 1679 1061 1716 invasit.
1110 1678 1164 1715 Et
1183 1679 1387 1716 seditiones
1407 1680 1476 1717 do-

363 1741 417 1778 mi
446 1742 614 1790 quaesitae
643 1748 746 1785 sunt,
770 1755 840 1778 nec
867 1748 982 1778 motae
1010 1748 1152 1786 tamen,
1183 1742 1230 1780 ab
1261 1743 1323 1794 Sp.
1343 1743 1476 1781 Maelio

364 1806 521 1842 tribuno
553 1806 673 1856 plebis
691 1822 701 1852 3
741 1806 819 1855 qui,
857 1806 988 1843 favore
1017 1807 1182 1844 nominis
1212 1814 1404 1844 moturum
1436 1820 1476 1845 se

366 1868 509 1918 aliquid
537 1876 655 1913 ratus,
676 1877 716 1906 et
732 1869 906 1906 Minucio
926 1870 1025 1906 diem
1051 1871 1211 1914 dixerat,
1240 1877 1277 1908 et
1304 1872 1476 1922 rogatio-

367 1944 455 1968 nem
484 1933 530 1968 de
561 1933 798 1982 publicandis
827 1934 938 1970 bonis
972 1934 1120 1971 Servilii
1144 1934 1278 1972 Ahalae
1310 1935 1472 1973 tulerat:

367 1995 471 2032 falsis
499 1996 718 2033 criminibus
746 2010 768 2033 a
788 1996 964 2036 Minucio
990 1998 1286 2035 circumventum
1303 1998 1477 2037 Maelium

367 2071 544 2107 arguens,
569 2059 728 2095 Servilio
751 2061 890 2096 caedem
916 2061 1006 2096 civis
1031 2061 1239 2098 indemnati
1264 2061 1473 2113 objiciens:

367 2135 450 2172 quae
470 2123 626 2158 vaniora
654 2123 701 2159 ad
729 2123 912 2173 populum
940 2125 1024 2174 ipso
1049 2131 1204 2162 auctore
1229 2125 1346 2163 fuere.
1402 2127 1476 2164 Ce-

366 2193 488 2224 terum
518 2187 638 2235 magis
657 2188 712 2223 vis
733 2188 857 2224 morbi
880 2189 1142 2237 ingravescens
1163 2202 1260 2226 curae
1281 2197 1375 2234 erat,
1398 2196 1476 2227 ter·

366 2263 546 2299 roresque
574 2263 618 2286 ac
646 2252 845 2301 prodigia5
876 2253 1040 2289 maxime
1065 2254 1166 2302 quod
1193 2253 1331 2291 crebris
1361 2256 1475 2292 moti-

365 2313 435 2350 bus
455 2320 565 2351 terrae
591 2327 698 2352 ruere
720 2316 759 2352 in
788 2317 888 2366 agris
917 2317 1197 2355 nunciabantur
1224 2325 1338 2356 tecta.
1380 2318 1475 2356 -Ob-
