1573 2598
1166 127 1190 161 Ι.

375 202 531 230 ιῙΒΕΒ
555 200 640 230 111.
674 198 780 228 eAP.
804 199 898 227 ΧΠ.
1133 190 1212 245 185

95 290 182 338 quid
209 301 273 338 ego
302 289 414 337 legem
443 289 568 336 loquor
583 288 604 323 ,9
632 287 791 324 libertati
819 287 945 331 obstat,
977 300 1095 325 omnes
1122 291 1212 326 Tar·
1226 288 1268 318 U·
1285 287 1322 318 C·
1340 293 1415 320 29³·

95 358 232 406 quinios
261 356 427 404 superbia
457 358 654 403 exsuperat.
712 353 941 400 Exspectate,
976 354 1062 390 dum
1094 357 1216 392 consul
1225 331 1264 361 Α
1283 331 1319 361 c'
1336 338 1411 364 ‘¹⁵⁹'

97 424 162 455 aut
195 420 352 455 dictator
371 417 460 466 fiat,
491 428 594 465 quem
623 417 808 464 privatum
836 417 966 453 viribus
995 422 1032 453 et
1060 419 1217 454 audacia

97 486 307 530 regnantem
334 481 471 517 videtis.
528 478 852 515 Adsentiebantur
888 478 1013 523 multi,
1046 479 1215 530 pulsatos

98 558 138 582 se
166 550 378 594 querentes,
403 549 441 578 et
469 541 664 578 tribunum
694 542 739 577 ad
770 554 848 577 rem
876 543 1130 592 peragendam
1159 542 1216 579 ul-

98 615 158 645 tro
177 607 400 644 incitabant.

149 671 246 708 XII.
265 670 354 706 Jam
372 669 501 706 aderat
510 668 658 719 judicio
678 669 770 713 dies,
791 669 1086 719 adparebatque,
1099 670 1215 719 vulgo

94 737 268 773 homines
287 735 328 771 in
347 735 592 772 damnatione
611 734 790 770 Kaesonis
816 734 1033 771 libertatem
1052 736 1114 783 agi
1134 748 1215 771 cre-

95 799 208 838 dere:
247 805 330 835 tum
359 798 510 835 demum
539 804 692 834 coactus
723 810 809 833 cum
840 797 961 834 multa
988 798 1216 847 indignitate

94 863 299 916 prensabat
326 861 520 911 singulos:
553 861 808 911 sequebantur
835 863 1051 906 necessarii,
1075 862 1216 912 princi-

95 940 159 979 pes
180 928 356 964 civitatis.
402 927 450 964 T.
465 927 668 966 Quinctius
685 925 940 976 Capitolinus,
961 927 1024 975 qui
1044 933 1101 962 ter
1121 939 1216 963 con-

97 991 155 1028 sul
178 991 315 1035 fuerat,
336 1004 452 1040 quum
477 990 598 1026 multa
622 989 778 1026 referret
804 1003 873 1026 sua
896 989 1125 1039 familiaeque
1153 991 1218 1027 de·

99 1068 202 1099 cora,
233 1055 481 1092 adfirmabat:
513 1067 626 1103 neque
652 1056 687 1091 in
710 1054 881 1095 Quinctia
903 1060 1021 1102 gente,
1048 1067 1160 1103 neque
1182 1057 1219 1091 in

97 1124 242 1158 civitate
260 1122 429 1158 Romana
455 1126 594 1157 tantam
619 1122 775 1157 indolem
805 1126 880 1157 tam
903 1127 1054 1158 maturae
1077 1124 1221 1158 virtutis

97 1196 268 1232 umquam
296 1186 477 1220 exstitisse.
534 1185 650 1220 Suum
674 1185 833 1232 primum
861 1185 1007 1220 militem
1027 1183 1159 1233 fuisse,
1185 1197 1221 1222 se

95 1263 187 1299 saepe
206 1252 346 1287 vidente
366 1261 546 1298 pugnasse
565 1251 603 1285 in
622 1248 765 1285 hostem.
823 1248 886 1297 Sp.
905 1248 1056 1291 Furius,
1077 1251 1221 1286 missum

99 1313 144 1349 ab
165 1313 332 1353 Quinctio
353 1311 559 1360 Capitolino
582 1312 647 1347 sibi
665 1323 745 1347 eum
764 1312 801 1346 in
821 1311 935 1346 dubiis
952 1313 1024 1347 suis
1042 1312 1142 1347 rebus
1160 1324 1219 1348 ve-

97 1379 187 1414 nisse
204 1377 383 1413 subsidio:
412 1378 588 1412 neminem
612 1388 724 1412 unum
747 1388 831 1418 esse,
853 1374 951 1423 cujus
975 1379 1089 1424 *nzagis
1113 1390 1222 1426 opera

94 1447 202 1492 putet
235 1454 311 1478 rem
345 1444 560 1479 restitutam.
628 1442 675 1478 L.
704 1441 921 1485 Lucretius,
961 1443 1094 1479 consul
1130 1446 1221 1480 anni

99 1506 251 1558 prioris,
283 1506 428 1542 recenti
459 1505 582 1555 gloria
609 1507 751 1550 nitens,
785 1519 870 1543 suas
905 1507 1032 1544 laudes
1066 1509 1221 1557 partici-

99 1583 189 1622 pare
214 1583 299 1606 cum
321 1570 506 1613 Kaesone,
528 1583 739 1607 memorare
763 1582 926 1622 pugnae,
952 1572 1092 1608 referre
1114 1585 1221 1621 egre·
1247 1616 1254 1621 s

101 1635 166 1683 gia
187 1634 373 1678 facinora,
392 1647 495 1671 nunc
518 1635 558 1670 in
581 1635 902 1684 expeditionibus,
925 1648 1028 1672 nunc
1053 1637 1095 1672 in
1115 1638 1218 1674 acie:

101 1698 257 1735 suadere
279 1705 319 1734 et
343 1711 512 1741 monere,
524 1698 692 1746 juvenem
711 1702 905 1747 egregium,
926 1703 1136 1738 instructum
1156 1715 1224 1739 na·

101 1768 192 1799 turae
209 1762 442 1812 fortunaeque
467 1764 627 1800 omnibus
652 1764 762 1806 honis,
787 1766 983 1801 maximum
1008 1772 1226 1803 momentum

100 1840 220 1863 rerum
252 1826 326 1874 ejus
357 1829 525 1870 civitatis,
560 1830 598 1869 in
627 1841 886 1877 quamcumque
915 1831 1077 1873 venisset,
1105 1843 1222 1874 suum,

102 1904 210 1940 quam
229 1892 400 1934 alienum,
421 1893 572 1928 mallent
590 1894 701 1928 civem
719 1905 800 1929 esse.
859 1894 965 1935 Quod
991 1894 1163 1943 obfendat
1186 1897 1225 1932 in

103 1968 157 1997 eo,
180 1955 366 2004 fervorem
398 1961 434 1992 et
464 1957 657 1992 audaciam
689 1962 832 1993 aetatem
863 1960 1022 2006 quotidie
1053 1958 1226 2007 auferre,—

105 2019 200 2067 quod
222 2019 442 2056 desideretur
463 2021 645 2056 consilium
659 2037 672 2064 ,·
701 2022 741 2056 id
769 2023 807 2056 in
836 2022 910 2057 dies
938 2034 1102 2058 crescere.
1158 2023 1224 2060 Se—

104 2083 321 2120 vescentibus
349 2085 459 2126 υὶεὶὶε,
491 2088 749 2120 maturescente
778 2086 924 2127 virtute,
957 2087 1115 2122 sinerent
1143 2093 1225 2122 tan-

106 2151 181 2183 tum
209 2149 324 2184 virum
354 2160 472 2185 senem
499 2150 537 2184 in
562 2150 707 2185 civitate
726 2150 824 2198 fieri.
881 2148 995 2186 Pater
1027 2151 1125 2186 inter
1153 2152 1223 2187 hos

106 2209 152 2247 L.
178 2211 394 2255 Quinctius,
429 2213 490 2250 cui
517 2213 746 2249 Cincinnato
776 2226 991 2263 cognomen
1017 2221 1111 2258 erat,
1144 2229 1223 2252 non

108 2274 280 2310 iterando
305 2275 448 2319 laudes,
467 2289 516 2313 ue
543 2276 752 2313 cumularet
777 2277 1058 2319 invidiam„sed
1076 2279 1224 2315 veniam

106 2339 225 2374 errori
262 2344 374 2388 atque
412 2339 676 2377 adolescentiae
713 2341 891 2392 petendo,
929 2341 1015 2384 sibi,
1049 2343 1113 2390 qm'
1146 2354 1224 2379 non
