1573 2598
410 202 564 231 LIBER
589 201 671 230 111.
701 201 811 230 cAP.
832 201 941 230 XXI.
1144 198 1221 245 195

105 298 161 335 ta,
188 291 360 342 persequi
383 290 596 340 quaerendo,
617 301 769 339 quonam
788 291 892 325 modo
909 288 1100 326 exercitum
1117 291 1222 328 educ-
1236 293 1277 324 U.
1294 293 1331 324 C.
1348 300 1422 326 294.

107 358 181 393 turi
199 357 353 393 consules
373 360 496 397 essent,
517 366 602 403 quos
625 355 797 390 delectum
822 354 948 390 habere
970 366 1071 390 nemo
1095 368 1221 403 passu-

1234 337 1274 367 A.
1291 336 1329 367 C.
1346 342 1421 367 458.

1236 379 1393 419 Religiosa

105 433 167 457 rus
192 422 311 457 esset?
337 420 447 457 Nobis
463 431 557 462 vero,
578 418 701 467 inquit
727 418 944 460 Quinctius,
972 419 1064 455 nihil
1088 419 1439 461 delectujurisjurandi

105 496 193 533 opus
217 489 268 521 est
281 501 294 528 ‚·
322 496 443 532 quum,
463 495 532 531 quo
557 487 711 529 tempore
729 482 775 518 P.
800 481 960 518 Valerius
982 483 1031 518 ad
1051 484 1222 531 recipien-

105 549 190 584 dum
211 547 428 596 Capitolium
451 558 554 582 arma
578 546 674 594 plebi
698 546 810 588 dedit,
837 557 954 582 omnes
975 547 1013 582 in
1035 547 1140 583 verba
1158 545 1222 593 ju-

104 613 275 655 raverint,
296 615 523 647 conventuros
544 622 581 646 se
595 609 699 656 jussu
724 611 886 653 consulis,
909 622 973 646 nec
997 609 1127 657 injussu
1145 611 1223 647 abi-

101 681 212 712 turos.
268 676 454 712 Edicimus
477 676 610 723 itaque,
639 687 767 717 omnes,
794 676 856 722 qui
879 676 917 710 in
937 675 1042 711 verba
1055 674 1221 722 jurastis,

100 738 259 775 crastina
287 738 344 773 die
370 739 504 773 armati
531 738 580 773 ad
608 738 727 773 lacum
748 737 932 785 Regillum
955 739 1090 775 adsitis.
1147 739 1222 776 Ca-

101 801 224 838 villari
252 807 334 838 tum
361 799 520 844 tribuni,
544 806 582 836 et
610 800 793 851 populum
815 800 1009 838 exsolvere
1037 801 1224 851 religione

102 865 223 903 velle:
260 867 445 914 privatum
472 877 512 901 eo
542 870 697 914 tempore
727 866 934 907 Quinctium
953 865 1085 915 fuisse,
1116 864 1226 914 qaam

100 935 325 968 sacramento
343 931 464 967 adacti
480 932 563 966 sint.
621 930 694 967 Sed
715 930 886 967 nondum
904 931 1000 974 haee,
1021 944 1104 981 quae
1123 938 1224 967 nunc

100 1001 208 1031 tenet
236 993 418 1037 seculum,
447 993 681 1043 negligentia
703 994 830 1031 Deum
852 1001 1033 1032 venerat:
1066 1008 1136 1032 nec
1164 995 1223 1031 in-

103 1060 346 1110 terpretando
365 1058 438 1096 sibi
457 1060 614 1108 quisque
630 1058 896 1110 jusjurandum
921 1067 960 1097 et
985 1060 1088 1110 leges
1115 1067 1223 1111 aptas

102 1123 281 1166 faciebat,
306 1123 371 1159 sed
393 1135 480 1159 suos
506 1123 633 1172 potius
659 1136 783 1160 mores
810 1124 857 1160 ad
886 1136 931 1160 ea
957 1124 1224 1162 adcommoda·-

101 1187 181 1224 bat.
239 1187 361 1236 Igitur
389 1187 548 1231 tribuni,
577 1193 621 1223 ut
649 1187 886 1238 inpediendae
915 1188 969 1224 rei
997 1188 1102 1225 nulla
1138 1202 1224 1239 spes

103 1258 196 1295 erat,
218 1252 263 1287 de
282 1251 508 1302 proferendo
528 1252 696 1288 exercitu
714 1264 826 1300 agere
844 1265 852 1286 ι
885 1264 931 1288 eo
950 1253 1086 1301 magis,
1108 1253 1223 1302 quod,

101 1322 136 1353 et
154 1329 304 1365 augures
318 1315 435 1363 jussos
452 1316 572 1352 adesse
592 1317 642 1352 ad
661 1315 844 1363 Regillum
870 1317 1000 1359 lacum,
1026 1315 1130 1353 fama
1157 1330 1222 1355 ex-

100 1381 209 1424 ierat,
237 1382 418 1429 locumque
441 1381 666 1429 inaugurari,
689 1380 750 1417 u'bi
773 1382 959 1429 auspicato
983 1393 1065 1417 cam
1089 1383 1224 1430 populo

101 1446 161 1493 agi
186 1450 324 1493 possem
351 1449 405 1486 ut,
436 1445 611 1492 quidquid
629 1444 753 1480 Romae
779 1447 816 1481 vi
845 1445 1035 1481 tribunicia
1056 1450 1224 1493 rogatum

99 1513 198 1552 esset,
224 1509 263 1545 id
288 1509 437 1544 comitiis
461 1508 509 1544 ibi
535 1508 778 1555 abrogaretur.
835 1509 962 1544 Omnes
990 1509 1029 1544 id
1047 1507 1221 1555 jussuros,

99 1574 195 1622 quocl
222 1574 378 1609 consules
400 1574 559 1610 vellent:
585 1584 696 1621 neque
723 1574 817 1609 enim
840 1576 1126 1621 provocationem
1151 1585 1222 1610 esse
1252 1617 1257 1622 s

100 1638 238 1684 longius
255 1635 300 1672 ab
317 1636 402 1672 urbe
418 1636 517 1672 mille
536 1647 709 1684 passuum
724 1653 735 1673 .·
763 1641 798 1672 et
820 1637 988 1679 tribunos,
1005 1639 1036 1673 si
1053 1649 1094 1673 eo
1112 1639 1220 1673 adae·-

97 1699 214 1741 niant,
233 1700 272 1734 in
295 1699 373 1734 alia
397 1698 502 1734 turba
521 1698 717 1739 Quiritium
743 1697 913 1745 subjectos
928 1698 1018 1747 fore
1045 1700 1224 1735 consulari

99 1764 259 1811 imperio.
313 1761 526 1798 Terrebant
553 1762 635 1798 haec
649 1779 659 1807 3
700 1763 767 1799 sed
794 1763 857 1798 ille
884 1764 1070 1800 maximus
1098 1770 1223 1801 terror

100 1826 246 1862 animos
271 1825 455 1875 agitabat,
482 1826 585 1874 quod
613 1826 748 1875 saepius
771 1826 975 1865 Quinctius
1005 1828 1219 1870 dictitabat,

99 1889 148 1925 Se
178 1891 361 1926 consulum
391 1891 536 1927 comitia
567 1902 637 1925 non
668 1889 882 1927 habituram.
939 1892 1024 1927 Non
1050 1894 1105 1928 ita
1132 1895 1219 1929 civi*-

97 1957 210 1988 tatem
242 1963 376 2000 (egram
403 1963 486 1994 esse,
517 1956 559 1988 ut
590 1954 763 1989 consuetis
790 1954 952 1990 remediis
981 1956 1059 1990 sisti
1082 1956 1220 2002 possit.-

98 2015 273 2051 diotatore
301 2026 388 2063 opus
416 2026 486 2050 esse
511 2015 724 2063 reipublicae,
753 2019 808 2058 ut,
837 2017 899 2063 qui
928 2027 965 2052 se
995 2019 1143 2053 moverit
1171 2018 1221 2053 ad

93 2077 361 2113 sollicitandum
393 2081 530 2114 statum
561 2079 728 2121 civitatis,
761 2080 907 2122 sentiat,
940 2081 1016 2115 sine
1043 2091 1218 2127 provoca-

97 2145 194 2179 tione
212 2144 430 2179 dictaturam
447 2155 529 2180 esse.

153 2209 270 2246 XXI.
299 2209 459 2245 Senatus
486 2210 526 2245 in
546 2208 740 2258 Capitolio
760 2214 863 2244 erat:
896 2221 942 2245 eo
967 2208 1111 2245 tribuni
1131 2218 1217 2247 cum

100 2272 321 2322 perturbata
355 2273 464 2323 plebe
495 2273 679 2316 veniunt:
701 2271 924 2309 .multitudo
957 2272 1122 2310 clamore
1157 2274 1216 2311 in-

101 2336 222 2386 genti,
251 2348 351 2374 nunc
379 2337 591 2380 consulum,
620 2346 723 2372 nuuc
750 2325 923 2381 Patruin,
952 2335 1064 2375 fidem
1090 2338 1215 2389 inplo-

614 2400 698 2438 K2

1235 465 1417 496 reverentia„
