1573 2598
130 264 177 298 υ,
191 266 229 297 C.
245 273 321 299 294.

128 310 171 341 A.
187 309 225 340 C.
241 316 316 340 458.
362 335 369 342 ,

127 352 266 383 Tribuni

127 401 237 425 vetant
252 404 300 424 ar-

128 447 184 468 ma
199 438 285 468 sumi

127 480 161 510 in
180 481 305 511 Herdo-

128 524 236 555 nium.

126 654 274 687 Valerius

128 709 193 729 cos.
211 699 299 728 inve·

127 742 215 772 hitur
230 742 262 771 in

128 785 284 815 tribunos.

350 180 432 222 190
801 182 845 210 T.
871 182 1002 211 mvn

345 269 503 321 majore,
537 282 650 319 quam
679 270 864 313 venerint,
900 269 1052 307 silentio
1083 270 1266 309 abituros.
1321 273 1462 311 Conci-

345 334 437 371 hum
466 333 553 370 inde
581 332 656 383 legi
684 332 915 382 perferendae
944 332 1099 377 habere,
1130 341 1291 372 avocato
1319 336 1462 388 populo

347 398 396 435 ab
425 398 550 434 armis.
607 398 788 434 Senatum
817 398 969 434 interim
998 397 1171 435 consules
1200 399 1358 444 habent,
1387 401 1462 445 alio

349 475 388 499 se
413 461 556 512 majore
581 461 629 498 ab
654 461 815 498 tribunis
839 468 942 516 metu
962 462 1200 507 ostendente,
1222 476 1335 513 quam
1353 477 1466 514 quem

347 531 556 562 nocturnus
577 525 696 562 hostis
717 524 909 561 intulerat.

400 589 534 626 XVII.
563 589 771 638 Postquam
795 601 901 625 arma
928 589 1034 639 poni,
1061 596 1100 625 et
1125 590 1316 628 discedere
1340 591 1466 628 homi-

346 666 413 690 nes
443 653 490 690 ab
520 651 748 689 stationibus
777 652 1000 689 nunciatum
1023 660 1093 697 est,
1112 653 1156 690 P.
1178 653 1366 697 Valerius,
1387 654 1466 693 col-

346 719 433 769 lega
457 725 631 756 senatum
656 718 858 761 retinente,
878 730 917 754 se
937 730 983 754 ex
1004 719 1107 755 curia
1125 720 1301 770 proripit,
1321 720 1409 756 inde
1427 720 1467 756 in

345 783 529 834 templum
549 783 597 820 ad
614 782 788 819 tribunos
808 784 910 818 venit
929 797 937 817 τ
974 784 1071 824 Quid
1089 784 1155 819 hoc
1171 785 1225 820 rei
1243 789 1308 827 est,
1329 784 1467 835 inquit,

346 850 513 887 tribuni.9
541 849 612 897 Ap.
631 848 811 884 Herdonii
837 848 947 884 ductu
972 853 1007 884 et
1029 850 1189 897 auspicio
1214 848 1470 897 rempublicam

343 915 498 950 eversuri
519 914 633 949 estis?
666 913 756 947 Tam
770 911 869 959 felix
887 912 981 947 vobis
1003 914 1278 960 conrumpendis
1291 912 1388 962 suit,
1409 914 1470 962 qui

343 979 490 1014 servitia
506 981 625 1013 vestra
642 988 714 1012 non
733 977 921 1011 commovit
940 981 1066 1012 auctor
1081 978 1102 1012 ,9
1133 977 1251 1018 Quum
1275 977 1390 1013 hostes
1409 989 1469 1013 su-

341 1056 416 1092 pra
433 1048 544 1091 caput
559 1045 644 1085 sint,
666 1043 797 1079 discedi
817 1042 861 1078 ab
881 1044 1004 1085 armis,
1026 1042 1188 1090 begesque
1200 1040 1300 1089 ferri
1315 1041 1472 1089 placet?

346 1107 441 1144 Inde
469 1107 516 1144 ad
539 1105 822 1142 multitudinem
851 1106 1026 1141 oratione
1054 1117 1187 1141 versa:
1222 1104 1263 1140 Si
1281 1116 1341 1140 vos
1362 1104 1469 1148 urbis,

348 1173 519 1214 Quirites,
545 1173 574 1207 si
598 1172 706 1207 vestri
732 1171 836 1206 nulla
859 1183 948 1206 cura
977 1171 1095 1218 tangit
1107 1186 1120 1214 ,·
1149 1174 1189 1205 at
1215 1170 1473 1206 vos·veremiu.i

345 1237 449 1272 Deos
482 1240 627 1277 vestros,
664 1235 709 1271 ab
745 1235 900 1271 hostibus
934 1240 1069 1283 captos.
1135 1235 1282 1282 Jupiter
1316 1236 1473 1282 optimus

345 1301 535 1342 maximus,
561 1299 661 1336 Juno
686 1301 825 1347 regina,
855 1304 890 1335 et
911 1300 1094 1343 Minerva,
1124 1300 1190 1335 alii
1215 1300 1287 1334 Dii
1311 1299 1473 1347 Deaeque

346 1365 581 1401 obsidentur:
618 1369 737 1400 castra
767 1376 949 1401 servorum
975 1364 1137 1413 publicos
1167 1368 1300 1400 vestros
1323 1366 1474 1411 penates

348 1433 482 1465 tenent.
537 1428 626 1464 Hoec
643 1426 876 1476 vobisforma
893 1439 990 1463 scmae
1008 1429 1163 1463 civitatis
1180 1427 1352 1463 videtur?
1377 1427 1473 1462 Tan-

349 1497 427 1529 tum
445 1493 598 1528 hostium
617 1504 687 1528 non
703 1493 818 1528 solu-m
836 1493 935 1528 iutra
953 1504 1073 1528 muros
1091 1497 1157 1534 est,
1177 1492 1239 1527 sed
1258 1492 1296 1527 in
1314 1502 1397 1526 arce
1411 1502 1473 1527 su-

345 1569 419 1606 pra
435 1556 566 1606 forum
594 1558 800 1604 curiamque
815 1573 828 1592 .·
856 1557 1001 1592 comitia
1027 1557 1172 1592 interim
1196 1557 1234 1591 in
1251 1554 1343 1603 foro
1366 1559 1451 1590 sunt
1463 1570 1476 1590 .-

347 1626 494 1658 senatus
509 1622 548 1656 in
571 1622 671 1657 curia
695 1626 771 1657 est:
798 1621 897 1657 vel-ut
919 1632 1028 1668 quum
1049 1621 1162 1656 otium
1184 1624 1346 1667 superat,
1370 1631 1473 1655 sena-

344 1689 409 1721 :tor
437 1686 651 1721 sententiam
683 1685 796 1720 dicit:
826 1685 892 1720 alii
917 1684 1073 1724 Quirites
1098 1683 1314 1732 suffragium
1338 1683 1474 1719 ineunt.

351 1750 449 1793 Non,
480 1749 655 1797 quidquid
677 1749 832 1784 Patrum
856 1748 1039 1796 plebisque
1067 1752 1131 1790 est,
1162 1748 1332 1790 consules,
1363 1746 1474 1783 tribu-

346 1826 425 1857 nos,
445 1814 561 1856 Deos,
587 1813 812 1861 hominesque
844 1824 963 1848 omnes
987 1817 1147 1848 armatos
1172 1823 1275 1860 opem
1291 1810 1411 1860 ferre,
1438 1812 1476 1846 in

353 1878 573 1926 Capitolium
598 1889 752 1920 currere,
780 1877 930 1914 liberare
961 1889 1004 1913 ac
1027 1888 1163 1924 pacare
1190 1877 1475 1923 augustissimam

344 1944 453 1980 illam
489 1944 635 1979 domum
662 1943 763 1980 Jovis
795 1944 922 1991 optimi
955 1943 1104 1978 memmi
1140 1941 1293 1978 decuit?
1321 1939 1476 1976 Romule

349 2012 468 2055 pater,
497 2011 536 2042 tu
564 2011 715 2042 mentem
745 2011 858 2049 tuam,
886 2018 958 2055 qua
987 2006 1167 2053 quondam
1196 2016 1328 2046 arcem,
1355 2003 1401 2039 ab
1422 2003 1477 2039 his

348 2072 475 2108 iisdem
494 2070 637 2107 Sabinis
664 2083 753 2106 auro
778 2074 936 2118 captam,
962 2071 1140 2118 recepisti,
1169 2070 1218 2106 da
1245 2069 1351 2116 stirpi
1379 2072 1475 2103 tuae:

343 2135 430 2183 jube
454 2135 546 2171 hanc
570 2135 710 2183 ingredi
730 2136 840 2178 viam,
861 2146 970 2182 quam
998 2139 1038 2170 tu
1067 2135 1152 2177 dux,
1174 2145 1282 2182 quam
1311 2136 1392 2169 tuus
1418 2132 1474 2168 in-

348 2211 487 2248 gressus
514 2200 686 2235 exercitus
713 2203 775 2234 est.
833 2200 992 2243 Primus,
1022 2212 1078 2242 en,
1109 2211 1173 2247 ego
1200 2198 1474 2246 wasuh-quan-

351 2268 430 2300 tum
449 2262 612 2299 mortalis
628 2262 753 2298 Deum
774 2274 932 2311 possum,
954 2268 1002 2306 te,
1023 2276 1066 2300 ac
1085 2268 1149 2299 tua
1168 2263 1474 2310 vestigiasequar.

351 2325 542 2364 Ultimum
569 2327 753 2363 orationis
780 2326 869 2371 fuit,
889 2328 938 2365 Se
963 2340 1066 2365 arma
1092 2339 1233 2377 capere,
1248 2333 1473 2365 ,vocareom-
