1573 2598
306 124 392 180 396
761 136 807 166 Τ.
828 137 961 168 mvn

93 229 137 261 U.
148 230 185 261 C.
202 234 276 261 365.
309 222 439 260 raculo
471 222 651 268 audaciae,
685 235 753 261 seu
784 225 968 274 religione
1000 224 1115 262 etiam
1146 225 1275 268 motis,
1308 224 1415 277 cujus

91 273 187 347 θειξε
202 279 280 346 Ξὲιζζ
309 286 600 336 haudquaquam
635 287 830 338 negligens
867 295 925 325 est
960 301 1063 338 gens.
1126 287 1228 325 Veiis
1265 289 1417 326 interim

92 360 229 389 veniunt
244 370 298 399 pa·
308 363 388 387 non
416 351 532 387 animi
559 356 709 387 tantum
736 353 776 388 in
805 353 898 396 dies,
919 352 984 388 sed
1007 352 1122 388 etiam
1140 353 1251 396 vires,
1274 364 1418 399 cresce-

91 401 194 477 ἓξὲξ
212 402 274 433 Ro·
309 414 426 451 bant:
465 427 536 451 nec
571 413 757 452 Romanis
789 416 911 452 solum
947 428 994 452 eo
1026 414 1337 452 convenientibus
1371 428 1417 452 ex

310 478 426 527 agris,
447 479 511 528 qui
540 491 562 514 a
589 478 725 529 proelio
754 479 910 516 adverso
939 486 1004 515 aut
1033 479 1138 516 clade
1166 485 1285 529 captae
1314 477 1417 515 urbis

308 542 426 593 palati
453 542 619 586 fuerant,
643 543 709 579 sed
737 544 851 580 etiam
877 557 924 580 ex
941 543 1056 580 Latio
1076 543 1298 580 voluntariis
1326 555 1417 579 con-

307 605 526 649 fluentibus,
565 613 607 642 ut
641 607 681 643 in
716 614 824 657 parte
858 608 992 657 praedae
1029 613 1166 644 essent.
1221 606 1420 643 Maturum

302 667 386 718 jam
405 669 615 713 videbatur,
641 670 761 720 repeti
790 672 951 720 patriam
980 671 1147 721 eripique
1177 683 1222 707 ex
1250 670 1418 706 hostium

308 734 508 771 manibus:
541 735 606 771 sed
635 736 785 785 corpori
803 735 928 772 valido
955 742 1068 788 caput
1097 736 1235 773 deerat.
1290 734 1418 772 Locus

307 798 389 849 ipse
425 799 654 836 admonebat
684 800 850 844 Camilli,
887 808 926 837 et
961 813 1098 849 magna
1133 811 1219 849 pars
1255 798 1420 835 militum

309 868 403 906 erat,
424 864 488 912 qui
507 864 622 899 ductu
641 864 884 913 auspicioque
904 863 983 914 ejus
1009 877 1067 899 res
1090 875 1269 913 prospere
1294 874 1420 912 gesse-

308 932 417 963 rant:
458 933 496 963 et
525 927 710 963 Caedicius
746 940 900 976 negare,
937 940 978 964 se
1014 928 1316 970 commissurum,
1354 939 1421 963 cur

309 989 382 1027 sibi
410 996 475 1027 aut
494 991 667 1028 Deorum
692 998 758 1028 aut
781 992 979 1028 hominum
1003 992 1201 1041 quisquam
1223 991 1423 1040 imperium

308 1054 437 1091 finiret
456 1056 598 1106 potius,
619 1069 732 1105 quam
757 1057 838 1107 ipse
861 1069 1006 1093 memor
1034 1056 1175 1092 ordinis
1203 1056 1260 1092 sui
1287 1067 1422 1106 posce-

95 1125 270 1155 Arcessunt
310 1124 369 1154 ret
403 1119 684 1170 imperatorem.
742 1120 941 1157 Consensu
977 1122 1147 1157 omnium
1183 1119 1340 1170 placuit,
1373 1118 1422 1156 ab

95 1168 286 1199 caminum·
310 1182 437 1219 Ardea
456 1183 658 1220 Camillum
685 1184 826 1220 adciri:
860 1185 923 1221 sed
947 1191 1059 1221 antea
1077 1183 1252 1220 consulto
1275 1189 1422 1227 senatu,

310 1246 375 1294 qui
399 1245 535 1283 Romae
564 1254 685 1284 esset:
717 1248 812 1284 adeo
842 1248 999 1296 regebat
1027 1248 1156 1284 omnia
1183 1247 1318 1297 pudor,
1348 1247 1425 1282 dis-

304 1309 545 1359 criminaque
576 1324 702 1347 rerum
730 1324 849 1362 prope
885 1311 1038 1362 perditis
1069 1310 1180 1346 rebus
1212 1309 1426 1348 servabant.

312 1373 468 1423 Ingenti
486 1374 654 1424 periculo
672 1376 944 1412 transeundum
963 1388 1030 1426 per
1047 1376 1216 1411 hostium
1236 1375 1426 1412 custodias

314 1445 422 1476 erat:
454 1440 501 1476 ad
525 1453 609 1476 eam
633 1454 713 1477 rem
731 1441 892 1478 Pontius
912 1441 1124 1485 Cominius,
1145 1441 1293 1490 inpiger
1313 1439 1426 1490 juve·

312 1503 388 1547 nis,
405 1516 558 1554 operam
578 1504 784 1555 pollicitus,
805 1505 989 1542 incubans
1011 1505 1157 1548 cortici,
1178 1504 1344 1540 secundo
1358 1503 1427 1540 Ti-

313 1565 396 1603 beri
415 1568 462 1604 ad
488 1567 620 1605 urbem
646 1569 835 1606 defertur:
867 1570 967 1612 inde,
989 1582 1063 1617 qua
1081 1568 1295 1618 proximum
1313 1567 1387 1604 fuit
1405 1581 1428 1604 a

314 1631 410 1681 ripa,
430 1644 497 1682 per
515 1641 762 1683 praeruptum,
783 1646 904 1682 eoque
923 1632 1139 1682 neglectum
1160 1631 1329 1668 hostium
1349 1644 1414 1668 cu·

315 1695 463 1739 stodiae,
491 1708 623 1734 saxum
647 1698 687 1734 in
708 1697 940 1748 Capitolium
970 1697 1120 1733 evadit:
1153 1703 1203 1739 et,
1232 1695 1280 1732 ad
1307 1698 1428 1746 magi-

317 1765 456 1796 stratus
477 1760 625 1805 ductus,
647 1762 826 1798 mandata
845 1762 1031 1797 exercitus
1051 1761 1140 1797 edit.
1178 1753 1350 1810 Accepto
1368 1761 1429 1798 in-

318 1821 365 1857 de
392 1829 545 1860 senatus
571 1824 737 1869 decreto,
765 1832 806 1862 ut
829 1831 882 1868 et,
908 1825 1071 1861 comitiis
1097 1823 1250 1860 curiatis
1276 1836 1430 1861 revoca·

102 1883 280 1933 Camillus*
318 1895 380 1923 tus
414 1886 460 1923 de
492 1887 639 1932 exsilio,
662 1888 774 1939 jussu
803 1889 934 1940 populi
963 1887 1144 1926 Camillus
1173 1888 1337 1925 dictator
1365 1901 1431 1926 ex·

103 1929 236 2001 ‘⁶¹:53⁸OE
250 1929 298 1959 ἀμ
318 1949 462 2000 templo
485 1951 683 1995 diceretur,
703 1952 916 2002 militesque
940 1952 1124 1989 haberent
1150 1952 1428 2002 imperatorem,

319 2025 431 2063 quem
449 2013 602 2058 vellent,
632 2015 762 2052 eadem
790 2016 986 2065 degressus
1015 2015 1174 2051 nuncius
1193 2015 1308 2051 Veios
1338 2028 1431 2053 con-

318 2076 469 2113 tendit:
499 2077 677 2127 missique
697 2079 860 2115 Ardeam
890 2078 1006 2127 legati
1035 2079 1080 2114 ad
1105 2078 1319 2123 Camillum,
1340 2079 1430 2116 Vei-

321 2152 364 2176 os
394 2152 479 2177 eum
506 2141 738 2192 perduxere:
771 2155 836 2179 seu
859 2143 978 2192 (quod
1002 2143 1121 2191 magis
1148 2143 1297 2180 credere
1322 2143 1430 2189 libet,

321 2215 401 2240 non
428 2204 530 2254 prius
560 2204 772 2255 profectum
801 2205 848 2243 ab
867 2206 1007 2251 Ardea,
1028 2219 1139 2255 quam
1165 2207 1349 2257 comperit
1375 2206 1430 2244 le-

323 2278 410 2316 gem
433 2267 549 2306 latam
565 2284 576 2316 3
609 2269 711 2320 quod
729 2282 798 2308 nec
816 2270 963 2322 injussu
987 2270 1119 2323 populi
1137 2271 1274 2308 mutari
1294 2270 1431 2308 finibus
