1573 2598
118 226 163 258 U.
175 226 212 258 C.
230 233 306 263 429.

117 270 161 303 A.
175 270 216 302 C.
229 277 304 304 32³.

96 1691 208 1732 Papirii
222 1692 282 1742 foe-

93 1742 247 1767 neratons

96 1780 181 1810 foeda
190 1779 299 1811 libido.

311 121 398 169 572
742 127 788 156 T.
813 126 948 157 mvn

316 214 415 252 inter
434 226 473 252 se
491 214 648 252 mulcati
672 216 745 267 ipsi
771 217 901 266 virgis,
921 228 1036 266 quum
1063 228 1224 268 corpora
1248 217 1349 255 nuda
1365 216 1425 259 in-

315 278 492 316 tulissent
520 280 559 316 in
580 280 717 316 civium
736 285 893 325 coetum,
913 280 1111 317 vociferati
1130 288 1232 325 sunt,
1253 294 1306 326 se,
1324 281 1432 332 quod>

314 349 439 380 castra
463 343 642 381 Romana
667 344 813 394 ingredi
833 345 914 381 ausi
933 354 1074 390 essent,
1094 358 1118 382 a
1136 345 1290 382 consule
1307 346 1424 395 virgis

314 419 448 452 caesos,
468 420 511 444 ac
530 421 648 459 prope
668 409 789 445 securi
806 421 1004 460 percussos
1025 421 1117 446 esse.
1147 408 1342 446 Deformis
1361 422 1426 446 su-

315 478 403 522 apte
421 478 558 509 natura
577 485 636 509 res
655 485 771 522 quum
800 474 963 524 speciem
986 472 1135 523 injuriae
1157 473 1292 523 magiS,
1313 485 1427 524 quam

314 535 407 580 doli,
436 549 513 587 prae
542 549 582 574 se
609 537 740 581 ferret,
767 538 949 575 concitati
975 538 1149 575 homines
1179 544 1324 588 cogunt
1348 537 1427 575 cla-
1452 536 1455 538 ’

315 612 422 638 more
447 613 517 638 suo
543 595 788 651 magistratus
812 609 986 640 senatum
1004 614 1140 640 vocare
1155 617 1173 654 ¹.
1196 609 1234 639 et
1252 601 1332 646 alii,
1353 602 1427 640 cir·

315 671 548 702 cumstantes
568 665 786 709 concilium,
802 665 945 703 bellum
963 667 1003 703 in
1021 665 1220 703 Romanos
1239 672 1424 717 poscunt:

313 728 378 765 alii
394 729 442 766 ad
461 730 728 768 concitandam
744 731 785 767 in
804 743 909 767 arma
923 730 1202 767 multitudinem
1219 731 1426 779 agrestium

313 793 551 831 discurrunt:
584 794 826 844 tumultuque
862 795 976 832 etiam
1014 807 1126 831 sanos
1156 800 1426 832 consternante

312 856 475 901 animos,
496 857 726 901 decernitur,
749 864 793 906 ut
815 859 977 894 societas
1000 870 1086 894 cum
1113 857 1346 894 Samnitibus
1365 870 1427 895 re-

312 927 545 968 novaretur-3
576 921 768 972 legatique
788 923 836 960 ad
858 936 941 960 eam
969 935 1048 960 rem
1074 923 1291 960 mittuntur.
1345 921 1429 960 Re·

311 986 472 1037 pentina
500 999 559 1024 res
589 988 679 1037 quia
704 1000 817 1037 quam
843 1000 1016 1025 caussam
1039 987 1198 1031 nullam,
1216 994 1296 1025 tam
1314 999 1364 1025 ne
1381 986 1428 1025 fi-

311 1050 398 1088 dem
417 1052 569 1102 quidem
597 1053 779 1098 habebat,
810 1054 935 1090 coacti
961 1066 985 1090 a
1010 1051 1244 1090 Samnitibus
1265 1058 1302 1089 et
1321 1051 1427 1089 obsi·

311 1115 376 1153 des
395 1116 499 1162 dare,
520 1123 559 1154 et
577 1118 752 1168 praesidia
780 1118 822 1155 in
849 1117 936 1155 loca
961 1117 1110 1155 munita
1131 1117 1316 1167 accipere,
1336 1115 1427 1153 caeci

309 1179 444 1218 fraude
463 1187 502 1219 et
519 1183 577 1220 ira
594 1183 692 1221 nihil
710 1190 945 1221 recusarunt.
973 1183 1154 1221 Dilucere
1169 1182 1303 1219 deinde
1320 1181 1428 1219 brevi

310 1243 416 1283 fraus
435 1248 567 1298 coepit,
587 1254 792 1299 postquam
811 1248 1012 1286 criminum
1039 1245 1222 1285 falsorum
1251 1249 1426 1284 auctores

308 1307 522 1346 Tarentum
551 1313 866 1362 conmigravere:
898 1313 978 1355 sed,
1007 1312 1148 1347 amissa
1174 1311 1281 1347 omni
1308 1310 1354 1347 de
1385 1321 1431 1347 se

309 1378 518 1422 potestate,
548 1376 646 1413 nihil
673 1376 788 1421 ultra,
819 1389 934 1427 quam
964 1381 1009 1412 ut
1037 1374 1245 1426 poeniteret
1269 1373 1428 1421 frustra,

309 1435 491 1476 restabat.

362 1499 563 1540 XXVIII.
581 1502 643 1540 Eo
662 1515 766 1540 anno
784 1501 886 1554 plebi
907 1501 1095 1539 Romanae
1108 1501 1213 1539 velut
1231 1501 1334 1539 aliud
1351 1502 1426 1540 ini-

309 1562 407 1600 tium
433 1563 622 1602 libertatis
651 1566 798 1603 factum
833 1572 904 1609 est,
934 1565 1037 1615 quod
1071 1565 1175 1602 necti
1203 1565 1395 1602 desierunt
1413 1581 1427 1603 ε

309 1633 500 1665 mutatum
520 1637 646 1667 autem
660 1629 725 1680 jus
745 1629 796 1667 ob
818 1630 926 1666 unius
946 1629 1189 1666 foeneratoris
1208 1629 1319 1666 simul
1337 1629 1425 1667 libi-

311 1690 453 1737 dinem,
474 1693 587 1730 simul
606 1694 870 1730 crudelitatem
889 1693 1089 1742 insignem.
1134 1691 1183 1730 L.
1200 1691 1374 1743 Papirius
1393 1695 1425 1731 is

310 1754 411 1792 fuit:
443 1758 505 1793 cui
524 1770 640 1807 quum
663 1770 702 1795 se
732 1758 775 1795 C.
796 1757 982 1794 Publilius
1011 1756 1062 1793 ob
1092 1768 1141 1793 aes
1171 1756 1336 1794 alienum
1356 1771 1426 1810 pa·

310 1827 463 1859 ternum
480 1835 620 1860 nexum
641 1823 830 1869 dedisset;
863 1835 946 1873 quae
970 1829 1060 1860 aetas
1089 1822 1286 1872 formaque
1313 1823 1427 1860 mise-

309 1885 512 1922 ricordiam
532 1887 667 1924 elicere
685 1893 852 1937 poterat,
873 1886 919 1923 ad
944 1885 1141 1923 libidinem
1163 1893 1201 1924 et
1227 1893 1425 1925 contume-

308 1948 398 1984 liam
429 1950 597 1986 animuin
631 1951 911 1987 accenderunt:
947 1958 998 1994 et,
1029 1950 1160 1990 florem
1190 1951 1311 1987 aetatis
1341 1950 1422 2001 ejus

309 2012 476 2049 fructum
499 2013 753 2050 adventicium
783 2015 916 2050 crediti
945 2020 1063 2057 ratus,
1093 2015 1215 2064 primo
1243 2013 1425 2064 perlicere

311 2075 589 2113 adolescentem
627 2089 801 2114 sermone
834 2079 980 2114 incesto
1009 2084 1066 2113 est
1095 2083 1277 2113 conatus:
1318 2078 1420 2122 dein,

309 2146 511 2188 postquam
532 2141 858 2190 adspernabantur
873 2140 1057 2189 flagitium
1074 2152 1195 2183 aures,
1213 2141 1323 2176 minis
1343 2146 1421 2177 ter-

309 2204 437 2247 ritare,
459 2210 572 2254 atque
591 2205 807 2243 idemtidem
832 2205 1034 2242 admonere
1054 2204 1215 2241 fortunae
1233 2220 1238 2238 τ
1272 2212 1420 2255 postre-

310 2279 388 2313 m0,
403 2280 517 2318 quum
531 2270 779 2321 ingenuitatis
796 2270 931 2321 magis,
945 2282 1057 2321 quam
1072 2271 1268 2322 praesentis
1288 2269 1421 2307 condi·
