1573 2598
101 1700 268 1739 Suffragia.

312 192 367 234 62
767 205 813 234 Τ.
838 206 972 235 L1v11

313 298 352 327 et
380 305 426 328 ex
453 291 526 335 his,
547 290 758 327 senioribus
774 290 1080 341 junioribusque,
1100 290 1235 340 viginti
1259 290 1425 327 conscri-

313 362 388 406 ptae
420 356 625 392 centuriae:
658 368 761 391 arma
789 357 985 405 imperata,
1012 361 1160 391 scutum
1189 367 1258 405 pro
1287 354 1423 405 clipeo,

313 427 352 457 et
379 430 515 472 praeter
539 421 695 457 loricam
717 421 845 457 omnia
873 421 1014 457 eadem.
1070 420 1210 456 Tertiae
1236 419 1363 456 classis
1385 420 1426 455 in

313 485 588 533 quinquaginta
613 484 772 520 millium
800 497 953 520 censum
983 497 1062 520 esse
1084 483 1205 519 voluit
1227 498 1234 518 :
1266 483 1427 520 totidem

313 549 493 584 centuriae
514 554 551 584 et
575 548 648 590 hae,
673 548 879 596 eodemque
905 548 1120 584 discrimine
1143 547 1325 589 aetatium,
1345 546 1424 583 fac-

313 617 385 647 tae:
417 624 488 647 nec
517 611 562 647 ‹le
587 611 699 647 armis
723 611 926 660 quidquam
948 617 1158 656 mutatum3
1192 623 1312 646 ocreae
1340 616 1427 646 tan-

314 682 397 711 tum
427 675 596 711 ademtae.
653 674 700 711 In
729 681 863 724 quarta
895 675 1012 711 classe
1037 687 1169 710 census
1196 675 1360 723 quinque
1389 679 1428 710 et

313 740 449 789 viginti
473 739 644 783 millium,
666 740 825 775 totidem
848 740 1026 776 centuriae
1045 739 1155 775 factae
1175 753 1182 772 ·.
1215 751 1317 775 arma
1343 751 1426 774 mu-

313 810 407 847 tata,
428 804 523 840 nihil
542 809 676 853 praeter
695 804 842 839 hastam
863 809 900 839 et
919 809 1090 839 verutum
1111 803 1252 838 datum.
1303 802 1427 842 Quin-

313 874 353 903 ta
372 868 500 903 classis
520 873 644 909 aucta,
667 867 844 902 centuriae
867 867 1025 915 triginta
1044 866 1152 901 factae
1171 880 1178 900 ι
1210 865 1344 902 fundas
1371 865 1426 901 la-

312 931 492 981 pidesque
511 929 668 966 missiles
687 930 727 965 hi
748 942 875 965 secum
894 930 1095 979 gerebant:
1127 930 1166 964 in
1185 929 1242 965 his
1260 929 1425 972 adcensi,

314 995 539 1037 cornicines,
561 993 822 1042 tibicinesque,
843 994 882 1029 in
908 1001 984 1029 tres
1008 994 1194 1029 centurias
1223 993 1427 1030 distributi.

315 1059 502 1096 Undecim
521 1057 686 1094 millibus
708 1058 789 1094 haec
810 1058 936 1094 classis
957 1058 1192 1093 censebatur.
1248 1056 1337 1092 Hoc
1356 1056 1427 1093 mi-

312 1136 384 1159 nor
404 1135 536 1158 census
557 1122 740 1171 reliquam
759 1122 1041 1158 multitudinem
1059 1122 1193 1158 habuit
1213 1136 1219 1157 :
1246 1121 1333 1158 inde
1351 1134 1428 1158 una

313 1188 485 1224 centuria
518 1187 620 1223 facta
656 1193 726 1230 est,
760 1188 925 1223 inmunis
962 1186 1108 1223 militia.
1166 1186 1227 1222 Ita
1263 1186 1427 1236 pedestri

314 1252 480 1288 exercitu
506 1256 642 1286 ornato
668 1250 959 1299 distributoque,
984 1251 1151 1299 equitum
1178 1263 1224 1286 ex
1252 1250 1426 1300 primori-

314 1315 383 1351 bus
404 1314 566 1351 civitatis
589 1314 787 1350 duodecim
806 1314 956 1363 scripsit
974 1314 1174 1350 centurias,
1233 1314 1306 1349 Sex
1335 1314 1427 1349 item

314 1378 406 1415 alias
426 1379 613 1415 centurias
635 1378 756 1414 tribus
779 1378 826 1415 ab
851 1377 1021 1414 Romulo
1050 1378 1233 1413 institutis
1263 1377 1332 1413 sub
1362 1377 1426 1413 iis-

314 1443 412 1486 dem,
433 1443 567 1492 quibus
584 1443 818 1491 inauguratae
839 1448 959 1485 erant,
981 1442 1197 1478 nominibus
1216 1441 1319 1478 fecit.
1365 1442 1427 1478 Ad

313 1519 429 1556 equos
459 1507 636 1543 emendos
667 1507 764 1542 dena
790 1506 909 1542 millia
940 1507 1021 1542 aeris
1051 1518 1095 1541 ex
1126 1505 1279 1555 publico
1307 1506 1395 1542 data
1412 1522 1422 1551 5

313 1578 352 1608 et
376 1571 525 1621 quibus,
547 1584 662 1620 equos
682 1571 840 1614 alerent,
860 1572 979 1607 viduae
999 1570 1213 1614 adtributae,
1235 1583 1316 1618 quze
1335 1571 1427 1606 bina

313 1635 432 1672 millia
451 1637 532 1672 aeris
552 1637 591 1672 in
617 1648 736 1672 annos
764 1635 932 1684 singulos
957 1635 1175 1686 penderent.
1233 1634 1328 1670 Haec
1344 1648 1425 1671 om—

315 1701 379 1737 nia
403 1701 443 1736 in
468 1701 563 1736 dites
590 1714 611 1737 a
638 1701 864 1751 pauperibus
889 1700 1069 1736 inclinata
1095 1712 1221 1735 onera.
1278 1698 1428 1735 Deinde

316 1772 373 1801 est
399 1765 524 1801 honos
553 1765 700 1801 additus
721 1779 728 1800 ι
760 1778 837 1801 non
857 1765 958 1801 enim
980 1766 1039 1810 (ut
1058 1763 1104 1799 ab
1125 1762 1293 1799 Romulo
1313 1764 1427 1800 tradi-

316 1836 398 1866 tum
418 1829 533 1865 ceteri
559 1835 798 1865 servaverant
821 1830 945 1877 reges)
968 1828 1107 1863 viritim
1127 1827 1344 1876 suffragium
1365 1840 1427 1864 ea-

317 1894 402 1930 dem
430 1894 466 1929 vi
497 1894 703 1942 eodemque
724 1892 811 1943 jure
844 1893 1057 1943 promiscue
1091 1892 1264 1928 omnibus
1299 1891 1428 1928 datum

316 1964 399 1994 est:
432 1958 497 1994 sed
525 1959 661 2006 gradus
683 1958 788 2001 facti,
815 1964 858 1993 ut
881 1970 1003 2005 neque
1031 1956 1201 1991 exclusus
1232 1957 1429 2005 quisquam

317 2021 496 2070 suffragio
519 2021 719 2064 videretur,
747 2027 783 2057 et
802 2021 857 2056 vis
883 2020 1005 2056 omnis
1028 2031 1141 2068 penes
1164 2019 1346 2069 primores
1375 2020 1427 2056 c'r-

317 2086 444 2121 vitatis
465 2091 574 2121 esset.
603 2085 761 2134 Equites
782 2085 883 2120 enim
902 2083 1135 2119 vocabantur
1155 2083 1262 2132 primi
1283 2099 1290 2126 ;
1321 2090 1428 2119 octo-

320 2152 427 2199 ginta
455 2151 542 2186 inde
569 2151 698 2201 primae
721 2149 848 2186 classis
879 2149 1056 2185 centuriae
1079 2161 1085 2181 :
1118 2148 1169 2183 ibi
1200 2149 1229 2183 si
1253 2149 1427 2192 variaret,

320 2214 421 2263 quod
449 2227 534 2250 raro
558 2213 762 2257 incidebat,
782 2219 825 2249 ut
843 2212 1014 2249 secundae
1032 2211 1159 2248 classis
1180 2219 1426 2249 vocarentur:

321 2291 390 2318 nec
419 2277 497 2314 scre
519 2291 695 2327 umquam
717 2278 816 2314 infra
844 2279 897 2314 ita
926 2277 1207 2319 descenderent,
1227 2284 1268 2312 ut
1297 2277 1343 2313 ad
1371 2277 1430 2313 in-

320 2340 429 2381 fimos
456 2342 707 2394 pervenirent.
762 2341 846 2380 Nec
867 2342 995 2382 mirari
1019 2347 1184 2393 oportet,
1207 2341 1308 2378 hunc
1329 2341 1432 2378 ordi-

1551 2538 1560 2598 Q*
1556 2488 1559 2525 --
1557 2455 1559 2477 ,Δ
