1573 2598
402 163 556 192 LIBER
581 161 698 190 V111.
731 160 839 189 CAP.
865 160 946 189 111.
1143 156 1226 202 535

114 252 265 296 uitium,
285 264 397 301 quam
421 250 595 288 beneficii
620 248 898 291 Romanorum,
920 247 1104 283 memoria
1129 260 1225 297 prae-
1241 250 1330 282 U.C.
1348 258 1423 282 414,

116 319 259 354 sentior
288 316 384 360 erat)
406 315 464 351 his
495 327 534 350 se
563 315 674 350 armis
704 312 931 349 abstinuere.
988 311 1050 348 Ex
1077 311 1136 347 his
1166 316 1227 347 tot
1240 296 1279 325 A·
1296 294 1332 326 C·
1349 300 1424 326 33⁶·

113 380 263 431 populis
298 391 392 415 unus
425 379 558 426 ingens
592 377 792 419 exercitus,
826 376 920 412 duce
953 374 1096 411 Latino
1134 374 1227 411 fines
1244 382 1346 413 Latini
1361 390 1432 412 vas-

1244 424 1447 457 tantSarnni-

118 445 344 481 Samnitium
381 443 586 491 ingressus,
623 440 706 491 plus
750 440 1079 491 populationibus,
1118 451 1329 500 quamtium
1346 476 1447 508 agros„

116 508 275 559 proeliis,
315 507 476 544 cladium
511 506 623 543 fecit:
665 513 716 549 et,
756 518 983 554 quamquam
1020 505 1231 555 superiores

119 571 388 609 certaminibus
421 570 552 607 Latini
581 575 702 612 erant,
732 568 834 605 haud
867 569 991 611 inviti,
1018 580 1068 604 ne
1097 567 1232 617 saepius

118 636 371 673 dimicandum
390 635 504 677 foret,
526 646 617 682 agro
637 634 805 669 hostium
822 644 1027 668 excessere.
1084 631 1128 667 Id
1150 643 1235 681 spa-

119 701 217 736 tium
243 698 475 735 Samnitibus
496 697 623 733 datum
646 703 702 732 est
726 695 891 732 Romam
913 695 1059 744 legatos
1080 696 1237 731 mitten-

118 764 179 800 di:
213 764 276 812 qui
296 775 411 811 quum
430 761 595 797 adissent
615 767 802 804 senatum,
824 760 1023 808 conquesti
1042 760 1173 795 eadem
1197 771 1238 795 se

119 827 325 865 foederatos
345 827 438 876 pati,
456 839 538 874 quae
557 825 686 860 hostes
708 830 833 860 essent
851 823 966 873 passi,
983 823 1158 874 precibus
1178 824 1236 859 in-

121 893 217 929 fimis
248 893 404 942 petiere,
433 896 475 927 ut
509 892 598 926 satis
636 891 806 926 ducerent
843 890 999 925 Romani
1033 889 1236 931 victoriam,
1252 886 1287 917 Id
1302 895 1443 934 quemn?

121 970 227 1007 quam
259 956 480 992 Samnitibus
508 967 549 991 ex·
571 954 755 1002 Campano
785 954 1016 1002 Sidicinoque
1045 953 1142 989 hoste
1169 955 1238 990 eri·
1252 938 1302 1003 {2²3¹
1315 930 1446 1012 {gffim‘

117 1024 301 1072 puissent:
328 1033 372 1057 ne
396 1022 491 1057 vinci
519 1022 628 1056 etiam
654 1032 690 1055 se
707 1020 751 1056 ab
775 1021 1013 1067 ignavissimis
1026 1019 1174 1067 populis
1191 1020 1239 1055 si-
1254 1017 1431 1048 Romanos.

122 1094 256 1125 nerent.
314 1088 468 1124 Latinos
497 1087 781 1135 Campanosque,
811 1087 843 1122 εἰ
869 1086 931 1122 sub
954 1087 1088 1121 ditione
1111 1086 1242 1134 populi

124 1154 283 1190 Romani
309 1158 432 1194 essent,
462 1165 529 1201 pro
558 1154 708 1200 imperio
738 1157 902 1188 arcerent
935 1151 1094 1188 Samniti
1126 1164 1237 1199 agro3

120 1220 177 1256 sin
202 1220 391 1267 imperinm
416 1219 624 1260 abnuerent,
651 1219 762 1253 armis
787 1217 994 1253 coercerent.
1050 1216 1241 1253 Adversus

120 1284 203 1320 haec
230 1295 454 1333 responsum
483 1294 620 1332 anceps
649 1281 794 1324 datum,
816 1281 904 1329 quia
929 1279 1042 1317 fateri
1070 1279 1240 1331 pigebat,
1255 1277 1460 1318 Respmssum·

122 1347 163 1384 in
182 1352 372 1397 potestate
391 1358 460 1382 sua
476 1345 638 1382 Latinos
652 1343 734 1395 jam
749 1357 828 1382 non
848 1357 944 1388 esse,
963 1343 1241 1394 timebantque,
1254 1321 1423 1395 ἓξὲξ·

122 1424 171 1448 ne
195 1410 388 1459 arguendo
415 1410 698 1446 abalienarent:
734 1409 1000 1457 Campanorum
1027 1409 1140 1445 aliam
1160 1421 1241 1446 con·
1255 1416 1340 1447 ceps.

123 1477 296 1513 ditionem
320 1487 404 1518 esse,
426 1477 487 1524 qui
514 1487 585 1511 non
602 1474 757 1524 foedere,
777 1475 839 1510 sed
862 1487 930 1523 per
949 1475 1175 1518 deditionem,
1206 1476 1245 1510 in

109 1541 226 1591 fidem
251 1542 448 1577 venissent:
476 1541 598 1588 itaque
619 1539 834 1587 Campanos,
863 1551 924 1576 seu
949 1540 1074 1582 velint,
1094 1551 1155 1575 sen
1179 1551 1245 1575 no-

125 1607 207 1648 lint,
228 1607 434 1653 quieturos:
463 1606 500 1640 in
518 1603 661 1653 foedere
690 1605 825 1641 Latino
853 1604 947 1640 nihil
975 1615 1059 1646 esse,
1081 1616 1149 1652 quo
1172 1603 1245 1640 bez-

125 1670 214 1711 lare,
226 1679 316 1704 'cum
335 1668 459 1716 quibus
477 1669 547 1716 ipsi
564 1668 688 1710 velint,
707 1667 982 1715 prohibeantur.

179 1731 254 1768 ΙΙΙ.
292 1731 408 1770 Quod
450 1743 672 1781 responsum
720 1731 819 1767 sicut
866 1730 1000 1767 dubios
1039 1729 1243 1776 Samnites,

126 1795 306 1845 quidnam
344 1794 533 1830 facturum
573 1794 793 1830 Romanum
837 1800 1048 1838 censerent,
1087 1794 1244 1838 dimisit,

126 1860 181 1896 ita
201 1858 418 1909 Campanos
445 1865 549 1894 metu
575 1858 827 1895 abalienavit:
859 1859 1037 1902 Latium,
1058 1857 1161 1895 velut
1185 1859 1245 1895 ni·

126 1923 181 1959 hil
193 1921 277 1972 jam
292 1935 370 1958 non
387 1921 682 1958 concedentibus
698 1921 899 1966 Romanis,
915 1922 1120 1958 ferociores
1139 1921 1243 1959 fecit.
1256 1930 1360 1961 Latini
1377 1940 1432 1961 oc.

126 1987 276 2036 Itaque,
296 1999 363 2036 per
380 1987 544 2036 speciem
565 1986 740 2022 adversus
762 1987 950 2022 Samnites
976 1985 1066 2022 belli
1086 1986 1244 2036 parandi
1257 1973 1429 2047 ffilrffiusso·

126 2050 259 2086 crebra
277 2049 440 2086 conclia
458 2050 680 2092 indicentes,
702 2049 878 2086 omnibus
897 2049 1242 2086 consultationibus
1256 2059 1379 2090 bellum
1396 2061 1429 2090 in

127 2114 226 2168 inter
245 2126 284 2149 se
303 2115 490 2164 principes
517 2114 666 2150 occulte
684 2113 1138 2162 Romanumcoquebant
1163 2113 1244 2150 bel·
1257 2103 1352 2132 Rom.

129 2177 228 2213 lum:
261 2178 349 2213 huic
383 2191 533 2227 quoque
566 2179 742 2215 adversus
780 2184 989 2214 servatores
1021 2190 1108 2213 suos
1142 2177 1244 2214 bello

131 2241 346 2290 Campanus
382 2243 523 2280 aderat.
581 2244 651 2279 Sed
686 2256 915 2292 quamquam
949 2242 1079 2278 onmia
1107 2242 1152 2278 de
1185 2242 1243 2277 in-

131 2304 276 2343 dustria
296 2305 529 2349 celabantur,
550 2308 741 2358 priusque,
763 2320 875 2356 quam
901 2312 1143 2344 moverentur
1162 2305 1242 2343 Ro-

625 2370 744 2408 Aa4
