1573 2598
313 187 467 217 mmm
493 187 587 216 vn.
620 185 725 215 cAr.
748 186 893 216 xxm.
1073 184 1156 230 505

36 275 147 314 Galli
167 289 302 328 corpus
323 283 520 314 contracto
540 277 759 320 certamine,
780 289 908 327 pugna
934 284 1041 313 atrox
1063 289 1154 312 con·
1167 283 1208 313 U.
1220 283 1256 314 C.
1274 287 1348 315 406.

41 341 195 378 citatur.
249 341 275 377 J
278 354 337 378 am
350 354 428 378 non
443 341 643 393 manipulis
657 342 915 392 proximarum
928 341 1152 383 stationum,
1166 329 1205 358 A.
1221 327 1258 357 C·
1273 332 1348 359 ³³4⁵·

42 405 110 441 sed
129 404 342 454 legionibus
362 406 550 456 utrimque
570 405 695 442 effusis
722 417 780 441 res
801 406 955 454 geritur.
1013 404 1153 441 Camil—
1167 411 1323 460 Proelia-m-

42 466 101 504 lus
120 467 250 505 laetum
268 469 428 505 militem
446 469 606 505 victoria
623 469 781 512 tribuni,
801 469 931 505 laetum
950 474 1028 505 tam
1058 481 1155 518 prae—
1167 461 1344 537 ξδξῃὲἓὲι·

43 531 214 568 sentibus
241 545 284 569 ac
313 533 485 569 secundis
514 532 614 576 Diis,
645 533 699 568 ire
734 532 775 568 in
811 531 987 583 proelium
1016 520 1357 582 jubet:Gallivicti.

42 601 316 646 ostentansque
341 598 528 646 insignem
551 596 681 647 spoliis
708 596 918 640 tribunum,
941 597 1051 633 Hunc
1075 599 1158 634 imi-

45 665 138 704 tare,
167 662 283 704 miles,
314 661 464 706 aiebat3
497 666 532 698 et
559 663 655 697 circa
676 659 859 708 jacentem
893 661 1016 696 ducem
1044 665 1162 698 sterne

35 725 238 762 ‘Gallorum
254 731 426 762 catervas.
472 725 540 762 Dii
555 726 804 774 hominesque
823 725 877 761 illi
894 725 1047 761 adfuere
1062 739 1160 776 pug-

41 800 125 834 nae;
147 789 480 840 depugnatumque
498 789 790 838 haudquaquam
810 789 1016 825 certamine
1036 789 1158 826 ambi-

43 865 120 901 guo
136 866 225 890 cum
238 853 357 890 Gallis
378 860 458 891 est:
491 854 586 890 adeo
607 853 765 889 duorum
782 852 945 888 militum
965 860 1157 897 eventum,

45 918 144 953 inter
161 930 256 967 quos
278 924 488 968 pugnatum
508 924 604 961 erat,
623 924 780 966 utraque
800 917 898 953 acies
920 918 1054 953 animis
1073 931 1160 968 per-

43 988 207 1032 ceperat.
264 982 371 1019 Inter
390 983 545 1033 primos,
569 995 731 1031 quorum
751 992 955 1018 concursus
980 981 1073 1018 alios
1094 995 1160 1019 ex-

43 1047 199 1090 civerat,
228 1054 338 1084 atrox
366 1047 542 1098 proelium
561 1047 659 1083 fuit:
693 1046 768 1082 alia
796 1045 1014 1089 multitudo,
1036 1048 1159 1096 prius-

44 1123 158 1159 quam
177 1110 224 1146 ad
240 1110 456 1161 conjectum
476 1110 541 1146 teli
562 1111 721 1153 veniret,
739 1116 847 1158 terga
858 1111 982 1147 vertit.
1029 1110 1159 1148 Primo

41 1186 111 1226 per
129 1175 290 1212 Volscos
310 1175 586 1224 Palox-numque
599 1187 733 1223 agrum
751 1175 924 1224 dissipati
940 1181 1028 1210 sunt
1044 1189 1051 1210 :
1075 1176 1160 1212 iude

43 1238 222 1288 Apuliam
242 1252 286 1277 ac
308 1253 411 1276 mare
438 1239 601 1276 inferum
626 1240 829 1290 petierunt.
888 1238 1046 1282 Consul,
1067 1252 1160 1276 con-

43 1302 154 1338 cione
188 1303 385 1346 advocata,
420 1303 612 1339 laudatum
646 1302 843 1339 tribunum
876 1302 1007 1339 decem
1036 1303 1158 1340 bubus

43 1379 230 1416 aut-‘eaque
258 1381 399 1404 corona
418 1369 558 1404 donat:
590 1369 684 1417 ipse,
699 1366 828 1417 jussus
857 1367 903 1403 ab
925 1361 1059 1403 semaia
1076 1367 1157 1404 bel-

43 1430 122 1466 lum
145 1432 375 1468 maritimum
395 1445 540 1476 curare,
561 1445 647 1468 cum
673 1438 835 1481 praetorc
855 1431 1155 1481 junxiscaszra:

42 1494 110 1537 ibi,
132 1496 221 1544 quia
245 1509 303 1532 res
323 1497 424 1533 trahi
452 1497 615 1545 segnitia
635 1496 856 1532 Graecor-um
882 1508 961 1531 non
982 1497 1157 1532 commit-

43 1560 206 1595 tentium
226 1572 265 1595 se
285 1561 323 1596 in
343 1561 463 1596 aciem
478 1560 717 1603 videbantur,
736 1559 962 1596 dictatorem
979 1556 1155 1596 comitio—-

42 1635 124 1659 rum
146 1637 278 1660 caussa
306 1624 351 1661 T.
368 1624 558 1660 Manlium
582 1624 823 1672 Torquatum
853 1638 899 1659 cx
925 1625 1154 1675 auctoritate
1166 1630 1205 1660 T.
1231 1630 1374 1664 Manlius

43 1695 194 1723 senatus
214 1688 322 1725 dixit.
379 1689 573 1732 Dictator,
595 1690 780 1736 magistro
801 1689 969 1736 equitum
989 1689 1035 1724 A.
1058 1689 1154 1724 Cor-
1166 1676 1309 1706 dictator.

42 1750 143 1787 nelio
165 1752 286 1788 Cosso
306 1753 423 1797 dicto,
450 1755 606 1790 comitia
631 1752 844 1788 consularia
870 1752 1017 1796 habuit,
1040 1767 1154 1789 aemu-

42 1814 195 1864 lumque
217 1816 362 1853 decoris
388 1818 446 1853 sui
468 1817 666 1853 absentem
690 1816 747 1853 M.
775 1816 966 1852 Valerium
987 1818 1153 1854 Corvum
1165 1813 1256 1887 {mg
1275 1817 1350 1886 32}-

42 1879 99 1926 (id
126 1880 226 1915 enim
252 1876 306 1916 illi
325 1881 461 1918 deinde
486 1882 724 1930 cognominis
745 1881 834 1926 fuit)
857 1894 1003 1918 summo
1023 1882 1153 1919 favore
1196 1879 1205 1888 ’
1251 1879 1258 1887 ”
1341 1876 1349 1886 '

39 1944 184 1994 populi,
214 1952 289 1981 tres
320 1952 358 1982 et
386 1946 522 1994 viginti
550 1951 681 1981 natum
712 1958 846 1989 annm,
871 1946 1065 1982 consulem
1093 1960 1152 1982 re-

27 2009 255 2045 nunciavit:
297 2009 444 2059 collega
477 2009 604 2046 Corvo
643 2010 689 2046 de
726 2009 835 2059 plebe
871 2010 928 2046 M.
966 2010 1152 2061 Popillius

26 2071 174 2110 -Laenas
212 2081 386 2122 quartum
424 2074 558 2110 consul
591 2074 740 2110 futurus
778 2075 884 2110 datus
928 2081 997 2111 est.
1054 2076 1152 2114 Cum

23 2135 183 2172 ·G1·aecis
209 2150 232 2178 a
251 2138 413 2175 Camillo
432 2139 537 2175 nulla
558 2139 814 2174 memorabilis
834 2145 941 2188 gesta
966 2152 1024 2174 res
1041 2154 1048 2174 ι
1080 2153 1152 2177 nec

40 2199 95 2236 ini
113 2206 228 2244 terra,
248 2214 318 2238 nec
337 2202 536 2239 Romanus
555 2204 651 2239 mari
666 2203 829 2240 bellator
848 2210 939 2240 crat.
996 2203 1151 2242 Postre-

40 2275 118 2305 mo,
140 2275 256 2312 quum
283 2265 457 2303 litoribus
486 2274 717 2310 arcerentur,
746 2280 844 2316 aqua
873 2268 988 2303 etiam
1017 2279 1154 2317 praeter

26 2334 165 2363 scetera
192 2331 403 2368 necessaria
431 2332 515 2369 usui
535 2332 747 2376 deficiente,
775 2331 927 2369 Italiam
956 2332 1151 2383 reliquere.

91 2389 193 2429 VoL.
213 2391 246 2431 Ι.
631 2397 664 2435 Ζ
