1573 2598
364 135 450 192 388
824 154 869 182 T.
892 152 1027 184 mvn

173 225 265 302 gg:
281 233 357 308 ἓξὲξ·
368 240 433 277 nia
451 241 645 277 turmatim
663 240 847 286 barbaris,
869 242 1086 280 audiebant.
1133 243 1259 282 Omne
1277 246 1365 284 inde
1383 254 1479 286 tem·-

367 317 437 355 pus
457 317 658 355 suspensos
677 306 732 343 ita
750 308 875 343 tenuit
892 307 1039 343 animos
1059 320 1178 357 usque
1200 310 1248 346 ad
1275 309 1397 348 lucem
1423 313 1479 349 al-

366 375 501 413 teram,
522 376 564 406 ut
583 370 799 407 idemtidem
811 370 896 421 jam
914 371 955 408 in
974 371 1107 409 urbem
1122 372 1274 411 futurus
1293 376 1481 413 videretur

366 434 517 484 inpetus
540 435 664 484 primo
690 435 866 478 adventu,
886 449 962 484 quo
985 444 1223 474 accesserant
1248 439 1296 475 ad
1323 439 1479 477 urbem:

367 510 565 534 mansuros
595 498 696 534 enim
723 499 771 535 ad
797 498 938 536 Alliam
966 499 1096 543 fuisse,
1127 501 1202 537 nisi
1229 501 1304 539 hoc
1333 502 1482 539 consilii

366 561 479 599 foret.
535 561 685 598 Deinde
711 562 781 599 sub
807 575 984 600 oceasum
1011 563 1118 607 solis,
1140 565 1230 614 quia
1256 566 1356 603 haud
1385 566 1484 603 mul-

367 631 450 662 tum
471 626 546 662 diei
570 633 778 677 supererat,
798 634 887 664 ante
911 634 1065 665 noctem
1088 630 1161 665 rati
1191 642 1230 666 se
1258 631 1480 676 invasuros;

366 696 450 726 tum
468 691 509 727 in
527 697 679 728 noctem
697 691 856 728 dilatum
874 691 1078 730 consilium
1096 706 1191 738 esse,
1213 707 1289 744 quo
1307 694 1391 745 plus
1414 708 1482 745 pa-

366 755 467 791 voris
495 754 692 792 inferrent.
748 755 949 793 Postremo
986 756 1053 794 lux
1081 759 1388 809 adpropinquans
1418 771 1484 796 ex-

366 819 560 856 animare:
592 820 796 869 timorique
823 828 1008 871 perpetuo
1037 822 1161 871 ipsum
1189 822 1331 859 malum
1360 823 1484 859 conti-

366 895 459 919 nens
489 883 576 927 fuit,
606 897 722 933 quum
758 885 869 933 signa
897 884 1037 921 infesta
1073 886 1194 935 portis
1228 893 1318 922 sunt
1352 886 1484 924 inlata,

341 946 619 997 ‘Nequaquam
646 955 775 985 tamen
801 962 846 985 ea
872 955 1000 993 nocte,
1028 962 1152 999 neque
1181 951 1395 1000 insequenti
1424 951 1484 988 die

366 1013 498 1050 similis
518 1013 587 1058 illi,
608 1028 691 1064 quae
711 1015 757 1051 ad
775 1014 915 1052 Alliam
941 1021 1021 1051 tam
1049 1016 1183 1066 pavide
1206 1015 1371 1065 fugerat,
1392 1017 1484 1053 civi-

365 1083 422 1114 tas
459 1078 545 1116 fuit.
600 1079 705 1115 Nam
737 1092 853 1129 quum
889 1079 1044 1116 defendi
1079 1079 1211 1116 urbem
1249 1093 1374 1131 posse,
1403 1088 1484 1118 tam

364 1154 481 1193 parva
508 1143 642 1181 relicta
667 1156 797 1187 manu,
825 1156 909 1194 spes
938 1142 1043 1180 nulla
1072 1150 1184 1188 esset,
1211 1144 1369 1195 placuit,
1397 1158 1483 1183 cum

365 1205 593 1257 conjugibus
614 1220 657 1244 ac
676 1207 803 1244 liberis
824 1206 1070 1257 juventutem
1089 1208 1483 1245 militarem‘senatus-

148 1259 348 1334 ffii'iitffiliisum
367 1272 439 1321 qu'e
455 1271 572 1309 robur
586 1272 625 1308 in
645 1284 770 1309 arcem
787 1271 1095 1323 Capitoliumque
1112 1273 1334 1317 concedere,
1350 1273 1483 1310 armis·
1537 1305 1542 1309 ,

145 1345 300 1383 juventus
366 1348 439 1385 que
456 1342 496 1372 et
514 1335 706 1372 frumento
727 1335 902 1379 conlatis,
924 1348 971 1373 ex
994 1335 1080 1372 loco
1100 1336 1187 1373 inde
1208 1338 1357 1374 munito
1375 1336 1482 1374 Deos

148 1397 295 1431 ‘'ccupat‘
365 1400 614 1450 hominesque
633 1408 671 1438 et
689 1400 910 1438 Romanum
930 1413 1071 1437 nomen
1090 1400 1303 1438 defendere.
1342 1401 1484 1438 Flami-

363 1478 452 1502 nem
481 1467 771 1515 sacerdotesque
796 1466 969 1503 Vestales
999 1479 1107 1503 sacra
1134 1467 1289 1516 publica
1317 1481 1340 1504 a
1367 1467 1482 1511 caede,

363 1529 412 1567 ab
432 1531 613 1567 incendiis
640 1530 774 1581 procul
797 1530 944 1567 auferre
962 1545 969 1566 :
1002 1543 1072 1566 nec
1092 1539 1181 1566 ante
1200 1531 1322 1568 deseri
1339 1531 1483 1568 cultum

363 1606 510 1638 eorum,
531 1607 644 1643 quam
662 1607 741 1631 non
761 1601 1014 1644 superessent,
1033 1595 1098 1643 qui
1117 1594 1299 1631 colerent.
1356 1595 1396 1631 Si
1415 1608 1482 1632 arx

364 1658 688 1710 Capitoliumque,
726 1659 832 1696 sedes
869 1658 1055 1701 Deorum,
1094 1659 1127 1694 si
1163 1665 1331 1703 senatus,
1369 1666 1484 1709 caput

363 1723 508 1775 publici
528 1724 692 1767 consilii,
713 1725 744 1760 si
770 1722 942 1760 militaris
966 1722 1149 1773 juventus
1170 1723 1398 1774 superfuerit
1423 1724 1482 1760 in-

364 1789 525 1825 minenti
553 1789 672 1825 ruinae
702 1788 820 1831 urbis,
849 1787 1001 1824 facilem
1022 1787 1216 1838 jacturam
1245 1800 1328 1824 esse
1356 1788 1483 1824 senio-

364 1863 461 1894 rum,
481 1851 622 1888 relictae
644 1853 682 1888 in
703 1851 795 1888 urbe
814 1852 945 1900 utique
964 1852 1140 1901 periturae
1158 1851 1303 1888 turbae:
1335 1857 1386 1895 et,
1407 1864 1483 1901 quo

366 1915 405 1951 id
435 1916 599 1964 aequiore
626 1916 753 1952 animo
776 1916 820 1952 de
846 1915 956 1966 plebe
981 1915 1187 1952 multitudo
1215 1915 1347 1959 ferret,
1374 1927 1481 1952 senes

367 1979 613 2029 triumphales
635 1980 925 2030 consularesque
944 1980 1056 2016 simul
1074 1993 1114 2016 se
1140 1992 1228 2016 cum
1254 1979 1328 2016 illis
1356 1979 1482 2030 palam
1527 2009 1530 2014 .

366 2041 490 2079 dicere
527 2043 699 2080 obituros
717 2059 727 2088 3
768 2056 838 2079 nec
870 2043 927 2079 his
963 2043 1200 2093 corporibus,
1236 2043 1370 2091 quibus
1403 2055 1482 2080 non
1538 2080 1539 2083 ,

367 2118 472 2142 arma
497 2106 608 2149 ferre,
632 2119 710 2143 non
741 2106 838 2142 tueri
868 2107 1031 2156 patriam
1061 2113 1233 2156 possent,
1255 2112 1480 2142 oneraturos

367 2169 536 2219 inopiam
555 2176 803 2207 armatorum.

420 2233 509 2271 XL.
539 2234 635 2271 Haec
664 2235 763 2270 inter
790 2234 956 2271 seniores
977 2235 1091 2272 morti
1110 2234 1318 2271 destinatos
1331 2231 1481 2282 jactata
1528 2267 1535 2276 ,

366 2297 516 2336 solatia.
572 2298 700 2336 Versae
719 2299 806 2336 iude
826 2299 1110 2337 adhortationes
1137 2299 1185 2336 ad
1211 2309 1346 2348 agmen
1364 2295 1478 2348 juve·
1510 2331 1518 2335 .
1570 2297 1573 2329 ἱ
