<?xml version="1.0" encoding="UTF-8"?>
<!DOCTYPE html PUBLIC "-//W3C//DTD XHTML 1.0 Transitional//EN"
    "http://www.w3.org/TR/xhtml1/DTD/xhtml1-transitional.dtd">
<html xmlns="http://www.w3.org/1999/xhtml" xml:lang="en" lang="en">
 <head>
  <title>
</title>
<meta http-equiv="Content-Type" content="text/html;charset=utf-8" />
  <meta name='ocr-system' content='tesseract 3.04.00' />
  <meta name='ocr-capabilities' content='ocr_page ocr_carea ocr_par ocr_line ocrx_word'/>
</head>
<body>
  <div class='ocr_page' id='page_1' title='image "./historiarumquaes01livyuoft/historiarumquaes01livyuoft_0605.png"; bbox 0 0 1573 2598; ppageno 0'>
   <div class='ocr_carea' id='block_1_1' title="bbox 290 121 1170 178">
    <p class='ocr_par' dir='ltr' id='par_1_1' title="bbox 290 121 1170 178">
     <span class='ocr_line' id='line_1_1' title="bbox 290 121 1170 178; baseline -0.002 -12"><span class='ocrx_word' id='word_1_1' title='bbox 290 136 443 166; x_wconf 73' lang='lat' dir='ltr'><strong>mnan</strong></span> <span class='ocrx_word' id='word_1_2' title='bbox 467 133 585 163; x_wconf 89' lang='lat' dir='ltr'>v111.</span> <span class='ocrx_word' id='word_1_3' title='bbox 618 132 724 162; x_wconf 82' lang='lat' dir='ltr'>CAP.</span> <span class='ocrx_word' id='word_1_4' title='bbox 748 132 930 164; x_wconf 77' lang='lat' dir='ltr'>xxxrx.</span> <span class='ocrx_word' id='word_1_5' title='bbox 1084 121 1170 178; x_wconf 84' lang='lat'><strong>589</strong></span> 
     </span>
    </p>
   </div>
   <div class='ocr_carea' id='block_1_2' title="bbox 0 220 1367 273">
    <p class='ocr_par' dir='ltr' id='par_1_2' title="bbox 0 220 1367 273">
     <span class='ocr_line' id='line_1_2' title="bbox 0 220 1367 273; baseline -0.005 -10"><span class='ocrx_word' id='word_1_6' title='bbox 0 252 4 254; x_wconf 97' lang='lat'>-</span> <span class='ocrx_word' id='word_1_7' title='bbox 61 224 201 263; x_wconf 81' lang='lat' dir='ltr'><strong>vexilla</strong></span> <span class='ocrx_word' id='word_1_8' title='bbox 214 236 254 261; x_wconf 89' lang='lat' dir='ltr'><strong>se</strong></span> <span class='ocrx_word' id='word_1_9' title='bbox 268 237 420 261; x_wconf 86' lang='lat' dir='ltr'><strong>suorum</strong></span> <span class='ocrx_word' id='word_1_10' title='bbox 437 235 660 273; x_wconf 82' lang='lat' dir='ltr'><strong>parmasque</strong></span> <span class='ocrx_word' id='word_1_11' title='bbox 679 234 830 258; x_wconf 86' lang='lat' dir='ltr'><strong>cernere</strong></span> <span class='ocrx_word' id='word_1_12' title='bbox 846 221 1026 271; x_wconf 87' lang='lat' dir='ltr'><strong>equitum.</strong></span> <span class='ocrx_word' id='word_1_13' title='bbox 1055 222 1171 261; x_wconf 86' lang='lat' dir='ltr'><strong>Quod</strong></span> <span class='ocrx_word' id='word_1_14' title='bbox 1186 220 1276 252; x_wconf 89' lang='lat' dir='ltr'><strong>U-C·</strong></span> <span class='ocrx_word' id='word_1_15' title='bbox 1290 226 1367 252; x_wconf 77' lang='lat'><strong>4⁸2·</strong></span> 
     </span>
    </p>
   </div>
   <div class='ocr_carea' id='block_1_3' title="bbox 63 263 1368 335">
    <p class='ocr_par' dir='ltr' id='par_1_3' title="bbox 63 263 1368 339">
     <span class='ocr_line' id='line_1_3' title="bbox 63 263 1368 335; baseline -0.002 -12"><span class='ocrx_word' id='word_1_16' title='bbox 63 288 128 324; x_wconf 91' lang='lat' dir='ltr'><strong>ubi</strong></span> <span class='ocrx_word' id='word_1_17' title='bbox 147 288 314 325; x_wconf 89' lang='lat' dir='ltr'><strong>auditum</strong></span> <span class='ocrx_word' id='word_1_18' title='bbox 336 286 520 335; x_wconf 85' lang='lat' dir='ltr'><strong>simulque</strong></span> <span class='ocrx_word' id='word_1_19' title='bbox 538 286 658 322; x_wconf 83' lang='lat' dir='ltr'><strong>visum</strong></span> <span class='ocrx_word' id='word_1_20' title='bbox 684 290 755 328; x_wconf 84' lang='lat' dir='ltr'><strong>est,</strong></span> <span class='ocrx_word' id='word_1_21' title='bbox 776 285 870 322; x_wconf 84' lang='lat' dir='ltr'><strong>adeo</strong></span> <span class='ocrx_word' id='word_1_22' title='bbox 890 290 1045 335; x_wconf 87' lang='lat' dir='ltr'><strong>repente</strong></span> <span class='ocrx_word' id='word_1_23' title='bbox 1063 284 1172 322; x_wconf 87' lang='lat' dir='ltr'><strong>labo·</strong></span> <span class='ocrx_word' id='word_1_24' title='bbox 1183 265 1224 296; x_wconf 75' lang='lat' dir='ltr'><strong>A&#39;</strong></span> <span class='ocrx_word' id='word_1_25' title='bbox 1237 263 1274 295; x_wconf 80' lang='lat' dir='ltr'>C</span> <span class='ocrx_word' id='word_1_26' title='bbox 1291 268 1368 297; x_wconf 60' lang='lat'><strong>3²⁰⁴</strong></span> 
     </span>
    </p>
   </div>
   <div class='ocr_carea' id='block_1_4' title="bbox 59 348 1335 2304">
    <p class='ocr_par' dir='ltr' id='par_1_4' title="bbox 61 348 1172 402">
     <span class='ocr_line' id='line_1_4' title="bbox 61 348 1172 402; baseline -0.004 -14"><span class='ocrx_word' id='word_1_27' title='bbox 61 352 128 395; x_wconf 84' lang='lat' dir='ltr'><strong>ris,</strong></span> <span class='ocrx_word' id='word_1_28' title='bbox 148 364 215 402; x_wconf 86' lang='lat' dir='ltr'><strong>per</strong></span> <span class='ocrx_word' id='word_1_29' title='bbox 233 352 331 388; x_wconf 91' lang='lat' dir='ltr'><strong>diem</strong></span> <span class='ocrx_word' id='word_1_30' title='bbox 357 363 452 401; x_wconf 90' lang='lat' dir='ltr'><strong>pene</strong></span> <span class='ocrx_word' id='word_1_31' title='bbox 478 356 601 386; x_wconf 86' lang='lat' dir='ltr'><strong>totum</strong></span> <span class='ocrx_word' id='word_1_32' title='bbox 621 349 788 392; x_wconf 82' lang='lat' dir='ltr'><strong>tolerati,</strong></span> <span class='ocrx_word' id='word_1_33' title='bbox 808 348 1080 398; x_wconf 77' lang='lat' dir='ltr'><strong>vulnerumque</strong></span> <span class='ocrx_word' id='word_1_34' title='bbox 1101 348 1172 385; x_wconf 92' lang='lat' dir='ltr'><strong>ob-</strong></span> 
     </span>
    </p>

    <p class='ocr_par' dir='ltr' id='par_1_5' title="bbox 61 413 1174 463">
     <span class='ocr_line' id='line_1_5' title="bbox 61 413 1174 463; baseline -0.003 -12"><span class='ocrx_word' id='word_1_35' title='bbox 61 413 122 451; x_wconf 87' lang='lat' dir='ltr'><strong>liti</strong></span> <span class='ocrx_word' id='word_1_36' title='bbox 147 422 249 458; x_wconf 89' lang='lat' dir='ltr'><strong>sunt,</strong></span> <span class='ocrx_word' id='word_1_37' title='bbox 271 422 313 451; x_wconf 89' lang='lat' dir='ltr'><strong>ut</strong></span> <span class='ocrx_word' id='word_1_38' title='bbox 334 415 435 451; x_wconf 90' lang='lat' dir='ltr'><strong>haud</strong></span> <span class='ocrx_word' id='word_1_39' title='bbox 465 427 586 457; x_wconf 91' lang='lat' dir='ltr'><strong>secus,</strong></span> <span class='ocrx_word' id='word_1_40' title='bbox 606 427 718 463; x_wconf 88' lang='lat' dir='ltr'><strong>quam</strong></span> <span class='ocrx_word' id='word_1_41' title='bbox 738 414 768 449; x_wconf 89' lang='lat' dir='ltr'><strong>si</strong></span> <span class='ocrx_word' id='word_1_42' title='bbox 788 419 869 450; x_wconf 88' lang='lat' dir='ltr'><strong>tum</strong></span> <span class='ocrx_word' id='word_1_43' title='bbox 892 413 1031 461; x_wconf 78' lang='lat' dir='ltr'>integri</span> <span class='ocrx_word' id='word_1_44' title='bbox 1051 425 1071 449; x_wconf 92' lang='lat' dir='ltr'><strong>e</strong></span> <span class='ocrx_word' id='word_1_45' title='bbox 1091 425 1174 449; x_wconf 88' lang='lat' dir='ltr'><strong>cas-</strong></span> 
     </span>
    </p>

    <p class='ocr_par' dir='ltr' id='par_1_6' title="bbox 61 476 1173 588">
     <span class='ocr_line' id='line_1_6' title="bbox 62 476 1173 528; baseline -0.002 -15"><span class='ocrx_word' id='word_1_46' title='bbox 62 477 130 513; x_wconf 88' lang='lat' dir='ltr'><strong>tris</strong></span> <span class='ocrx_word' id='word_1_47' title='bbox 155 478 305 526; x_wconf 86' lang='lat' dir='ltr'><strong>signum</strong></span> <span class='ocrx_word' id='word_1_48' title='bbox 333 490 470 528; x_wconf 85' lang='lat' dir='ltr'><strong>pugnae</strong></span> <span class='ocrx_word' id='word_1_49' title='bbox 500 477 747 527; x_wconf 84' lang='lat' dir='ltr'><strong>accepissent,</strong></span> <span class='ocrx_word' id='word_1_50' title='bbox 768 476 1042 512; x_wconf 85' lang='lat' dir='ltr'><strong>concitaverint</strong></span> <span class='ocrx_word' id='word_1_51' title='bbox 1067 487 1107 511; x_wconf 90' lang='lat' dir='ltr'><strong>se</strong></span> <span class='ocrx_word' id='word_1_52' title='bbox 1132 476 1173 512; x_wconf 78' lang='lat' dir='ltr'><strong>in</strong></span> 
     </span>
     <span class='ocr_line' id='line_1_7' title="bbox 61 539 1172 588; baseline -0.001 -12"><span class='ocrx_word' id='word_1_53' title='bbox 61 540 235 577; x_wconf 86' lang='lat' dir='ltr'><strong>hostem:</strong></span> <span class='ocrx_word' id='word_1_54' title='bbox 268 554 338 578; x_wconf 86' lang='lat' dir='ltr'><strong>nec</strong></span> <span class='ocrx_word' id='word_1_55' title='bbox 367 541 465 577; x_wconf 81' lang='lat' dir='ltr'><strong>ultra</strong></span> <span class='ocrx_word' id='word_1_56' title='bbox 498 541 646 577; x_wconf 88' lang='lat' dir='ltr'><strong>Samnis</strong></span> <span class='ocrx_word' id='word_1_57' title='bbox 674 540 835 576; x_wconf 82' lang='lat' dir='ltr'><strong>tolerare</strong></span> <span class='ocrx_word' id='word_1_58' title='bbox 861 546 1045 576; x_wconf 83' lang='lat' dir='ltr'><strong>terrorem</strong></span> <span class='ocrx_word' id='word_1_59' title='bbox 1067 539 1172 588; x_wconf 87' lang='lat' dir='ltr'><strong>equi·</strong></span> 
     </span>
    </p>

    <p class='ocr_par' dir='ltr' id='par_1_7' title="bbox 62 602 1174 780">
     <span class='ocr_line' id='line_1_8' title="bbox 62 602 1172 655; baseline -0.001 -16"><span class='ocrx_word' id='word_1_60' title='bbox 62 609 158 647; x_wconf 84' lang='lat' dir='ltr'><strong>tum,</strong></span> <span class='ocrx_word' id='word_1_61' title='bbox 180 605 424 655; x_wconf 86' lang='lat' dir='ltr'><strong>peditumque</strong></span> <span class='ocrx_word' id='word_1_62' title='bbox 441 605 515 641; x_wconf 88' lang='lat' dir='ltr'><strong>vim</strong></span> <span class='ocrx_word' id='word_1_63' title='bbox 534 605 682 654; x_wconf 89' lang='lat' dir='ltr'><strong>potuit:</strong></span> <span class='ocrx_word' id='word_1_64' title='bbox 715 604 852 654; x_wconf 87' lang='lat' dir='ltr'><strong>partim</strong></span> <span class='ocrx_word' id='word_1_65' title='bbox 869 604 908 639; x_wconf 90' lang='lat' dir='ltr'><strong>in</strong></span> <span class='ocrx_word' id='word_1_66' title='bbox 927 603 1052 639; x_wconf 87' lang='lat' dir='ltr'><strong>medio</strong></span> <span class='ocrx_word' id='word_1_67' title='bbox 1071 602 1172 645; x_wconf 83' lang='lat' dir='ltr'><strong>caesi,</strong></span> 
     </span>
     <span class='ocr_line' id='line_1_9' title="bbox 64 668 1174 720; baseline -0.003 -14"><span class='ocrx_word' id='word_1_68' title='bbox 64 671 204 719; x_wconf 88' lang='lat' dir='ltr'><strong>partim</strong></span> <span class='ocrx_word' id='word_1_69' title='bbox 226 671 267 706; x_wconf 88' lang='lat' dir='ltr'><strong>in</strong></span> <span class='ocrx_word' id='word_1_70' title='bbox 285 670 414 719; x_wconf 80' lang='lat' dir='ltr'><strong>fugam</strong></span> <span class='ocrx_word' id='word_1_71' title='bbox 434 669 603 720; x_wconf 84' lang='lat' dir='ltr'><strong>dissipati</strong></span> <span class='ocrx_word' id='word_1_72' title='bbox 628 675 728 706; x_wconf 87' lang='lat' dir='ltr'><strong>sunt.</strong></span> <span class='ocrx_word' id='word_1_73' title='bbox 783 668 902 705; x_wconf 87' lang='lat' dir='ltr'><strong>Pedes</strong></span> <span class='ocrx_word' id='word_1_74' title='bbox 925 674 1109 704; x_wconf 87' lang='lat' dir='ltr'><strong>restantes</strong></span> <span class='ocrx_word' id='word_1_75' title='bbox 1130 679 1174 703; x_wconf 85' lang='lat' dir='ltr'><strong>ac</strong></span> 
     </span>
     <span class='ocr_line' id='line_1_10' title="bbox 64 732 1173 780; baseline 0 -12"><span class='ocrx_word' id='word_1_76' title='bbox 64 733 339 769; x_wconf 88' lang='lat' dir='ltr'><strong>circumventos</strong></span> <span class='ocrx_word' id='word_1_77' title='bbox 363 733 515 779; x_wconf 64' lang='lat' dir='ltr'><strong>cecidit:</strong></span> <span class='ocrx_word' id='word_1_78' title='bbox 549 732 597 767; x_wconf 80' lang='lat' dir='ltr'><strong>ab</strong></span> <span class='ocrx_word' id='word_1_79' title='bbox 625 732 751 780; x_wconf 89' lang='lat' dir='ltr'><strong>equite</strong></span> <span class='ocrx_word' id='word_1_80' title='bbox 775 732 1002 780; x_wconf 83' lang='lat' dir='ltr'><strong>fugientium</strong></span> <span class='ocrx_word' id='word_1_81' title='bbox 1030 738 1173 780; x_wconf 84' lang='lat' dir='ltr'><strong>strages</strong></span> 
     </span>
    </p>

    <p class='ocr_par' dir='ltr' id='par_1_8' title="bbox 59 778 1335 2304">
     <span class='ocr_line' id='line_1_11' title="bbox 65 778 1306 842; baseline 0.002 -13"><span class='ocrx_word' id='word_1_82' title='bbox 65 800 123 830; x_wconf 86' lang='lat' dir='ltr'><strong>est</strong></span> <span class='ocrx_word' id='word_1_83' title='bbox 137 793 238 829; x_wconf 82' lang='lat' dir='ltr'><strong>facta</strong></span> <span class='ocrx_word' id='word_1_84' title='bbox 252 809 265 838; x_wconf 75' lang='lat'>5</span> <span class='ocrx_word' id='word_1_85' title='bbox 286 794 386 829; x_wconf 83' lang='lat' dir='ltr'><strong>inter</strong></span> <span class='ocrx_word' id='word_1_86' title='bbox 405 778 499 840; x_wconf 45' lang='lat' dir='ltr'><strong>qffls</strong></span> <span class='ocrx_word' id='word_1_87' title='bbox 519 799 557 829; x_wconf 84' lang='lat' dir='ltr'><strong>et</strong></span> <span class='ocrx_word' id='word_1_88' title='bbox 575 794 656 842; x_wconf 88' lang='lat' dir='ltr'><strong>ipse</strong></span> <span class='ocrx_word' id='word_1_89' title='bbox 675 794 882 842; x_wconf 84' lang='lat' dir='ltr'><strong>imperator</strong></span> <span class='ocrx_word' id='word_1_90' title='bbox 900 795 1048 831; x_wconf 88' lang='lat' dir='ltr'><strong>cecidit.</strong></span> <span class='ocrx_word' id='word_1_91' title='bbox 1084 794 1173 831; x_wconf 87' lang='lat' dir='ltr'><strong>Hoc</strong></span> <span class='ocrx_word' id='word_1_92' title='bbox 1187 794 1306 826; x_wconf 71' lang='lat' dir='ltr'><strong>Pacem</strong></span> 
     </span>
     <span class='ocr_line' id='line_1_12' title="bbox 66 844 1292 906; baseline 0 -14"><span class='ocrx_word' id='word_1_93' title='bbox 66 856 216 892; x_wconf 90' lang='lat' dir='ltr'><strong>demum</strong></span> <span class='ocrx_word' id='word_1_94' title='bbox 235 855 410 906; x_wconf 79' lang='lat' dir='ltr'><strong>proelium</strong></span> <span class='ocrx_word' id='word_1_95' title='bbox 432 856 657 891; x_wconf 83' lang='lat' dir='ltr'><strong>Samnitium</strong></span> <span class='ocrx_word' id='word_1_96' title='bbox 685 868 743 890; x_wconf 89' lang='lat' dir='ltr'><strong>res</strong></span> <span class='ocrx_word' id='word_1_97' title='bbox 769 856 823 891; x_wconf 83' lang='lat' dir='ltr'><strong>ita</strong></span> <span class='ocrx_word' id='word_1_98' title='bbox 843 855 1013 903; x_wconf 83' lang='lat' dir='ltr'><strong>infregit,</strong></span> <span class='ocrx_word' id='word_1_99' title='bbox 1032 862 1075 891; x_wconf 89' lang='lat' dir='ltr'><strong>ut</strong></span> <span class='ocrx_word' id='word_1_100' title='bbox 1092 869 1174 892; x_wconf 90' lang='lat'><em>0111-</em></span> <span class='ocrx_word' id='word_1_101' title='bbox 1187 844 1292 869; x_wconf 63' lang='lat' dir='ltr'>oram*</span> 
     </span>
     <span class='ocr_line' id='line_1_13' title="bbox 64 918 1176 966; baseline 0.002 -10"><span class='ocrx_word' id='word_1_102' title='bbox 64 919 176 956; x_wconf 90' lang='lat' dir='ltr'><strong>nibus</strong></span> <span class='ocrx_word' id='word_1_103' title='bbox 204 918 374 955; x_wconf 89' lang='lat' dir='ltr'><strong>conciliis</strong></span> <span class='ocrx_word' id='word_1_104' title='bbox 401 918 620 962; x_wconf 81' lang='lat' dir='ltr'><strong>fremerent,</strong></span> <span class='ocrx_word' id='word_1_105' title='bbox 642 920 788 955; x_wconf 76' lang='lat' dir='ltr'><strong>minime</strong></span> <span class='ocrx_word' id='word_1_106' title='bbox 814 920 852 954; x_wconf 73' lang='lat' dir='ltr'><strong>id</strong></span> <span class='ocrx_word' id='word_1_107' title='bbox 877 920 1019 966; x_wconf 74' lang='lat' dir='ltr'><strong>quidem</strong></span> <span class='ocrx_word' id='word_1_108' title='bbox 1043 921 1176 958; x_wconf 73' lang='lat' dir='ltr'><strong>mirum</strong></span> 
     </span>
     <span class='ocr_line' id='line_1_14' title="bbox 65 981 1176 1031; baseline 0.001 -12"><span class='ocrx_word' id='word_1_109' title='bbox 65 995 147 1026; x_wconf 75' lang='lat' dir='ltr'><strong>esse,</strong></span> <span class='ocrx_word' id='word_1_110' title='bbox 166 985 198 1019; x_wconf 75' lang='lat' dir='ltr'><strong>si</strong></span> <span class='ocrx_word' id='word_1_111' title='bbox 212 985 308 1031; x_wconf 81' lang='lat' dir='ltr'><strong>inpio</strong></span> <span class='ocrx_word' id='word_1_112' title='bbox 328 983 431 1025; x_wconf 79' lang='lat' dir='ltr'><strong>bello,</strong></span> <span class='ocrx_word' id='word_1_113' title='bbox 452 987 486 1018; x_wconf 79' lang='lat' dir='ltr'><strong>et</strong></span> <span class='ocrx_word' id='word_1_114' title='bbox 505 987 628 1018; x_wconf 81' lang='lat' dir='ltr'><strong>contra</strong></span> <span class='ocrx_word' id='word_1_115' title='bbox 640 981 766 1030; x_wconf 78' lang='lat' dir='ltr'><strong>foedus</strong></span> <span class='ocrx_word' id='word_1_116' title='bbox 785 986 959 1030; x_wconf 74' lang='lat' dir='ltr'><strong>suscepto,</strong></span> <span class='ocrx_word' id='word_1_117' title='bbox 980 981 1176 1031; x_wconf 78' lang='lat' dir='ltr'><strong>infestiori-</strong></span> 
     </span>
     <span class='ocr_line' id='line_1_15' title="bbox 64 1044 1176 1094; baseline 0 -11"><span class='ocrx_word' id='word_1_118' title='bbox 64 1047 125 1083; x_wconf 84' lang='lat' dir='ltr'><strong>bus</strong></span> <span class='ocrx_word' id='word_1_119' title='bbox 149 1048 276 1083; x_wconf 71' lang='lat' dir='ltr'><strong>merito</strong></span> <span class='ocrx_word' id='word_1_120' title='bbox 295 1047 382 1082; x_wconf 74' lang='lat' dir='ltr'><strong>Diis</strong></span> <span class='ocrx_word' id='word_1_121' title='bbox 406 1058 513 1093; x_wconf 78' lang='lat' dir='ltr'><strong>quam</strong></span> <span class='ocrx_word' id='word_1_122' title='bbox 539 1044 750 1086; x_wconf 68' lang='lat' dir='ltr'><strong>hominibus,</strong></span> <span class='ocrx_word' id='word_1_123' title='bbox 779 1044 871 1080; x_wconf 74' lang='lat' dir='ltr'><strong>nihil</strong></span> <span class='ocrx_word' id='word_1_124' title='bbox 892 1057 1061 1093; x_wconf 81' lang='lat' dir='ltr'><strong>prospere</strong></span> <span class='ocrx_word' id='word_1_125' title='bbox 1091 1059 1176 1094; x_wconf 72' lang='lat' dir='ltr'><strong>age·</strong></span> 
     </span>
     <span class='ocr_line' id='line_1_16' title="bbox 61 1102 1178 1158; baseline 0.001 -12"><span class='ocrx_word' id='word_1_126' title='bbox 61 1115 168 1148; x_wconf 81' lang='lat' dir='ltr'><strong>rent:</strong></span> <span class='ocrx_word' id='word_1_127' title='bbox 195 1111 411 1158; x_wconf 68' lang='lat' dir='ltr'><strong>expiandum</strong></span> <span class='ocrx_word' id='word_1_128' title='bbox 432 1110 468 1145; x_wconf 72' lang='lat' dir='ltr'><strong>id</strong></span> <span class='ocrx_word' id='word_1_129' title='bbox 487 1109 616 1145; x_wconf 78' lang='lat' dir='ltr'><strong>bellum</strong></span> <span class='ocrx_word' id='word_1_130' title='bbox 638 1121 771 1156; x_wconf 79' lang='lat' dir='ltr'><strong>magna</strong></span> <span class='ocrx_word' id='word_1_131' title='bbox 795 1102 965 1152; x_wconf 70' lang='lat' dir='ltr'><strong>mercede,</strong></span> <span class='ocrx_word' id='word_1_132' title='bbox 988 1111 1178 1147; x_wconf 75' lang='lat' dir='ltr'><strong>luendum-</strong></span> 
     </span>
     <span class='ocr_line' id='line_1_17' title="bbox 64 1172 1177 1223; baseline 0 -12"><span class='ocrx_word' id='word_1_133' title='bbox 64 1187 132 1223; x_wconf 75' lang='lat' dir='ltr'><strong>que</strong></span> <span class='ocrx_word' id='word_1_134' title='bbox 159 1186 240 1210; x_wconf 82' lang='lat' dir='ltr'><strong>esse.</strong></span> <span class='ocrx_word' id='word_1_135' title='bbox 296 1174 342 1210; x_wconf 78' lang='lat' dir='ltr'><strong>Id</strong></span> <span class='ocrx_word' id='word_1_136' title='bbox 365 1172 501 1222; x_wconf 73' lang='lat' dir='ltr'><strong>referre</strong></span> <span class='ocrx_word' id='word_1_137' title='bbox 531 1177 683 1214; x_wconf 78' lang='lat' dir='ltr'><strong>tantum,</strong></span> <span class='ocrx_word' id='word_1_138' title='bbox 712 1177 831 1208; x_wconf 79' lang='lat' dir='ltr'><strong>utrum</strong></span> <span class='ocrx_word' id='word_1_139' title='bbox 862 1173 1040 1220; x_wconf 77' lang='lat' dir='ltr'><strong>supplicia</strong></span> <span class='ocrx_word' id='word_1_140' title='bbox 1071 1175 1177 1211; x_wconf 75' lang='lat' dir='ltr'><em>noxio</em></span> 
     </span>
     <span class='ocr_line' id='line_1_18' title="bbox 59 1238 1177 1288; baseline -0.001 -13"><span class='ocrx_word' id='word_1_141' title='bbox 59 1251 274 1288; x_wconf 72' lang='lat' dir='ltr'><strong>paucorum,</strong></span> <span class='ocrx_word' id='word_1_142' title='bbox 313 1251 360 1274; x_wconf 83' lang='grc' dir='ltr'><strong>αη</strong></span> <span class='ocrx_word' id='word_1_143' title='bbox 397 1240 555 1274; x_wconf 83' lang='lat' dir='ltr'><strong>onmium</strong></span> <span class='ocrx_word' id='word_1_144' title='bbox 590 1239 733 1274; x_wconf 71' lang='lat' dir='ltr'><strong>innoxio</strong></span> <span class='ocrx_word' id='word_1_145' title='bbox 764 1238 947 1285; x_wconf 75' lang='lat' dir='ltr'><strong>praebeant</strong></span> <span class='ocrx_word' id='word_1_146' title='bbox 982 1239 1177 1285; x_wconf 76' lang='lat' dir='ltr'><strong>sanguino:</strong></span> 
     </span>
     <span class='ocr_line' id='line_1_19' title="bbox 67 1300 1176 1351; baseline -0.002 -13"><span class='ocrx_word' id='word_1_147' title='bbox 67 1301 330 1350; x_wconf 82' lang='lat' dir='ltr'><strong>audebantque</strong></span> <span class='ocrx_word' id='word_1_148' title='bbox 346 1300 430 1351; x_wconf 88' lang='lat' dir='ltr'><strong>jam</strong></span> <span class='ocrx_word' id='word_1_149' title='bbox 449 1300 600 1349; x_wconf 87' lang='lat' dir='ltr'><strong>quidam</strong></span> <span class='ocrx_word' id='word_1_150' title='bbox 625 1300 823 1335; x_wconf 83' lang='lat' dir='ltr'><strong>nominare</strong></span> <span class='ocrx_word' id='word_1_151' title='bbox 849 1306 1022 1336; x_wconf 81' lang='lat' dir='ltr'><strong>auctores</strong></span> <span class='ocrx_word' id='word_1_152' title='bbox 1050 1312 1176 1336; x_wconf 80' lang='lat' dir='ltr'><strong>armo·-</strong></span> 
     </span>
     <span class='ocr_line' id='line_1_20' title="bbox 64 1363 1174 1411; baseline -0.002 -11"><span class='ocrx_word' id='word_1_153' title='bbox 64 1376 160 1401; x_wconf 72' lang='lat' dir='ltr'><strong>rum,</strong></span> <span class='ocrx_word' id='word_1_154' title='bbox 216 1363 348 1400; x_wconf 90' lang='lat' dir='ltr'><strong>Unum</strong></span> <span class='ocrx_word' id='word_1_155' title='bbox 377 1364 539 1401; x_wconf 84' lang='lat' dir='ltr'><strong>maxime</strong></span> <span class='ocrx_word' id='word_1_156' title='bbox 569 1375 707 1398; x_wconf 90' lang='lat' dir='ltr'><strong>nomen</strong></span> <span class='ocrx_word' id='word_1_157' title='bbox 740 1375 806 1411; x_wconf 91' lang='lat' dir='ltr'><strong>per</strong></span> <span class='ocrx_word' id='word_1_158' title='bbox 839 1374 1064 1398; x_wconf 80' lang='lat' dir='ltr'><strong>consensum</strong></span> <span class='ocrx_word' id='word_1_159' title='bbox 1098 1363 1174 1398; x_wconf 67' lang='lat' dir='ltr'><strong>cla0</strong></span> 
     </span>
     <span class='ocr_line' id='line_1_21' title="bbox 64 1426 1173 1475; baseline -0.001 -12"><span class='ocrx_word' id='word_1_160' title='bbox 64 1428 251 1464; x_wconf 82' lang='lat' dir='ltr'><strong>mantium</strong></span> <span class='ocrx_word' id='word_1_161' title='bbox 283 1426 435 1462; x_wconf 84' lang='lat' dir='ltr'><strong>Brutuli</strong></span> <span class='ocrx_word' id='word_1_162' title='bbox 466 1426 576 1475; x_wconf 81' lang='lat' dir='ltr'><strong>Papii</strong></span> <span class='ocrx_word' id='word_1_163' title='bbox 606 1426 894 1462; x_wconf 84' lang='lat' dir='ltr'><strong>exaudiebatur:</strong></span> <span class='ocrx_word' id='word_1_164' title='bbox 941 1427 997 1462; x_wconf 85' lang='lat' dir='ltr'><strong>vir</strong></span> <span class='ocrx_word' id='word_1_165' title='bbox 1032 1426 1173 1464; x_wconf 77' lang='lat' dir='ltr'><strong>nobilis</strong></span> 
     </span>
     <span class='ocr_line' id='line_1_22' title="bbox 64 1488 1174 1542; baseline -0.001 -15"><span class='ocrx_word' id='word_1_166' title='bbox 64 1496 274 1542; x_wconf 86' lang='lat' dir='ltr'><strong>potensque</strong></span> <span class='ocrx_word' id='word_1_167' title='bbox 294 1496 388 1532; x_wconf 86' lang='lat' dir='ltr'><strong>erat,</strong></span> <span class='ocrx_word' id='word_1_168' title='bbox 408 1490 507 1526; x_wconf 88' lang='lat' dir='ltr'><strong>haud</strong></span> <span class='ocrx_word' id='word_1_169' title='bbox 528 1488 639 1525; x_wconf 83' lang='lat' dir='ltr'><strong>dubie</strong></span> <span class='ocrx_word' id='word_1_170' title='bbox 660 1489 917 1538; x_wconf 82' lang='lat' dir='ltr'><strong>proximarum</strong></span> <span class='ocrx_word' id='word_1_171' title='bbox 936 1489 1174 1527; x_wconf 85' lang='lat' dir='ltr'><strong>induciarum</strong></span> 
     </span>
     <span class='ocr_line' id='line_1_23' title="bbox 64 1553 1174 1605; baseline -0.001 -14"><span class='ocrx_word' id='word_1_172' title='bbox 64 1561 209 1605; x_wconf 87' lang='lat' dir='ltr'><strong>ruptor.</strong></span> <span class='ocrx_word' id='word_1_173' title='bbox 264 1554 326 1591; x_wconf 93' lang='lat' dir='ltr'><strong>De</strong></span> <span class='ocrx_word' id='word_1_174' title='bbox 345 1567 390 1590; x_wconf 88' lang='lat' dir='ltr'><strong>eo</strong></span> <span class='ocrx_word' id='word_1_175' title='bbox 410 1554 532 1590; x_wconf 79' lang='lat' dir='ltr'><strong>coacti</strong></span> <span class='ocrx_word' id='word_1_176' title='bbox 552 1553 690 1589; x_wconf 81' lang='lat' dir='ltr'><strong>referre</strong></span> <span class='ocrx_word' id='word_1_177' title='bbox 710 1559 888 1603; x_wconf 82' lang='lat' dir='ltr'><strong>praetores</strong></span> <span class='ocrx_word' id='word_1_178' title='bbox 905 1553 1096 1590; x_wconf 85' lang='lat' dir='ltr'><strong>decretum</strong></span> <span class='ocrx_word' id='word_1_179' title='bbox 1115 1555 1174 1590; x_wconf 83' lang='lat' dir='ltr'><strong>fe-</strong></span> 
     </span>
     <span class='ocr_line' id='line_1_24' title="bbox 63 1617 1176 1665; baseline 0 -10"><span class='ocrx_word' id='word_1_180' title='bbox 63 1624 210 1662; x_wconf 84' lang='lat' dir='ltr'><strong>cerunt,</strong></span> <span class='ocrx_word' id='word_1_181' title='bbox 250 1619 298 1655; x_wconf 72' lang='lat' dir='ltr'><strong>Ut</strong></span> <span class='ocrx_word' id='word_1_182' title='bbox 325 1619 500 1654; x_wconf 77' lang='lat' dir='ltr'><strong>Brutulus</strong></span> <span class='ocrx_word' id='word_1_183' title='bbox 525 1618 663 1665; x_wconf 76' lang='lat' dir='ltr'><strong>Papius</strong></span> <span class='ocrx_word' id='word_1_184' title='bbox 700 1617 872 1653; x_wconf 70' lang='lat' dir='ltr'><strong>Romanis</strong></span> <span class='ocrx_word' id='word_1_185' title='bbox 901 1619 1101 1661; x_wconf 76' lang='lat' dir='ltr'><strong>dederetur,</strong></span> <span class='ocrx_word' id='word_1_186' title='bbox 1139 1624 1176 1655; x_wconf 79' lang='lat' dir='ltr'><strong>et</strong></span> 
     </span>
     <span class='ocr_line' id='line_1_25' title="bbox 64 1680 1176 1729; baseline 0.002 -13"><span class='ocrx_word' id='word_1_187' title='bbox 64 1693 144 1717; x_wconf 80' lang='lat' dir='ltr'><strong>cum</strong></span> <span class='ocrx_word' id='word_1_188' title='bbox 163 1692 201 1716; x_wconf 84' lang='lat' dir='ltr'><strong>eo</strong></span> <span class='ocrx_word' id='word_1_189' title='bbox 226 1682 354 1729; x_wconf 81' lang='lat' dir='ltr'><em>praeda</em></span> <span class='ocrx_word' id='word_1_190' title='bbox 384 1682 495 1716; x_wconf 81' lang='lat' dir='ltr'><strong>omnis</strong></span> <span class='ocrx_word' id='word_1_191' title='bbox 518 1680 697 1722; x_wconf 83' lang='lat' dir='ltr'><strong>Romana,</strong></span> <span class='ocrx_word' id='word_1_192' title='bbox 722 1681 923 1729; x_wconf 80' lang='lat' dir='ltr'><strong>captivique</strong></span> <span class='ocrx_word' id='word_1_193' title='bbox 949 1685 990 1716; x_wconf 77' lang='lat' dir='ltr'><strong>ut</strong></span> <span class='ocrx_word' id='word_1_194' title='bbox 1018 1681 1176 1719; x_wconf 82' lang='lat' dir='ltr'><strong>Romam</strong></span> 
     </span>
     <span class='ocr_line' id='line_1_26' title="bbox 63 1743 1176 1793; baseline 0.002 -13"><span class='ocrx_word' id='word_1_195' title='bbox 63 1746 291 1780; x_wconf 78' lang='lat' dir='ltr'><strong>mitterentur</strong></span> <span class='ocrx_word' id='word_1_196' title='bbox 298 1760 310 1788; x_wconf 86' lang='lat'><strong>,·</strong></span> <span class='ocrx_word' id='word_1_197' title='bbox 340 1756 484 1792; x_wconf 81' lang='lat' dir='ltr'><strong>quaeque</strong></span> <span class='ocrx_word' id='word_1_198' title='bbox 502 1756 557 1780; x_wconf 85' lang='lat' dir='ltr'><strong>res</strong></span> <span class='ocrx_word' id='word_1_199' title='bbox 571 1756 639 1792; x_wconf 84' lang='lat' dir='ltr'><strong>per</strong></span> <span class='ocrx_word' id='word_1_200' title='bbox 642 1743 798 1793; x_wconf 78' lang='lat' dir='ltr'><strong>feciales</strong></span> <span class='ocrx_word' id='word_1_201' title='bbox 811 1756 852 1779; x_wconf 74' lang='lat' dir='ltr'><strong>ex</strong></span> <span class='ocrx_word' id='word_1_202' title='bbox 860 1743 1002 1792; x_wconf 79' lang='lat' dir='ltr'><strong>foedere</strong></span> <span class='ocrx_word' id='word_1_203' title='bbox 1015 1747 1176 1792; x_wconf 75' lang='lat' dir='ltr'><strong>repetitae</strong></span> 
     </span>
     <span class='ocr_line' id='line_1_27' title="bbox 64 1806 1173 1856; baseline 0 -13"><span class='ocrx_word' id='word_1_204' title='bbox 64 1813 189 1851; x_wconf 78' lang='lat' dir='ltr'><strong>essent,</strong></span> <span class='ocrx_word' id='word_1_205' title='bbox 214 1809 406 1844; x_wconf 77' lang='lat' dir='ltr'><strong>secundum</strong></span> <span class='ocrx_word' id='word_1_206' title='bbox 426 1806 489 1852; x_wconf 81' lang='lat' dir='ltr'><strong>jus</strong></span> <span class='ocrx_word' id='word_1_207' title='bbox 508 1806 644 1856; x_wconf 79' lang='lat' dir='ltr'><strong>fasque</strong></span> <span class='ocrx_word' id='word_1_208' title='bbox 668 1809 950 1844; x_wconf 70' lang='lat' dir='ltr'><strong>restituerentur,</strong></span> <span class='ocrx_word' id='word_1_209' title='bbox 1006 1807 1173 1844; x_wconf 79' lang='lat' dir='ltr'><strong>Feciales</strong></span> 
     </span>
     <span class='ocr_line' id='line_1_28' title="bbox 65 1870 1175 1920; baseline 0.001 -13"><span class='ocrx_word' id='word_1_210' title='bbox 65 1870 247 1914; x_wconf 87' lang='lat' dir='ltr'><strong>Romam,</strong></span> <span class='ocrx_word' id='word_1_211' title='bbox 277 1877 318 1906; x_wconf 90' lang='lat' dir='ltr'><strong>ut</strong></span> <span class='ocrx_word' id='word_1_212' title='bbox 353 1878 593 1913; x_wconf 84' lang='lat' dir='ltr'><strong>censuerunt,</strong></span> <span class='ocrx_word' id='word_1_213' title='bbox 632 1872 749 1913; x_wconf 84' lang='lat' dir='ltr'><strong>missi,</strong></span> <span class='ocrx_word' id='word_1_214' title='bbox 785 1877 822 1906; x_wconf 89' lang='lat' dir='ltr'><strong>et</strong></span> <span class='ocrx_word' id='word_1_215' title='bbox 854 1883 989 1920; x_wconf 84' lang='lat' dir='ltr'><strong>corpus</strong></span> <span class='ocrx_word' id='word_1_216' title='bbox 1022 1870 1175 1908; x_wconf 79' lang='lat' dir='ltr'><strong>Brutuli</strong></span> 
     </span>
     <span class='ocr_line' id='line_1_29' title="bbox 66 1934 1173 1983; baseline -0.002 -12"><span class='ocrx_word' id='word_1_217' title='bbox 66 1935 259 1971; x_wconf 84' lang='lat' dir='ltr'><strong>exanime:</strong></span> <span class='ocrx_word' id='word_1_218' title='bbox 294 1935 372 1983; x_wconf 89' lang='lat' dir='ltr'><strong>ipse</strong></span> <span class='ocrx_word' id='word_1_219' title='bbox 405 1940 527 1970; x_wconf 81' lang='lat' dir='ltr'><strong>morte</strong></span> <span class='ocrx_word' id='word_1_220' title='bbox 559 1934 774 1970; x_wconf 80' lang='lat' dir='ltr'><strong>voluntaria</strong></span> <span class='ocrx_word' id='word_1_221' title='bbox 805 1935 1024 1982; x_wconf 81' lang='lat' dir='ltr'><strong>ignominiae</strong></span> <span class='ocrx_word' id='word_1_222' title='bbox 1058 1946 1096 1969; x_wconf 84' lang='lat' dir='ltr'><strong>se</strong></span> <span class='ocrx_word' id='word_1_223' title='bbox 1129 1946 1173 1970; x_wconf 85' lang='lat' dir='ltr'><strong>ac</strong></span> 
     </span>
     <span class='ocr_line' id='line_1_30' title="bbox 64 1996 1173 2047; baseline -0.002 -14"><span class='ocrx_word' id='word_1_224' title='bbox 64 1996 251 2046; x_wconf 84' lang='lat' dir='ltr'><strong>supplicio</strong></span> <span class='ocrx_word' id='word_1_225' title='bbox 272 1996 471 2033; x_wconf 84' lang='lat' dir='ltr'><strong>subtraxit.</strong></span> <span class='ocrx_word' id='word_1_226' title='bbox 506 1996 654 2033; x_wconf 86' lang='lat' dir='ltr'><strong>Placuit</strong></span> <span class='ocrx_word' id='word_1_227' title='bbox 674 2009 758 2032; x_wconf 87' lang='lat' dir='ltr'><strong>cum</strong></span> <span class='ocrx_word' id='word_1_228' title='bbox 778 2009 937 2046; x_wconf 78' lang='lat' dir='ltr'><strong>corpore</strong></span> <span class='ocrx_word' id='word_1_229' title='bbox 958 1996 1059 2033; x_wconf 88' lang='lat' dir='ltr'><strong>bona</strong></span> <span class='ocrx_word' id='word_1_230' title='bbox 1078 2009 1173 2047; x_wconf 65' lang='lat' dir='ltr'><strong>quo-2</strong></span> 
     </span>
     <span class='ocr_line' id='line_1_31' title="bbox 64 2058 1175 2109; baseline 0.002 -15"><span class='ocrx_word' id='word_1_231' title='bbox 64 2071 138 2108; x_wconf 84' lang='lat' dir='ltr'><strong>que</strong></span> <span class='ocrx_word' id='word_1_232' title='bbox 168 2058 248 2109; x_wconf 67' lang='lat' dir='ltr'><strong>ejus</strong></span> <span class='ocrx_word' id='word_1_233' title='bbox 279 2059 386 2096; x_wconf 83' lang='lat' dir='ltr'><strong>dedi:</strong></span> <span class='ocrx_word' id='word_1_234' title='bbox 426 2059 522 2097; x_wconf 85' lang='lat' dir='ltr'><strong>nihil</strong></span> <span class='ocrx_word' id='word_1_235' title='bbox 554 2066 681 2096; x_wconf 81' lang='lat' dir='ltr'><strong>tamen</strong></span> <span class='ocrx_word' id='word_1_236' title='bbox 709 2072 836 2096; x_wconf 82' lang='lat' dir='ltr'><strong>earum</strong></span> <span class='ocrx_word' id='word_1_237' title='bbox 866 2072 1004 2102; x_wconf 78' lang='lat' dir='ltr'><strong>rerum,</strong></span> <span class='ocrx_word' id='word_1_238' title='bbox 1037 2067 1175 2109; x_wconf 63' lang='lat' dir='ltr'><strong>praeter</strong></span> 
     </span>
     <span class='ocr_line' id='line_1_32' title="bbox 65 2121 1313 2173; baseline 0.002 -16"><span class='ocrx_word' id='word_1_239' title='bbox 65 2121 252 2172; x_wconf 84' lang='lat' dir='ltr'><strong>captivos,</strong></span> <span class='ocrx_word' id='word_1_240' title='bbox 279 2135 323 2158; x_wconf 84' lang='lat' dir='ltr'><strong>ac</strong></span> <span class='ocrx_word' id='word_1_241' title='bbox 353 2123 384 2158; x_wconf 81' lang='lat' dir='ltr'><strong>si</strong></span> <span class='ocrx_word' id='word_1_242' title='bbox 405 2135 479 2172; x_wconf 82' lang='lat' dir='ltr'><strong>qua</strong></span> <span class='ocrx_word' id='word_1_243' title='bbox 505 2124 659 2171; x_wconf 87' lang='lat' dir='ltr'><strong>cognita</strong></span> <span class='ocrx_word' id='word_1_244' title='bbox 684 2136 731 2159; x_wconf 85' lang='lat' dir='ltr'><strong>ex</strong></span> <span class='ocrx_word' id='word_1_245' title='bbox 758 2123 886 2172; x_wconf 85' lang='lat' dir='ltr'><strong>praeda</strong></span> <span class='ocrx_word' id='word_1_246' title='bbox 916 2129 1017 2166; x_wconf 87' lang='lat' dir='ltr'><strong>sunt,</strong></span> <span class='ocrx_word' id='word_1_247' title='bbox 1039 2135 1170 2173; x_wconf 86' lang='lat' dir='ltr'><strong>accep·</strong></span> <span class='ocrx_word' id='word_1_248' title='bbox 1184 2131 1313 2173; x_wconf 73' lang='lat' dir='ltr'><strong>Negant</strong></span> 
     </span>
     <span class='ocr_line' id='line_1_33' title="bbox 63 2174 1335 2224; baseline 0.001 -2"><span class='ocrx_word' id='word_1_249' title='bbox 63 2191 145 2222; x_wconf 88' lang='lat' dir='ltr'><strong>tum</strong></span> <span class='ocrx_word' id='word_1_250' title='bbox 164 2190 244 2221; x_wconf 83' lang='lat' dir='ltr'><strong>est:</strong></span> <span class='ocrx_word' id='word_1_251' title='bbox 268 2191 475 2224; x_wconf 78' lang='lat' dir='ltr'><strong>ceterarum</strong></span> <span class='ocrx_word' id='word_1_252' title='bbox 490 2200 613 2224; x_wconf 76' lang='lat' dir='ltr'><strong>rerum</strong></span> <span class='ocrx_word' id='word_1_253' title='bbox 631 2187 737 2223; x_wconf 78' lang='lat' dir='ltr'><strong>irrita</strong></span> <span class='ocrx_word' id='word_1_254' title='bbox 755 2186 828 2224; x_wconf 81' lang='lat' dir='ltr'><strong>fuit</strong></span> <span class='ocrx_word' id='word_1_255' title='bbox 848 2187 1001 2223; x_wconf 82' lang='lat' dir='ltr'><strong>deditio.</strong></span> <span class='ocrx_word' id='word_1_256' title='bbox 1035 2186 1170 2223; x_wconf 88' lang='lat' dir='ltr'><strong>Dicta·</strong></span> <span class='ocrx_word' id='word_1_257' title='bbox 1184 2174 1335 2209; x_wconf 57' lang='lat' dir='ltr'><strong>R⁰¹¹¹³ni²</strong></span> 
     </span>
     <span class='ocr_line' id='line_1_34' title="bbox 64 2249 1170 2304; baseline 0.005 -18"><span class='ocrx_word' id='word_1_258' title='bbox 64 2253 125 2287; x_wconf 83' lang='lat' dir='ltr'><strong>tor</strong></span> <span class='ocrx_word' id='word_1_259' title='bbox 143 2259 190 2286; x_wconf 81' lang='lat' dir='ltr'><strong>ex</strong></span> <span class='ocrx_word' id='word_1_260' title='bbox 208 2250 539 2290; x_wconf 82' lang='lat' dir='ltr'><strong>senatusconsulto</strong></span> <span class='ocrx_word' id='word_1_261' title='bbox 565 2250 824 2304; x_wconf 83' lang='lat' dir='ltr'><strong>triumphavit.</strong></span> <span class='ocrx_word' id='word_1_262' title='bbox 880 2250 969 2289; x_wconf 87' lang='lat' dir='ltr'><strong>Hoc</strong></span> <span class='ocrx_word' id='word_1_263' title='bbox 988 2249 1127 2289; x_wconf 85' lang='lat' dir='ltr'><strong>bellum</strong></span> <span class='ocrx_word' id='word_1_264' title='bbox 1147 2264 1170 2291; x_wconf 82' lang='lat' dir='ltr'><strong>a</strong></span> 
     </span>
    </p>
   </div>
  </div>
 </body>
</html>
