1573 2598
321 188 477 217 LIBER
501 187 582 216 111.
616 187 722 216 cAP.
745 187 899 216 XVIII·
1116 188 1190 230 191

70 290 132 316 nes
157 278 314 320 Quirites
339 278 392 314 ad
419 289 547 314 arma:
576 278 607 313 si
635 277 712 324 quis
739 278 915 324 inpediat,
934 275 1019 324 jam
1044 289 1081 314 se
1109 291 1192 315 con·
1206 282 1247 312 U.
1265 282 1301 313 C.
1319 288 1394 315 294.

69 343 199 379 sulm-is
225 343 380 390 imperii,
401 340 483 388 jam
513 340 708 377 tribuniciae
731 342 922 388 potestatis
947 347 1191 378 sacratarum-
1204 326 1243 357 Α·
1260 325 1296 357 C·
1313 332 1389 357 ⁴⁵⁸·

71 419 138 456 que
174 407 293 454 legum
321 407 482 449 oblitum,
512 406 669 454 quisquis
700 405 764 441 ille
797 406 858 449 sit,
889 405 1101 454 ubicumque
1131 409 1190 449 sit,

67 473 106 508 in
133 471 326 520 Capitolio,
351 472 389 508 in
401 470 506 520 foro,
534 482 601 518 pro
626 469 724 507 hoste
749 469 964 506 habiturum.
1020 471 1194 507 Juberent

71 536 218 579 tribuni,
255 538 423 585 quoniam
458 537 495 571 z'n
522 536 594 583 Ap.
615 534 844 571 Herdonium
873 540 1048 577 vetarent,
1079 537 1117 571 in
1146 537 1192 572 P.

74 601 257 637 Valerium
281 601 458 637 consulem
476 600 570 635 sumi
595 611 723 636 arma:
751 611 922 636 ausurum
949 612 986 636 se
1013 602 1050 636 in
1078 600 1191 637 tribu-

68 665 136 707 nis,
163 666 259 713 quod
281 665 449 713 princeps
465 662 627 712 familioe
652 676 726 700 suae
750 676 857 701 ausus
876 666 916 701 in
933 665 1074 713 regibus
1091 670 1190 702 esset.

69 729 158 766 Vim
185 729 359 766 ultimam
385 729 594 780 adparebat
617 729 800 774 futuram,
821 729 1114 780 spectaculoque
1131 743 1191 767 se-

64 792 252 830 ditionem
281 793 500 830 Romanam
528 792 704 846 hostibus
734 794 842 830 fore:
873 806 945 830 nec
972 793 1035 830 lex
1062 800 1193 831 tamen

65 857 170 900 ferri,
191 870 261 894 nec
281 859 335 894 ire
353 859 393 894 in
414 857 648 908 Capitolium
669 857 802 894 consul
828 859 955 908 potuit
972 872 979 893 :
1011 871 1091 895 nox
1109 871 1191 895 cer-

66 922 213 958 tamina
240 928 369 972 coepta
397 922 614 972 obpressit:
645 921 789 958 tribuni
819 934 964 958 cessere
989 923 1111 965 nocti,
1139 922 1190 958 ti-

67 992 213 1022 mentes
251 986 450 1023 consulum
486 999 603 1023 arma.
675 987 827 1022 Amotis
867 986 955 1023 inde
991 987 1190 1023 seditionis

69 1050 302 1094 auctoribus,
326 1050 458 1087 Patres
485 1051 684 1086 circumire
715 1050 879 1101 plebem,
910 1050 1191 1100 inferentesque

68 1124 108 1149 se
137 1114 177 1149 in
200 1113 375 1157 circulos,
396 1125 588 1150 sermones
614 1115 779 1164 tempori
805 1120 916 1165 aptos
945 1127 1090 1151 serere:
1123 1115 1189 1151 ad-

68 1192 235 1224 monere,
263 1183 312 1218 Ut
336 1183 510 1225 viderent,
540 1183 576 1218 in
603 1183 698 1230 quod
722 1183 910 1218 discrimen
936 1181 1192 1230 rempublicam

67 1245 297 1283 adducerent.
355 1248 440 1283 Non
475 1249 568 1283 inter
597 1248 728 1283 Patres
764 1260 807 1283 ac
838 1247 980 1295 plebem
1014 1252 1194 1284 certamen

67 1319 151 1352 esse,
180 1310 242 1346 sed
271 1312 379 1347 simul
404 1312 532 1347 Patres
558 1311 781 1359 plebemque,
816 1323 935 1347 arcem
966 1311 1074 1354 urbis,
1102 1316 1191 1347 tem-

66 1373 132 1420 pla
149 1373 328 1418 Deorum,
344 1381 496 1424 penates
513 1376 675 1425 publicos
693 1378 926 1424 privatosque
950 1375 1105 1412 hostibus
1128 1376 1192 1412 de-

66 1437 121 1473 di.
176 1436 282 1475 Dum
317 1440 399 1476 haec
435 1440 476 1476 in
506 1439 593 1477 foro
625 1440 798 1477 sedandae
830 1440 1029 1476 discordiae
1058 1451 1192 1477 caussa

68 1507 245 1550 aguntur,
284 1502 458 1540 consules
493 1503 663 1546 interim,
700 1515 749 1539 ne
786 1502 932 1545 Sabini,
969 1515 1017 1539 ne
1051 1502 1190 1539 Veiens

66 1562 198 1600 hostis·
222 1573 451 1610 moveretur,
482 1567 584 1603 circa
611 1573 744 1617 portas
777 1578 982 1615 murosque
1009 1566 1191 1603 discesse-
1246 1616 1253 1621 V

65 1634 167 1665 rant.

123 1692 201 1728 XV
202 1692 278 1729 ΙΙΙ.
306 1694 453 1732 Eadem
473 1702 588 1732 nocte
612 1702 651 1732 et
668 1694 878 1731 Tusculum
897 1695 943 1731 de
960 1707 1048 1731 arce
1066 1700 1191 1745 capta,

68 1756 341 1807 Capitolioque
365 1767 570 1810 occupato,
597 1766 636 1796 et
664 1759 740 1796 alio
765 1759 928 1795 turbatae
957 1758 1060 1795 urbis
1091 1765 1194 1795 statu

64 1822 199 1857 mincii
229 1823 397 1861 veniunt.
454 1824 501 1861 L.
521 1824 717 1861 Mamilius
741 1823 896 1859 Tusculi
921 1829 1004 1859 tum
1029 1823 1193 1860 dictator
1204 1822 1381 1873 Tusculffimi

71 1891 174 1921 erat:
208 1887 254 1930 is,
283 1887 489 1924 confestim
517 1894 729 1925 convocato
754 1894 902 1931 senatu,
929 1894 1043 1937 atque
1070 1889 1191 1924 intro·
1203 1868 1365 1941 {³133}ssss

60 1948 192 1986 'ductis
221 1952 384 1996 nunciis,
414 1965 556 2001 magno
585 1965 700 2003 opere
730 1959 873 1995 censet,
897 1953 954 1989 Ne
980 1958 1190 2001 exspectent,
1204 1954 1322 1985 ferunt.

59 2012 156 2048 dum
182 2014 226 2049 ab
244 2013 363 2051 Roma
390 2016 513 2064 legati,
537 2017 712 2052 auxilium
736 2020 908 2065 petentes,
929 2017 1077 2052 veniant
1091 2030 1105 2051 .·
1125 2028 1193 2064 pe-

66 2077 224 2113 riculum
247 2080 376 2127 ipsum,
406 2081 673 2129 discrimenque,
701 2081 911 2116 acsocz'ales
928 2080 1042 2123 Deos,
1056 2081 1191 2130 fidem-

71 2151 140 2188 que
152 2140 333 2189 -foederum
351 2144 390 2179 id
408 2155 562 2192 poscere.
616 2145 836 2180 Demeremli
853 2144 1015 2193 bemficio
1033 2149 1108 2180 tam
1121 2157 1191 2193 po-

65 2209 217 2248 tentem,
248 2211 323 2244 tam
348 2210 588 2257 propinquam
617 2211 809 2252 civitatem,
838 2221 1035 2257 numquam
1064 2221 1192 2257 parem

73 2271 289 2306 occasionem
308 2271 455 2308 daturos
468 2273 581 2309 Deos.
636 2273 768 2310 Placet
785 2272 876 2309 ferri
894 2271 1099 2318 auxilium,
1124 2271 1191 2323 ju-

67 2339 206 2371 ventus
230 2336 500 2381 conscribitur,
531 2350 636 2374 arma
663 2338 814 2375 dantur.
869 2336 1036 2375 Romam
1066 2338 1190 2390 prima
