1573 2598
98 296 140 326 U.
157 295 192 325 C.
210 300 284 325 305.

96 341 137 368 A.
155 339 191 368 C.
208 345 282 373 447.

92 379 239 412 Vincunt

93 425 127 454 in
144 431 256 456 senatu

93 469 278 500 decemviri.

94 881 268 914 Deiectum

93 927 225 960 habent.

94 2107 184 2139 Male
199 2117 268 2140 rem

92 2159 221 2193 gerunt.

313 210 394 241 220
765 213 812 242 T.
836 213 970 243 mvn

311 312 442 336 vocem
479 299 713 342 excessisset,
751 300 950 337 decemviri
987 297 1223 352 propositum
1256 309 1422 341 tenuere.

314 364 540 400 Consulares
571 376 720 413 quoque
748 377 791 400 ac
820 367 985 401 seniores
1013 366 1060 402 ab
1087 367 1235 403 residuo
1261 368 1422 404 tribuni-

313 428 378 463 ciae
407 428 607 477 potestatis
637 427 740 469 odio,
775 427 881 478 cujus
914 429 1138 465 desiderium
1170 430 1270 480 plebi
1303 431 1424 468 multo

310 492 446 535 acrius,
468 505 581 541 quam
601 491 807 528 consularis
835 493 994 543 imperii,
1016 493 1196 530 rebantur
1217 508 1312 538 esse,
1335 509 1424 545 pro-

308 568 356 606 pe
380 555 587 598 malebant,
614 556 817 606 postmodo
843 557 944 606 ipsos
971 557 1202 594 decemviros
1227 557 1424 595 voluntate

309 618 414 656 abire
450 619 689 668 magistratu,
728 632 842 668 quam
876 619 1018 656 invidia
1054 633 1185 657 eorum
1222 634 1425 671 exsurgere

307 695 435 719 rursus
467 682 643 734 plebem:
679 684 711 719 si
740 683 875 720 leniter
904 685 1018 722 ducta
1045 698 1103 722 res
1137 686 1218 722 sine
1250 685 1426 738 populari

306 747 470 798 strepitu
494 746 540 783 ad
563 746 737 783 consules
762 747 934 792 redisset,
957 754 1023 785 aut
1044 747 1152 786 bellis
1175 750 1426 801 interpositis,

308 817 374 848 aut
402 811 664 848 moderatione
693 811 890 848 consulum
924 813 963 848 in
995 813 1160 863 imperiis
1191 814 1424 857 exercendis,

308 889 420 927 posse
436 877 477 913 in
498 876 730 913 oblivionem
748 875 989 914 tribunorum
1007 877 1156 928 plebem
1175 879 1323 917 adduci.
1366 879 1426 915 Si-

308 939 430 977 lentio
465 940 623 976 Patrum
659 940 818 976 edicitur
854 940 1050 977 delectus:
1083 940 1272 991 juniores,
1309 955 1426 992 quum

311 1005 392 1042 sine
420 1004 693 1055 provocatione
721 1004 920 1053 imperium
949 1011 1060 1048 esset,
1092 1006 1138 1042 ad
1174 1007 1331 1042 nomina
1367 1019 1425 1042 re-

310 1069 523 1120 spondent:
562 1067 776 1117 legionibus
813 1069 977 1118 scriptis,
1015 1069 1114 1106 inter
1150 1083 1189 1106 se
1227 1070 1427 1106 decemviri

306 1132 597 1183 comparabant,
619 1144 711 1181 quos
732 1132 785 1167 ire
811 1131 858 1167 ad
878 1131 1035 1176 bellum,
1055 1145 1149 1182 quos
1178 1146 1338 1183 praeesse
1360 1146 1425 1170 ex-

307 1197 488 1233 ercitibus
505 1202 710 1248 oporteret.
739 1195 932 1245 Principes
954 1196 1052 1232 inter
1072 1197 1302 1233 decemviros
1319 1207 1427 1233 erant

307 1262 357 1301 Q.
383 1261 523 1297 Fabius
557 1266 595 1296 et
627 1260 700 1310 Ap.
729 1259 936 1299 Claudius:
968 1259 1110 1296 bellum
1147 1260 1250 1297 domi
1286 1260 1423 1310 majus,

308 1337 422 1374 quam
458 1324 565 1367 foris,
604 1323 820 1374 adparebat.
890 1323 1006 1372 Appii
1043 1323 1264 1360 violentiam
1301 1325 1425 1373 aptio·

307 1402 388 1427 rem
415 1390 489 1426 rati
517 1389 565 1425 ad
591 1387 893 1439 comprimendos
922 1387 1085 1424 urbanos
1109 1394 1260 1424 motus:
1293 1389 1332 1424 in
1351 1387 1429 1424 Fa-

307 1453 374 1491 bio
403 1455 526 1490 minus
553 1454 592 1490 in
616 1453 722 1489 bono
752 1458 946 1496 constans,
968 1464 1080 1501 quam
1108 1465 1247 1489 navum
1276 1453 1315 1488 in
1345 1465 1424 1488 ma-

307 1519 405 1562 litia,
435 1519 631 1568 ingenium
660 1530 752 1554 esse.
810 1516 925 1553 Hunc
956 1517 1056 1553 enim
1075 1518 1210 1560 virum,
1234 1517 1426 1566 egregium

307 1583 401 1620 olim
430 1584 531 1620 domi
558 1583 791 1632 militiaeque,
818 1582 1090 1618 decemviratus
1118 1581 1348 1631 collegaeque
1374 1581 1428 1617 ita

307 1654 562 1692 mutaverant,
583 1654 625 1683 ut
643 1648 774 1697 Appii,
795 1659 908 1695 quam
935 1647 1007 1689 sui,
1029 1646 1159 1682 similis
1184 1645 1314 1682 mallet
1334 1657 1428 1681 esse.

308 1713 413 1751 Huic
442 1713 583 1750 bellum
613 1714 652 1749 in
682 1712 847 1755 Sabinis,
866 1710 936 1747 M'.
955 1710 1147 1746 Rabuleio
1174 1715 1212 1745 et
1231 1709 1279 1749 Q.
1298 1708 1429 1746 Poete-

309 1776 363 1814 lio
400 1778 537 1814 additis
576 1776 744 1825 collegiS,
783 1774 1016 1812 mandatum.
1071 1772 1129 1810 M.
1157 1772 1356 1809 Cornelius
1389 1773 1427 1810 in

309 1840 492 1891 Algidum
519 1842 654 1879 missus
685 1853 771 1877 cum
795 1839 843 1876 L.
862 1838 1037 1875 Minucio
1064 1844 1102 1874 et
1123 1837 1171 1875 T.
1190 1836 1364 1874 Antonio
1390 1842 1430 1874 et

308 1905 363 1943 Κ.
384 1905 518 1942 Duilio
548 1912 586 1942 et
613 1905 672 1942 M.
700 1904 860 1953 Sergio:
894 1903 958 1953 Sp.
979 1901 1149 1953 Oppium
1173 1901 1247 1951 Ap.
1269 1899 1429 1938 Claudio

310 1969 523 2021 adjutorem
555 1969 603 2006 ad
631 1968 765 2006 urbem
793 1967 987 2010 tuendam,
1022 1979 1130 2016 aequo
1163 1964 1334 2002 omnium
1365 1963 1429 2000 de-

311 2034 562 2071 cemvirorum
581 2033 755 2084 imperio,
776 2032 996 2068 decernunt.

365 2098 500 2136 XLII.
536 2097 672 2135 Nihilo
705 2096 866 2139 militiae,
896 2108 1009 2144 quam
1039 2094 1159 2138 domi,
1190 2090 1322 2129 melius
1352 2103 1435 2128 res·

311 2162 466 2215 publica
484 2162 746 2200 administrata
765 2167 833 2197 est.
890 2159 962 2195 Illa
981 2158 1094 2195 modo
1114 2158 1154 2194 iu
1174 2155 1329 2193 ducibus
1350 2154 1431 2192 cul·

312 2241 375 2280 pa,
396 2228 510 2278 quod,
531 2234 574 2264 ut
592 2226 680 2263 odio
700 2231 827 2262 essent
846 2223 1005 2267 civibus,
1025 2222 1195 2260 fecerant
1213 2236 1221 2257 :
1254 2219 1329 2257 alia
1348 2232 1432 2256 om-

311 2294 370 2329 nis
393 2305 507 2344 penes
528 2291 665 2329 milites
687 2304 791 2328 noxa
809 2295 913 2326 erat:
946 2289 1024 2337 qui,
1044 2300 1093 2324 ne
1116 2285 1207 2336 quid
1235 2286 1351 2322 ductu
1372 2291 1432 2321 at·

308 2368 383 2409 que
408 2358 577 2409 auspicio
605 2356 903 2394 decemvirorum
931 2364 1111 2407 prospere
1136 2362 1296 2403 usquam
1324 2360 1430 2401 gere·
