1573 2598
402 116 557 146 LIBER
583 115 707 145 vn1.
739 115 847 143 CAP.
871 114 956 142 xx.
1164 102 1243 156 561

121 209 215 246 fines
245 213 399 245 senatus
418 206 690 243 Fundanorum
718 203 888 242 obcurrit
902 221 912 250 5
944 209 1090 253 negant,
1110 216 1146 240 se
1166 208 1431 253 proU.C.4<25‚

124 273 284 310 Vitruvio
311 278 512 321 sectamque
533 270 606 318 ejus
632 272 761 307 secutis
788 275 974 318 precatum
1002 271 1146 312 venisse,
1176 270 1236 306 sed
1248 251 1426 286 A.C.32:‚

114 350 184 386 pro
214 338 388 374 Fundano
413 337 575 385 populo3
604 347 709 384 quem
736 340 839 371 extra
867 336 1011 383 culpam
1040 335 1123 370 belli
1150 346 1234 379 esse,

118 404 232 450 ipsum
266 403 468 438 Vitruvium
487 399 680 447 judicasse,
711 412 819 449 quum
848 400 1111 448 receptaculum
1129 399 1238 448 sugae

119 467 335 503 Privernum
366 467 540 509 habuerit,
577 478 649 502 non
680 468 842 514 patriam
879 465 1029 501 Fundos.
1074 465 1239 501 Priverni.

117 532 234 578 igitur
262 531 376 568 hostes
400 531 531 580 populi
550 530 709 567 Romani
727 531 932 579 quaerentlos
955 531 1236 578 persequendos-

118 608 186 645 que
205 608 288 638 esse,
309 598 370 644 qui
396 596 506 632 simul
533 609 555 631 α
574 595 755 632 Fundanis
783 607 826 631 ac
843 594 1031 637 Romanis,
1053 596 1237 643 utriusque

114 662 249 709 patrias
268 663 489 704 inmemores,
511 660 717 710 defecerint.
756 660 938 696 Fundanis
951 671 1078 708 pacem>
1097 671 1181 703 esse,
1201 664 1238 695 et

115 725 255 760 animos
285 724 482 766 Romanos,
517 729 552 760 et
580 729 727 772 gratam
762 725 972 759 memoriam
1004 728 1160 772 acceptae
1183 725 1235 760 ci-

114 790 251 825 vitatis.
309 789 423 826 Orare
448 801 484 825 se
509 789 699 832 consulem,
720 792 760 824 ut
788 788 917 824 bellum
936 788 979 824 ab
1009 789 1152 824 innoxio
1166 800 1236 836 po·

117 854 202 902 palo
222 853 423 890 abstineat:
451 866 569 902 agros,
595 853 730 896 urbem,
752 865 903 901 corpora
923 855 1094 901 ipsorum,
1115 851 1237 899 conju-

115 930 285 967 gumque,
306 931 350 954 ac
369 918 559 955 liberorum
577 930 736 961 suorum,
758 919 796 954 in
812 922 994 967 potestate
1008 919 1139 966 populi
1159 918 1237 954 Ro-

116 984 218 1018 mam·
236 994 319 1026 esse,
330 981 550 1030 futuraque.
582 981 830 1018 Conlaudatis
857 981 1066 1025 Fundanis,
1087 981 1237 1024 consul,

117 1045 314 1096 literisque
342 1046 508 1083 Romam
538 1047 676 1090 missis,
697 1047 736 1082 in
757 1047 881 1083 officio
907 1046 1112 1083 Fundanos
1140 1059 1236 1090 esse,

119 1112 168 1148 ad
197 1111 422 1149 Privernum
451 1112 557 1149 flexit
589 1112 673 1150 iter.
726 1112 836 1149 Prius
868 1112 1168 1149 animadversum
1197 1112 1240 1148 in

119 1188 199 1219 eos,
237 1177 302 1225 qui
338 1177 466 1226 capita
501 1175 778 1227 conjurationis
814 1177 980 1221 fuerant,
1026 1190 1048 1213 a
1084 1176 1240 1213 consule

117 1239 249 1276 scribit
269 1240 448 1277 Claudius
464 1255 472 1277 ε
505 1241 553 1277 ad
571 1247 762 1277 trecentos
784 1241 1060 1291 quinquaginta
1079 1253 1126 1277 ex
1145 1254 1240 1277 con-

111 1303 252 1353 juratis
273 1304 421 1341 vinctos
440 1304 608 1342 Romam
634 1305 769 1341 missos
785 1321 795 1351 3
829 1318 986 1354 eamque
1006 1305 1239 1342 deditionem

117 1367 166 1404 ab
188 1374 323 1405 senatu
341 1381 421 1406 non
441 1377 636 1419 acceptam
653 1383 660 1404 :
693 1370 795 1418 quod
814 1370 1009 1418 egentium
1034 1375 1147 1418 atque
1165 1369 1239 1405 hu-

115 1432 261 1469 milium
282 1445 397 1483 poena
411 1433 567 1483 defungi
587 1433 682 1470 velle
700 1433 925 1470 Fundanum
944 1433 1128 1484 populum
1148 1427 1237 1470 cen'-

115 1497 273 1535 suerint.

168 1561 265 1601 XX.
292 1562 518 1600 Privernum
544 1562 690 1600 duobus
717 1562 981 1599 consularibus
1008 1563 1235 1601 exercitibus
1249 1570 1439 1601 Privernum

114 1638 232 1676 quum
262 1626 514 1671 obsideretur,
543 1627 638 1664 alter
667 1627 801 1664 consul
830 1627 1074 1665 comitiorum
1103 1614 1420 1666 caussa⁰b⁵id⁰m¹'

118 1688 285 1726 Romam
313 1697 526 1728 revocatus.
568 1691 746 1728 Carceres
774 1704 820 1728 eo
847 1704 949 1728 anno
969 1693 1008 1728 in
1029 1693 1130 1729 circo
1159 1694 1236 1744 pri-

115 1765 222 1791 mum
248 1755 395 1791 statuti.
437 1754 622 1791 Nondum
647 1755 867 1806 perfunctos
889 1769 980 1793 cura
1003 1756 1236 1794 Privernatis

115 1818 207 1856 belli
225 1818 410 1856 tumultus
427 1819 566 1856 Gallici
580 1820 683 1857 fama
699 1826 810 1856 atrox
827 1821 980 1865 invasit,
1001 1821 1103 1859 haud
1116 1822 1237 1859 ferme

115 1896 297 1933 umquam
329 1883 503 1933 neglecta
532 1884 723 1921 Patribus,
762 1884 970 1936 Extemplo
999 1886 1116 1935 igitur
1142 1900 1234 1923 con-

115 1947 215 1985 sules
245 1947 349 1992 novi,
375 1947 422 1985 L.
443 1948 622 1984 AEmilius
645 1947 903 1985 Mamercinus
924 1955 962 1985 et
982 1950 1025 1986 C.
1046 1949 1233 1995 Plautius,
1248 1956 1291 1988 U.
1305 1956 1340 1987 C.
1356 1962 1432 1988 426.

116 2024 164 2048 eo
182 2012 266 2062 ipso
287 2012 360 2056 die,
380 2011 566 2049 Kalendis
585 2012 858 2056 Quinctilibus,
875 2026 951 2062 quo
970 2015 1236 2063 magistratum
1247 2000 1288 2031 Α·
1303 2000 1340 2032 C·
1353 2005 1428 2032 ³2⁶*

117 2072 298 2119 initirunt,
330 2088 548 2127 comparare
585 2077 685 2114 inter
721 2089 760 2113 se
796 2078 1010 2127 provincias
1040 2077 1164 2128 jussi3
1198 2086 1236 2116 et

117 2138 392 2183 Mamercinus,
413 2142 475 2178 cui
494 2141 684 2178 Gallicum
702 2140 844 2177 bellum
865 2148 1055 2186 evenerat,
1072 2142 1237 2180 scribere

116 2203 326 2242 exercitum
344 2204 425 2242 sine
445 2204 522 2243 ulla
546 2206 757 2243 vacationis
777 2205 912 2243 venia:
944 2206 1036 2257 quin
1055 2206 1235 2259 opificum

543 2261 565 2278 *
613 2269 731 2308 Bb5
