1573 2598
146 263 190 295 U.
202 263 239 294 C.
256 268 332 296 36⁵.

145 308 187 338 A.
202 307 239 339 C.
257 313 334 344 ³87·

138 1411 251 1441 Fames
268 1417 299 1440 et

133 1454 323 1494 pestilentia.

342 161 428 218 398
770 170 816 202 Τ.
841 170 978 203 mvn

343 269 544 312 natusque,
563 271 643 297 non
671 259 718 297 ab
744 260 906 298 tribunis
929 260 1052 299 solum
1074 262 1251 307 militum,
1271 263 1337 300 sed
1359 275 1450 300 con—

344 340 455 364 sensu
479 326 593 362 etiam
619 324 797 361 militari:
830 325 890 361 cui
917 327 1081 362 universi
1103 326 1258 363 selibras
1281 326 1389 364 farris
1413 332 1452 363 et

343 390 554 441 quartarios
585 388 662 424 vini
691 388 738 424 ad
770 389 863 425 aedes
897 389 992 439 ejuS‚
1024 403 1106 439 quae
1139 391 1179 427 in
1213 403 1298 427 arce
1327 395 1457 433 erant,

343 453 609 492 contulerunt:
642 464 720 488 rem
747 453 850 489 dictu
875 466 1043 503 parvam,
1062 461 1229 492 ceterum
1248 454 1379 504 inopia
1395 453 1451 491 fe-

342 524 446 556 cerat
475 530 557 553 eam
586 522 851 564 argumentum
879 518 1013 566 ingens
1043 520 1227 563 caritatis,
1254 531 1385 568 quum,
1412 529 1453 553 se

342 582 500 632 quisque
525 581 628 616 victu
656 592 725 615 suo
754 579 946 624 fraudans,
976 582 1188 618 detractum
1215 582 1366 632 corpori
1395 586 1454 617 at-

342 659 416 696 que
438 645 567 681 usibus
590 645 811 680 necessariis
838 645 886 681 ad
913 646 1100 683 honorem
1128 647 1239 683 unius
1259 646 1329 682 viri
1359 657 1451 682 con-

341 710 471 748 ferret.
525 709 626 745 Tum
655 708 786 757 vigiles
822 708 901 758 ejus
934 709 1022 753 loci,
1059 723 1133 760 qua
1164 710 1351 746 fefellerat
1389 706 1455 745 ad-

343 774 525 811 scendens
558 774 694 816 hostis,
726 774 858 809 citati:
891 780 929 810 et
964 787 1078 823 quum
1113 776 1150 811 in
1185 786 1316 810 omnes
1349 784 1455 809 more

340 839 497 877 militari
529 851 570 875 se
598 839 942 875 animadversurum
980 841 1028 879 Q.
1059 839 1245 889 Sulpicius
1278 839 1453 875 tribunus

340 903 504 940 militum
534 902 846 951 pronunciasset3
879 904 1143 939 consentiente
1164 903 1329 939 clamore
1355 901 1455 938 mili-

341 971 438 1009 tum,
459 966 498 1001 in
524 955 640 1001 unum
659 965 812 1013 vigilem
836 965 1122 1015 conjicientium
1142 966 1307 1016 culpam,
1329 966 1454 1002 deter-

341 1030 453 1074 ritus,
479 1043 502 1066 a
530 1030 663 1066 ceteris
694 1028 901 1065 abstinuit:
934 1042 1039 1066 reum
1067 1030 1169 1066 haud
1198 1030 1355 1066 dubium
1374 1029 1454 1080 ejus

341 1108 469 1138 noxae,
490 1093 788 1144 adprobantibus
813 1095 974 1138 cunctis,
996 1094 1041 1131 de
1064 1107 1156 1131 saxo
1182 1093 1330 1145 dejecit.
1388 1094 1455 1139 Inss

342 1160 388 1196 de
408 1159 631 1195 intentiores
652 1158 841 1207 utrimque
861 1159 1042 1195 custodiae
1063 1172 1142 1196 esse
1153 1175 1163 1205 3
1190 1166 1227 1195 et
1247 1159 1346 1210 apud.
1362 1158 1455 1195 Gal-

341 1223 414 1266 los,
436 1224 524 1272 quia
537 1221 730 1271 vulgatum
751 1228 844 1265 erat,
861 1223 961 1259 inter
972 1224 1087 1260 Veios
1100 1223 1339 1273 Romamque
1354 1235 1453 1260 nun-

341 1289 420 1325 cios
442 1300 677 1333 commeare3
710 1294 748 1324 et
766 1288 867 1338 apud
885 1287 1097 1332 Romanos,
1119 1289 1167 1326 ab
1186 1289 1364 1327 nocturni
1387 1301 1454 1339 pe-

341 1352 448 1389 riculi
470 1351 665 1388 memoria.
1341 1394 1343 1397 ι

396 1415 588 1453 XLVIII,
613 1415 687 1452 Sed
705 1421 793 1452 ante
813 1415 942 1452 omnia
961 1414 1169 1452 obsidionis
1189 1414 1353 1464 bellique
1372 1428 1452 1453 ma-

341 1480 377 1517 la
406 1480 523 1517 fames
553 1480 744 1529 utrimque
772 1480 980 1516 exercitum
1009 1480 1193 1528 urgebat:
1225 1479 1356 1516 Gallos
1386 1492 1452 1530 pe-

340 1544 509 1581 stilentia
538 1545 665 1587 etiam,
697 1556 812 1593 quum
849 1544 936 1581 loco
965 1543 1121 1594 jacente
1157 1545 1257 1580 inter
1285 1543 1451 1580 tumulos

339 1615 463 1646 castra
490 1608 689 1652 habentes,
709 1615 792 1645 tum
821 1608 868 1645 ab
892 1609 1074 1645 incendiis
1103 1608 1251 1645 torrido
1277 1613 1316 1644 et
1334 1620 1451 1658 vapo-

337 1673 388 1709 ris
408 1671 537 1722 pleno,
558 1672 811 1721 cineremque,
832 1684 910 1708 non
930 1672 1122 1722 pulverem
1142 1671 1270 1716 modo,
1290 1671 1451 1716 ferente,

339 1749 456 1786 quum
485 1735 574 1786 qnid
593 1736 697 1772 venti
726 1741 874 1772 motum
899 1742 1022 1773 esset:
1053 1749 1213 1786 quorum
1242 1735 1452 1772 intoleran-

337 1799 487 1836 tissima
514 1812 621 1848 genS,
644 1799 872 1849 humorique
901 1812 945 1836 ac
973 1799 1108 1849 frigori
1138 1800 1308 1842 adsueta,
1334 1811 1449 1848 quum

339 1870 433 1899 aestu
454 1869 491 1899 et
511 1876 652 1913 angore
671 1869 821 1907 vexata,
841 1863 1004 1913 vulgatis
1023 1863 1126 1900 velut
1144 1864 1184 1900 in
1210 1875 1329 1914 pecua
1347 1875 1451 1900 mor-

336 1926 395 1962 bis
416 1934 640 1971 moreretur‚
654 1926 737 1977 jam
756 1926 912 1979 pigritia
930 1927 1099 1976 singulos
1127 1927 1332 1978 sepeliendi
1360 1939 1449 1977 pro-

337 1991 480 2028 miscue
505 1997 699 2027 acervatos
727 1990 895 2028 cumulos
920 1991 1118 2027 hominum
1143 1989 1326 2027 urebant:
1357 1988 1450 2028 bus-

336 2060 542 2104 torumque
564 2055 650 2096 inde
671 2055 905 2092 Gallicorum
932 2055 1086 2091 nomine
1108 2054 1297 2103 insignem
1321 2054 1448 2091 locum

336 2117 472 2155 fecere.
528 2118 696 2156 Induciae
734 2119 869 2155 deinde
905 2131 991 2156 cum
1024 2117 1209 2155 Romanis
1245 2117 1371 2162 factae,
1409 2124 1450 2156 et

335 2181 541 2232 conloquia
564 2183 748 2233 permissu
766 2184 1038 2234 imperatorum
1061 2182 1220 2220 habita:
1251 2183 1289 2219 in
1310 2182 1446 2232 quibus

333 2256 448 2293 quum
477 2246 696 2284 idemtidem
716 2247 817 2284 Galli
836 2247 975 2285 famem
994 2246 1219 2298 objicerent,
1240 2259 1357 2296 eaque
1376 2259 1443 2283 ne—

333 2309 508 2347 cessitate
537 2311 584 2348 ad
613 2311 844 2351 deditionem
862 2319 1056 2358 vocarent,
1077 2313 1216 2351 (licitur
1233 2310 1444 2350 avertenda
