1573 2598
406 188 774 218 L1BER·V.»CA·1·.
797 190 904 218 xvi.
1126 188 1210 235 359

97 276 221 320 bellis,
242 277 469 314 Volscorum
488 278 535 314 ad
554 279 702 321 Anxur,
723 278 789 314 ubi
815 279 1030 328 praesidium
1048 277 1209 316 obside·
1223 286 1264 317 U.
1276 286 1314 317 C.
1328 291 1405 322 353.

96 342 223 385 batur,
257 342 473 392 ,Equorum
509 343 557 378 ad
588 342 769 386 -Lavicos,
807 344 869 392 qui
903 343 1120 380 Romanam
1157 330 1408 381 imma-39⁴.

97 406 289 443 coloniam
309 406 607 457 obpugnabant,
637 407 685 443 ad
714 408 787 443 hoc
813 407 963 443 Veienti
983 420 1144 457 &quoque
1174 414 1213 445 et

98 470 247 507 Falisco
277 478 315 507 et
345 472 531 520 Capenati
559 470 660 506 bello
689 478 896 520 occupatos
923 472 1102 508 videbant
1130 473 1213 508 Ro-

94 545 245 577 manos,
265 547 335 571 nec
358 535 457 570 intra
476 546 602 572 muros
627 535 815 582 quietiora
842 536 997 583 negotia
1021 548 1103 571 esse
1132 548 1214 572 ρετ·

95 599 302 635 taminibus
323 599 480 635 Patrum
506 611 549 634 ac
576 598 724 648 plebis;
762 599 861 635 inter
890 600 970 635 haec
998 599 1125 636 locum
1153 601 1212 636 in-

88 662 202 713 juriae
224 664 296 699 rati
322 675 417 706 esse,
438 663 647 713 praedatum
675 663 712 698 in
741 675 874 711 agrum
899 662 1119 700 Romanum
1147 678 1212 701 co·-

95 727 225 763 hortes
256 727 450 776 expeditas
479 728 660 763 mittunt:
695 734 761 763 aut
780 729 880 763 enim
906 741 1083 778 passuros
1113 729 1212 765 inul-

92 796 175 828 tam
195 804 277 827 eam
295 790 474 841 injuriam
492 791 706 834 Romanos,
727 805 775 827 ne
794 803 895 827 novo
920 792 1022 828 bello
1052 805 1091 828 se
1120 805 1213 829 one*—

91 864 245 896 Yarent:
283 864 349 894 aut
377 859 531 906 exiguo,
562 870 682 906 eoque
711 870 846 907 parum
875 857 1014 901 valido,
1045 859 1214 895 exercitu

92 927 372 973 persecuturos.
446 921 633 957 Romanis
678 921 886 970 indignitas
928 920 1064 972 major,
1100 933 1214 971 quam

93 999 200 1029 cura,
237 985 496 1036 populationis
542 986 878 1034 Tarquiniensium
918 986 1016 1022 fuit:
1062 999 1108 1021 eo
1142 997 1213 1022 nec

97 1064 238 1100 magno
266 1057 407 1088 conatu
437 1059 626 1100 suscepta,
653 1064 723 1087 nec
754 1052 793 1087 in
824 1051 982 1101 longum
1011 1051 1125 1087 dilata
1154 1064 1212 1087 res

91 1122 165 1152 est.
222 1117 269 1152 A.
289 1115 507 1152 Postumius
537 1122 576 1151 et
602 1115 648 1151 L.
669 1115 792 1151 Julius
823 1128 902 1151 non
922 1115 1030 1165 justo
1051 1115 1211 1158 delectu,

95 1180 256 1226 (etenim
277 1179 323 1215 ab
344 1179 505 1215 tribunis
526 1178 645 1228 plebis
666 1178 974 1229 impediebantur)
1004 1179 1069 1214 sed
1095 1191 1214 1229 prope

90 1243 411 1285 voluntariorum,
444 1256 537 1292 quos
572 1243 809 1278 adhortando
846 1244 1111 1286 incitaverant,
1147 1256 1211 1279 co·-

94 1314 181 1344 acta
199 1320 327 1351 manu,
348 1321 415 1358 per
436 1321 569 1356 agrum
596 1308 782 1343 Coeretem
801 1306 965 1356 obliquis
995 1307 1209 1343 tramitibus

89 1373 248 1420 egressi,
267 1373 463 1408 redeuntes
485 1385 507 1408 a
525 1371 837 1422 populationibus
859 1383 1065 1419 gravesque
1085 1372 1212 1420 praeda

93 1436 388 1485 Tarquinienses
408 1436 628 1486 obpressere
647 1451 654 1471 :
688 1435 828 1471 multos
849 1435 1028 1471 mortales
1049 1435 1210 1471 obtrun-

86 1506 196 1542 cant,
217 1513 348 1536 omnes
368 1507 512 1536 exuunt
531 1500 797 1550 inpedimentis
809 1516 819 1544 5
844 1506 895 1542 et,
916 1500 1076 1549 receptis
1097 1511 1209 1548 agro-

86 1576 177 1600 Tum
197 1576 351 1600 suorum
377 1564 522 1614 spoliis,
542 1563 707 1607 Romam
736 1569 986 1599 revertuntur.
1042 1563 1210 1599 Biduum
1247 1560 1253 1565 ²

90 1628 138 1665 ad
159 1629 484 1676 recognoscendas
505 1640 562 1664 res
583 1629 714 1664 datum
733 1628 916 1664 dominis:
946 1628 1060 1663 tertio
1076 1629 1208 1677 incog-

92 1692 175 1727 nita
197 1696 323 1739 (erant
342 1697 469 1727 autem
488 1704 533 1727 ea
551 1691 729 1741 pleraque
749 1692 917 1727 hostium
934 1692 1120 1741 ipsorum)
1138 1691 1208 1728 sub

87 1755 204 1792 ‘hasta
234 1757 410 1800 veniere3
453 1755 628 1804 quodque
665 1756 751 1791 iude
784 1756 991 1798 redactum,
1025 1755 1207 1791 militibus

84 1826 149 1855 est
177 1820 349 1856 divisum.
408 1820 545 1855 Cetera
572 1818 686 1862 bella,
714 1820 952 1868 maximeque
972 1819 1126 1862 Veiens,
1149 1820 1209 1856 in-

92 1885 186 1920 certi
206 1885 329 1920 exitus
350 1891 468 1920 erant.
525 1883 686 1932 Jamque
706 1883 887 1926 Romani,
909 1884 1107 1934 desperata
1136 1897 1209 1934 ope

83 1949 272 1991 thumana,
292 1949 372 1984 fata
401 1955 438 1984 et
466 1948 572 1985 Deos
602 1948 840 1998 spectabant,
869 1961 984 1996 quum
1013 1948 1130 1996 legati
1159 1948 1207 1984 ab

86 2012 252 2063 Delphis
281 2018 479 2055 venerunt,
511 2018 653 2047 sortem
682 2011 826 2048 oraculi
858 2011 1084 2054 adferentes,
1115 2024 1206 2047 con·
1220 2013 1381 2063 Apolliuis

86 2083 289 2125 gruentem
321 2089 503 2127 responso
534 2077 673 2126 captivi
702 2077 810 2112 vatis.
868 2076 1045 2118 Romane,
1075 2089 1209 2124 aquam
1220 2056 1411 2138 Ξξὲξῇξὲω

89 2142 270 2179 Albanam
291 2154 376 2178 cave
395 2143 475 2178 lacu
492 2143 680 2184 contineri,
691 2153 783 2177 eave
804 2142 839 2176 in
860 2153 958 2177 utare
978 2153 1128 2175 manare
1145 2153 1208 2176 suo
1219 2142 1258 2171 de
1275 2142 1349 2172 lacu

77 2205 242 2255 flumina
252 2207 374 2242 sinas:
403 2207 568 2242 emissam
592 2217 661 2253 per
685 2217 791 2251 agros
808 2205 954 2251 rigabis,
977 2205 1208 2251 dissipatam·
1220 2184 1358 2216 Albano.

84 2279 161 2317 qne
185 2270 273 2306 rivis
298 2271 508 2317 exstingues.
571 2271 663 2305 Tum
692 2273 732 2304 tu
761 2270 881 2304 insiste
909 2269 1030 2303 audax
1057 2268 1212 2304 hostium

87 2334 228 2378 munis,-
257 2344 534 2382 mememqwm
556 2343 625 2382 per
642 2337 705 2369 -tot
720 2344 835 2369 annos
853 2332 987 2368 obsides
1014 2331 1211 2374 urbemex
