1573 2598
97 252 143 289 θ’.
158 255 194 288 C.
211 264 286 289 281.

98 301 141 332 A.
156 300 193 332 C.
210 307 285 337 471.

97 450 264 502 'Tribunus

99 505 236 529 occisus.

117 1668 302 1702 Discordiae.

123 2253 287 2288 Voleronis

124 2301 267 2331 audacia.

317 161 396 218 156
764 178 811 206 T.
836 178 969 207 mvn

314 261 381 298 ubi
409 275 524 312 quum
551 262 590 299 id
617 262 731 299 modo
757 269 961 308 constaret,
982 260 1071 313 jure
1090 276 1137 300 au
1157 262 1295 315 injuria
1312 266 1425 317 eripi-

314 326 432 363 endos
452 339 532 363 esse
554 339 652 370 reOS,
673 328 908 364 atrocissima
932 341 1089 377 quaeque
1118 329 1281 366 maxime
1302 329 1426 380 place-

314 388 382 426 bat
410 391 622 427 sententia:
654 403 724 427 nec
752 397 884 428 auctor
910 392 1078 441 quamvis
1107 392 1241 428 audaci
1268 392 1429 430 facinori

315 453 458 490 deerat.
513 453 637 502 Igitur
648 453 786 504 judicii
804 455 879 498 die,
899 468 1012 504 quum
1038 454 1144 505 plebs
1163 455 1202 491 in
1221 455 1307 492 foro
1326 468 1428 492 erec-

316 522 359 553 ta
377 517 658 567 exspectatione
677 523 807 561 staret,
829 519 956 554 mirari
979 519 1115 568 primo,
1136 519 1238 567 quod
1261 531 1340 555 non
1366 519 1429 556 de·

314 580 513 617 scenderet
543 580 742 617 tribunus:
775 581 921 626 deinde,
955 593 1070 631 quum
1094 581 1178 633 jam
1209 595 1317 620 mora
1348 595 1430 620 sus-

316 645 463 695 pectior
491 644 610 688 fieret,
638 645 859 681 deterritum
889 659 911 682 a
942 646 1168 696 primoribus
1199 647 1362 690 credere,
1393 653 1431 683 et

315 708 503 744 desertam
519 721 562 744 ac
578 708 766 758 proditam
781 722 953 746 caussam
973 709 1161 759 publicam
1179 710 1297 759 queri.
1325 711 1360 747 T
1362 723 1432 747 an-

317 774 416 817 dem,
447 775 511 824 qui
539 775 728 812 obversati
754 776 940 812 vestibulo
969 776 1111 813 tribuni
1139 776 1302 820 fuerant,
1332 789 1432 813 nun-

317 839 435 881 ciant,
459 838 562 874 domi
590 845 779 875 mortuum
806 852 886 876 esse
915 840 1135 876 inventum:
1169 841 1270 889 quod
1300 840 1363 876 ubi
1392 841 1432 877 in

320 908 442 937 totam
461 903 683 938 concionem
711 902 866 952 pertulit
891 916 1042 948 rumor3
1074 904 1171 939 sicut
1190 905 1288 940 acies
1307 903 1432 940 fundi·

321 972 384 1001 tur
405 965 498 1002 duce
522 967 663 1009 occiso,
684 967 738 1003 ita
765 966 899 1016 dilapsi
927 967 1066 1017 passim
1095 966 1159 1002 alii
1188 967 1275 1004 alio.
1330 967 1433 1004 Prae-

322 1029 454 1078 cipuus
479 1043 596 1080 pavor
619 1030 792 1066 tribunos
818 1031 1019 1073 invaserat,
1041 1043 1153 1080 quam
1180 1031 1275 1067 nihil
1304 1031 1434 1067 auxilii

310 1100 479 1130 ,sacratae
498 1093 598 1142 leges
618 1094 816 1137 haberent,
833 1100 955 1130 morte
972 1094 1126 1143 collegae
1142 1095 1320 1131 monitos.
1348 1095 1432 1132 Nec

324 1155 456 1193 Patres
486 1158 574 1193 satis
603 1157 796 1194 moderate
824 1157 921 1194 ferre
949 1157 1144 1194 lae;itiam:
1175 1159 1344 1208 adeoque
1368 1172 1436 1196 ne-

327 1221 467 1258 minem
495 1234 604 1258 noxae
637 1222 862 1272 poenitebat,
890 1228 932 1257 ut
960 1223 1074 1258 etiam
1104 1224 1274 1258 insontes
1301 1222 1435 1260 fecisse

327 1288 445 1324 videri
472 1288 625 1332 vellent,
655 1289 853 1339 palamque
881 1289 1055 1334 ferretur,
1084 1289 1184 1325 malo
1212 1289 1437 1338 domandam

327 1351 570 1390 tribuniciam
588 1360 826 1404 potestatem.

379 1416 463 1454 LV.
494 1417 571 1454 Sub
607 1418 678 1455 hac
706 1419 856 1468 pessimi
888 1418 1049 1469 exempli
1077 1419 1236 1455 victoria
1271 1417 1436 1455 delectus

324 1481 509 1517 edicitur:
541 1482 839 1532 paventibusque
862 1483 1038 1526 tribunis,
1065 1484 1145 1519 sine
1169 1483 1438 1519 intercessione

326 1544 406 1582 ulla
427 1545 598 1582 consules
624 1560 703 1583 rem
730 1554 928 1597 peragunt.
983 1547 1083 1583 Tum
1101 1559 1191 1583 vero
1219 1547 1330 1583 irasci
1358 1545 1437 1596 ple·

327 1606 409 1651 bes,
429 1608 669 1645 tribunorum
694 1610 813 1658 magis
836 1610 1001 1653 silentio,
1021 1623 1133 1658 quam
1153 1609 1348 1646 consulum
1368 1610 1439 1645 im-

328 1672 449 1722 perio,
481 1677 518 1707 et
541 1672 683 1715 ‹lic-ere,
703 1674 836 1715 Actum.
859 1684 927 1708 esse
956 1674 998 1708 de
1023 1673 1184 1708 libertate
1204 1684 1294 1716 sua;
1321 1684 1442 1708 rursus

327 1740 379 1775 acl
397 1740 546 1787 antiqua
563 1739 739 1782 redituum
769 1751 847 1774 cum
871 1739 1025 1774 Genucio
1043 1750 1116 1774 una
1136 1742 1311 1774 mortuam
1329 1750 1371 1773 ac
1387 1748 1441 1773 se-

327 1805 471 1852 pultam
507 1803 728 1839 tribuniciam
761 1808 980 1851 potestatem.
1037 1804 1149 1839 Aliud
1183 1804 1371 1851 agendum,
1399 1816 1443 1840 ac

332 1872 574 1918 cogitandum,
609 1870 779 1917 quomodo
807 1870 991 1905 resistatur
1020 1869 1196 1904 Patribus.
1253 1869 1298 1905 Id
1325 1874 1443 1905 autem

333 1949 443 1974 unum
461 1937 642 1973 consilium
659 1947 740 1977 esse,
761 1939 802 1971 ut
817 1946 852 1970 se
875 1937 952 1982 ipsa
974 1934 1083 1982 plebs,
1105 1934 1243 1981 quando
1261 1934 1362 1970 aliud
1386 1936 1442 1970 ni-

332 2004 385 2041 ml
417 2005 543 2040 ammi
571 2002 709 2042 habeat,
740 2000 918 2048 defendat.
976 2000 1137 2040 Quatuor
1164 2003 1197 2034 et
1223 1999 1350 2046 viginti
1378 2000 1441 2036 lic-

329 2071 424 2103 tores
451 2066 621 2113 adparere
649 2064 855 2106 consulibus,
886 2068 920 2099 et
943 2075 998 2098 eos
1026 2064 1116 2110 ipsos
1141 2062 1250 2110 plebis
1278 2062 1442 2098 homines.

334 2130 440 2165 Nih-il
466 2129 684 2169 contemtius,
704 2138 813 2175 neque
836 2126 1020 2174 infirmius,
1045 2126 1074 2160 si
1093 2126 1179 2166 sint,
1204 2126 1265 2172 qui
1291 2131 1444 2162 contems-

333 2197 434 2228 nant.
491 2190 566 2227 Sibi
590 2201 758 2238 quemque
781 2201 822 2224 eav
841 2200 970 2236 magna
988 2193 1093 2236 atque
1117 2188 1289 2224 horrenda
1305 2187 1444 2236 facere.

338 2257 412 2296 His
429 2256 584 2293 vocibus
615 2254 678 2291 alii
706 2253 798 2289 alios
828 2266 942 2302 quum
965 2253 1199 2295 incitassent,
1220 2252 1266 2288 ad
1284 2251 1444 2289 Volero—

335 2316 426 2360 nem
442 2317 662 2363 Publilium,
685 2316 744 2358 de,
757 2315 866 2368 plebe
893 2316 1098 2360 hominem,
1128 2316 1230 2365 quia,
1255 2315 1357 2366 quod
1378 2327 1445 2352 or-
