1573 2598
403 173 556 204 LIBER
582 172 617 201 1.
649 171 758 201 CAP.
783 170 897 200 Lux.
1152 166 1206 214 73

94 279 165 318 pro
193 263 395 302 manifesto
423 260 624 314 parricidio
653 259 788 296 merita
823 270 938 310 poena
966 256 1209 303 adfecissent,

93 330 149 367 ita
175 328 292 366 verba
317 327 434 364 fecit:
466 326 573 362 Posse
600 325 741 372 quidem
766 335 803 360 se
828 327 963 360 vetusto
980 321 1064 371 jure
1091 334 1211 372 agere,

94 395 201 443 quod,
231 404 339 442 quum
365 401 481 427 omnes
498 389 624 426 Latini
651 387 696 424 ab
713 387 809 424 Alba
835 388 978 424 oriundi
1002 389 1086 431 sint,
1108 389 1143 425 in
1171 400 1214 426 eo

86 458 227 510 soedere
252 460 447 497 teneantur,
471 466 539 502 quo
565 453 610 489 ab
634 453 737 488 Tullo
760 463 815 488 res
839 453 951 488 omnis
968 452 1111 488 Albana
1134 465 1215 490 cum

99 523 230 560 colonis
248 522 320 558 suis
347 521 383 556 in
401 519 605 555 Romanum
633 517 771 553 cesserit
798 517 996 565 imperium.
1055 516 1218 554 Ceterum

97 600 135 626 se
160 587 329 625 utilitatis
355 585 395 621 id
411 585 526 631 magis
552 583 709 619 omnium
736 593 859 618 caussa
884 593 1030 626 censere,
1048 587 1091 619 ut
1113 594 1220 620 reno·

99 658 200 691 vetur
224 652 262 688 id
278 649 426 700 foedus:
453 649 673 696 secundaque
686 648 806 696 potius
820 645 976 696 fortuna
996 649 1124 697 populi
1143 647 1220 686 Ro-

101 719 201 756 mani
221 722 262 754 ut
279 716 472 766 participes
490 714 616 750 Latini
632 712 825 761 fruantur,
845 724 952 761 quam
969 713 1108 750 urbiam
1126 716 1221 751 exci-

105 783 169 819 dia
184 782 462 828 vastationesque
480 790 660 826 agrorum,
682 788 769 825 quas
787 776 886 812 Anco
903 778 1018 825 prius,
1034 782 1141 826 patre
1158 778 1221 814 de·

108 847 189 883 inde
211 857 273 882 suo
293 848 476 892 regnante,
499 842 654 891 perpessi
677 842 760 884 sint,
779 850 914 890 semper
931 844 996 877 aut
1012 846 1223 891 exspectent,

107 915 171 948 aut
195 910 394 959 patiantur.
450 905 567 943 Haud
594 904 793 942 difficulter
810 916 1030 955 persuasum
1057 904 1226 951 Latinis,

109 986 339 1024 quamquam
357 973 397 1009 in
416 983 462 1008 eo
479 969 623 1008 foedere
648 970 819 1020 superior
836 969 1014 1007 Romana
1039 981 1097 1007 res
1118 977 1199 1008 erat
1212 984 1225 1008 τ

112 1046 280 1076 ceterum
308 1044 347 1073 et
375 1037 501 1089 capita
527 1036 691 1071 nominis
721 1034 851 1072 Latini
886 1041 986 1072 stare
1014 1046 1058 1072 ac
1086 1037 1227 1073 sentire

113 1115 200 1140 cum
228 1114 316 1150 rege
344 1099 536 1143 videbant,
567 1106 604 1135 et
626 1099 776 1138 Turnus
804 1099 864 1136 sui
893 1100 1027 1149 cuique
1055 1099 1228 1151 periculi,

115 1167 146 1203 si
176 1154 392 1203 adversatus
422 1170 533 1207 esset,
563 1176 691 1200 recens
722 1170 803 1200 erat
830 1164 1111 1202 documentum.
1167 1164 1233 1202 Ita

115 1235 339 1266 renovatum
366 1228 505 1270 foedus,
540 1227 798 1277 indictumque
820 1227 1038 1278 junioribus
1067 1228 1232 1265 Latino·

116 1306 214 1337 rum,
235 1299 278 1329 ut
296 1305 343 1329 ex
361 1292 504 1329 foedere
523 1292 584 1328 die
603 1298 706 1328 certa
725 1291 772 1328 ad
793 1290 918 1328 lucum
939 1292 1152 1330 Ferentinae
1171 1306 1233 1330 ar-

117 1359 210 1396 mati
237 1356 453 1407 frequentes
477 1356 663 1393 adessent.
719 1356 797 1396 Qui
816 1357 881 1394 ubi
901 1357 948 1393 ad
967 1357 1131 1395 edietum
1149 1358 1234 1395 Ro-

119 1424 222 1461 mani
251 1423 350 1472 regis
377 1435 423 1459 ex
449 1422 627 1458 omnibus
650 1422 803 1473 *populis
824 1435 1059 1469 convenere3
1091 1437 1140 1460 ne
1165 1425 1235 1461 du-

119 1500 200 1525 cem
225 1499 346 1530 suum,
368 1499 462 1523 neve
481 1492 668 1522 secretum
696 1487 909 1537 imperium,
931 1489 1131 1538 propriave
1158 1490 1236 1538 sig-

120 1565 171 1589 na
197 1551 396 1594 haberent,
423 1551 576 1587 miscuit
603 1550 816 1601 manipulos
847 1563 892 1588 ex
917 1550 1066 1589 Latinis
1089 1552 1237 1592 Roma·

119 1617 267 1665 nisque,
298 1622 340 1652 ut
374 1628 420 1652 ex
455 1615 555 1651 binis
589 1614 758 1665 singulos
788 1615 943 1659 faceret,
971 1615 1158 1667 binosque
1189 1615 1255 1657 ex(

123 1680 306 1729 singulis:
338 1680 393 1716 ita
428 1680 629 1729 geminatis
666 1679 866 1731 manipulis
905 1683 1144 1719 centuriones
1178 1685 1238 1721 in-

123 1745 264 1796 posuit.

176 1806 289 1845 LIII.
316 1805 416 1851 Nec,
437 1814 479 1843 ut
503 1806 666 1858 injustus
691 1808 730 1844 in
753 1820 846 1859 pace
869 1821 950 1854 rex,
970 1810 1025 1846 ita
1052 1810 1127 1849 dux
1148 1811 1242 1850 belli

124 1883 259 1923 pravus
279 1870 353 1907 fuit
371 1885 380 1906 :
411 1872 502 1921 quin
521 1884 566 1909 ea
584 1878 664 1908 arte
683 1879 868 1921 aequasset
887 1875 1096 1924 superiores
1110 1888 1239 1925 reges,

124 1935 166 1973 ni
197 1934 467 1984 degeneratum
498 1934 538 1971 in
570 1935 652 1972 aliis
684 1935 773 1973 huic
803 1950 952 1987 quoque
977 1938 1104 1977 decori
1132 1941 1240 1978 obfe-

125 1999 251 2038 cisset.
307 1997 345 2035 Is
374 1999 516 2050 primus
535 1999 683 2037 Volscis
712 2000 853 2038 bellum
882 2003 919 2039 iu
949 2003 1131 2042 ducentos
1160 2019 1241 2043 am-
1256 2006 1384 2039 Beuum

126 2061 224 2113 plius
253 2067 342 2112 post
369 2074 474 2099 suam
503 2068 654 2101 aetatem
683 2076 802 2101 annos
831 2066 965 2110 movit,
993 2061 1333 2127 Suessamquessgssj
1348 2049 1426 2084 Μ’

129 2125 342 2163 Pometiam
377 2138 425 2164 ex
459 2127 519 2163 his
548 2127 586 2163 vi
620 2128 752 2179 cepit:
791 2128 857 2167 ubi
892 2142 1008 2180 quum
1044 2131 1245 2173 dividenda

129 2189 258 2241 praeda
288 2189 564 2240 quadringenta
593 2191 741 2232 talenta
774 2196 923 2244 argenti
958 2196 1114 2246 aurique
1145 2199 1245 2236 refe-

131 2253 249 2301 cisset
264 2267 275 2298 ;
323 2255 499 2308 concepit
533 2255 662 2293 animo
697 2268 783 2295 earn
818 2258 1103 2312 amplitudinem
1135 2261 1243 2302 Jovis

185 2317 287 2356 von.
308 2317 341 2357 Ι.
677 2321 716 2361 Ε
