1573 2598
128 225 170 255 U.
183 225 220 257 C.
234 234 307 259 415.

124 269 164 299 Α.
181 269 218 302 C.
235 276 310 306 337.

104 865 256 896 Devotio-

104 918 188 941 num
204 910 299 951 leges.

320 124 404 178 548
768 139 814 167 T.
841 140 976 169 1,1v11

319 226 464 262 venerit
482 225 581 263 inter
608 225 806 265 Romanos
826 228 1075 279 Latinosque,
1096 230 1159 279 qui
1186 229 1265 280 ejus
1294 242 1430 280 pugnae

320 291 542 326 memoriam
577 293 739 341 posteris
776 293 1025 337 tradiderunt,
1062 295 1182 330 utrius
1229 296 1346 344 partis
1382 294 1429 330 T.

319 353 488 391 Manlius
509 355 584 391 dux
602 355 750 400 fuisset,
771 356 851 407 ejus
871 358 1038 394 futuram
1062 358 1164 394 haud
1184 358 1296 394 dubie
1315 358 1432 393 fuisse

319 419 530 455 victoriam.
570 419 700 456 Latini
725 434 770 458 ex
800 422 892 472 fuga
929 435 969 458 se
1004 422 1222 458 Minturnas
1260 420 1435 458 contule-

318 488 431 518 runt:
469 489 593 519 castra
629 485 835 521 secundum
871 485 1048 536 proelium
1085 492 1210 535 capta,
1248 484 1433 533 multique

318 545 498 582 mortales
518 546 571 583 ibi
596 548 671 583 vivi
693 548 878 598 obpressi,
900 550 1062 585 maxime
1083 549 1280 598 Campani.
1323 547 1436 584 Decii

319 621 454 659 corpus
491 623 540 647 ne
573 624 618 648 eo
651 612 711 648 die
741 613 987 656 inveniretur,
1021 626 1099 649 nox
1126 618 1335 662 quaerentes
1366 611 1436 648 ob-

318 674 478 724 pressit:
510 682 665 725 postero
691 677 751 713 die
779 678 975 714 inventum
1005 678 1104 714 inter
1132 678 1337 714 maximam
1364 676 1436 712 ho·

319 739 434 775 stium
468 745 647 789 stragem,
682 740 904 792 coopertum
938 742 1046 787 telis;
1078 743 1267 791 funusque
1301 742 1334 777 ei
1367 752 1437 791 par

319 804 449 848 morti,
469 803 684 842 celebrante
712 806 872 855 collega,
893 807 1036 842 factum
1064 813 1131 843 est.
1181 806 1278 842 Illud
1305 803 1436 854 adjici-

320 868 459 904 endum
473 869 634 913 videtur,
651 870 764 907 licere
780 870 926 906 consuli
944 871 1193 919 dictatorique
1210 877 1247 905 et
1266 869 1435 920 praetori,

321 944 437 981 quum
456 932 625 981 legiones
643 934 814 971 hostium
834 935 1030 977 devoveat,
1047 947 1126 971 non
1146 934 1276 984 utique
1296 945 1349 976 se,
1370 933 1436 969 sed

320 1009 434 1046 quem
462 997 552 1034 velit
581 1011 628 1035 ex
656 997 808 1047 legione
837 998 1015 1036 Romana
1044 1000 1185 1049 scripta
1213 998 1347 1042 civem,
1371 997 1435 1034 de-

318 1073 478 1098 vovere:
510 1061 542 1097 si
560 1062 590 1098 is
611 1063 742 1106 homo,
764 1064 828 1112 qui
848 1064 1005 1099 devotus
1030 1071 1102 1107 est,
1123 1063 1296 1106 moritur,
1316 1060 1437 1112 probe

318 1124 464 1161 factum
481 1125 600 1162 videri
616 1141 623 1162 ε
646 1126 686 1162 ni
706 1128 878 1171 moritur,
896 1134 977 1164 tum
993 1128 1144 1176 signum
1159 1132 1303 1177 septem
1322 1125 1435 1177 pedes

321 1188 456 1233 altum,
487 1196 554 1228 aut
581 1190 718 1239 majus,
750 1191 787 1228 in
824 1198 964 1229 terram
993 1192 1134 1235 defodi,
1173 1197 1210 1228 et
1244 1190 1434 1242 piaculum

320 1252 449 1290 hostia
468 1255 572 1291 caedi.
603 1255 681 1292 Ubi
700 1255 792 1293 illud
812 1257 963 1306 signum
978 1255 1170 1293 defossum
1186 1255 1271 1299 erit,
1289 1267 1335 1292 eo
1354 1267 1435 1292 ma-

320 1317 522 1366 gistratum
555 1318 774 1356 Romanum
804 1320 1005 1357 escendere
1031 1320 1089 1357 fas
1126 1333 1204 1356 non
1234 1331 1326 1357 esse.
1370 1319 1437 1356 Sin

322 1388 449 1419 autem
469 1395 549 1420 sese
564 1384 746 1421 devovere
765 1384 881 1429 volet,
898 1386 1008 1422 sicuti
1028 1385 1170 1422 Decius
1191 1385 1364 1429 devovit3
1396 1385 1438 1421 ni

320 1449 496 1492 moritur,
516 1462 638 1500 neque
657 1463 780 1494 suum,
800 1463 923 1500 neque
941 1450 1135 1501 publicum
1154 1451 1321 1487 divinum
1344 1461 1438 1501 pure

320 1512 451 1556 faciet,
482 1514 547 1564 qui
574 1526 656 1551 sese
683 1515 889 1552 devoverit.
932 1514 1106 1552 Vulcano
1137 1527 1241 1551 arma
1269 1514 1346 1550 sive
1375 1514 1437 1551 cui

322 1575 386 1614 alii
416 1576 520 1614 Divo
551 1590 688 1615 vovere
721 1577 838 1622 volet,
874 1578 952 1614 sive
985 1579 1113 1615 hostia
1141 1579 1218 1614 sive
1247 1590 1322 1626 quo
1360 1577 1437 1614 alio

321 1640 439 1685 volet,
451 1640 517 1692 jus
548 1648 616 1679 est.
675 1641 786 1686 Telo,
807 1655 920 1693 super
938 1643 1041 1693 quod
1067 1649 1170 1679 stans
1191 1641 1325 1679 consul
1352 1654 1437 1692 pre-

321 1710 430 1741 catus
457 1711 529 1748 est,
558 1706 709 1742 hostem
738 1707 868 1757 potiri,
889 1707 946 1743 fas
975 1719 1053 1743 non
1083 1712 1163 1743 est:
1195 1706 1226 1742 si
1254 1706 1438 1756 potiatur,

319 1768 443 1808 Marti
461 1771 777 1807 suovetaurilibus
797 1771 987 1822 piaculum
1007 1771 1100 1808 fieri.

376 1833 452 1871 XI.
483 1833 598 1878 Haec,
631 1836 719 1883 (etsi
752 1836 875 1871 omnis
908 1835 1025 1871 divini
1055 1835 1287 1884 humanique
1319 1833 1436 1870 moris

321 1898 506 1935 memoria
531 1898 711 1942 abolevit,
734 1911 835 1934 nova
856 1899 1130 1949 peregrinaque
1149 1897 1278 1933 omnia
1304 1896 1436 1947 priscis

321 1973 367 1998 ac
385 1962 517 2012 patriis
536 1962 790 2012 praeferendo)
820 1963 921 1999 haud
941 1962 987 1999 ab
1014 1975 1054 1999 re
1073 1962 1178 2005 duxi,
1198 1960 1322 1998 verbis
1342 1972 1438 2009 quo-

321 2037 396 2074 que
423 2026 529 2075 ipsis,
567 2032 609 2062 ut
644 2026 786 2063 tradita
819 2034 1113 2077 nuncupataque
1145 2030 1247 2068 sunt,
1285 2023 1437 2060 referre.

322 2088 510 2126 Romanis
528 2095 616 2140 post
635 2089 812 2140 proelium
831 2090 979 2126 demum
999 2089 1142 2125 factum
1161 2087 1349 2124 Samnites
1370 2099 1434 2123 ve-

322 2152 424 2188 nisse
443 2152 627 2196 subsidio,
645 2159 865 2204 exspectato
881 2159 1018 2189 eventu
1037 2163 1189 2203 pugnae,
1207 2150 1308 2201 apud
1323 2161 1436 2199 quos-

322 2215 410 2252 dam
439 2223 612 2254 auctores
640 2218 805 2255 invenio.
847 2217 996 2254 Latinis
1017 2229 1167 2266 quoque
1196 2215 1244 2252 ab
1270 2213 1434 2251 Lavinio

323 2281 520 2326 auxilium,
558 2283 646 2321 dum
683 2283 925 2322 deliberando
961 2288 1089 2321 terunt
1124 2288 1288 2333 tempus,
1325 2279 1434 2318 victis
