1573 2598
104 205 193 236 U.C.
211 210 284 236 426.

105 250 144 279 A.
157 249 194 280 C.
211 254 286 280 326.

107 517 248 557 Capitur.

294 95 379 147 562
751 104 799 133 τ.
824 103 957 134 mvn

298 206 448 244 quoque
466 192 600 243 vulgus
620 200 658 230 et
677 193 869 238 sellularii,
891 195 1046 232 minime
1066 193 1209 232 militiae
1229 194 1406 232 idoneum

299 271 416 308 genus
450 259 564 295 exciti
594 258 791 296 dicuntur:
823 259 1013 309 Veiosque
1050 260 1184 308 ingens
1221 259 1407 296 exercitus

299 329 534 366 contractus,
563 330 606 359 ut
642 323 730 360 inde
758 323 909 360 obviam
939 323 1057 360 Gallis
1088 324 1226 360 iretur:
1259 323 1411 371 longius

301 386 456 430 discedi,
485 399 533 434 ne
560 386 635 424 alio
663 388 798 424 itinere
824 388 945 424 hostis
964 387 1112 424 falleret
1131 386 1178 423 ad
1203 385 1336 423 urbem
1354 386 1413 421 in·

300 450 451 494 cedens,
480 463 559 487 non
589 450 744 502 placuit.
800 450 947 487 Paucos
969 450 1103 487 deinde
1131 457 1220 501 post
1238 450 1332 494 dies,
1351 461 1412 485 sa-

298 515 348 551 tis
377 515 574 565 explorata
602 516 785 566 temporis
815 515 894 567 ejus
916 516 1055 565 quiete,
1077 528 1099 552 a
1118 513 1237 551 Gallis
1261 513 1413 550 Priver-

298 591 390 616 num
420 580 542 615 omnis
570 592 751 615 conversa
775 579 843 615 vis.
898 578 1053 629 Duplex
1080 578 1168 614 inde
1196 578 1299 614 fama
1326 581 1384 613 est
1400 589 1415 617 ε,

297 643 362 680 alii
389 643 427 679 vi
456 651 606 694 captam
634 643 779 687 urbem,
810 643 1101 691 Vitruviumque
1125 642 1251 679 vivum
1279 641 1319 676 in
1341 652 1412 691 po-

296 713 475 744 testatem
502 708 671 744 venisse:
704 707 782 750 alii,
813 708 1030 758 priusquam
1052 705 1187 742 ultima
1214 703 1413 741 adhibere-

297 777 360 807 tur
386 771 456 814 vis,
486 772 588 821 ipsos
618 784 657 807 se
685 772 726 807 in
755 771 986 807 deditionem
1012 769 1177 806 consulis
1207 768 1413 804 caduceum

298 835 540 886 praeferentes
577 836 805 885 permisisse,
839 841 1012 871 auctores
1045 839 1147 876 sunt,
1180 831 1415 868 Vitruvium-

299 912 371 949 que
407 898 455 936 ab
486 901 561 935 suis
592 899 787 936 traditum.
844 899 1020 942 Senatus,
1051 897 1096 934 de
1125 896 1300 933 Vitruvio
1329 896 1413 932 Pri·

295 963 591 1013 vernatibusque
619 963 828 1007 consultus,
858 962 1053 1000 consulem
1081 962 1286 1005 Plautium,
1312 961 1412 998 diru-

299 1029 347 1064 tis
376 1028 548 1065 Priverni
577 1030 708 1072 muris,
730 1028 981 1079 praesidioque
1009 1027 1135 1064 valido
1163 1027 1346 1077 inposito,
1366 1026 1413 1063 ad

299 1092 532 1143 triumphum
569 1092 749 1138 arcessit3
788 1091 1004 1128 Vitruvium
1047 1092 1087 1128 in
1123 1102 1311 1127 carcerem
1347 1089 1413 1126 ad-

301 1157 439 1194 servari
452 1156 583 1207 jussit,
605 1157 730 1207 quoad
759 1156 892 1194 consul
917 1156 1099 1202 redisset3
1130 1163 1211 1192 tum
1239 1153 1414 1192 verbera-

298 1227 380 1257 tum
410 1222 560 1257 necari:
593 1222 689 1258 aedes
720 1219 815 1272 ejuS,
836 1234 919 1270 quae
948 1227 1075 1258 essent
1101 1221 1141 1257 in
1168 1220 1334 1264 Palatio,
1354 1220 1412 1257 di-

299 1284 476 1329 ruendas,
496 1285 599 1322 bona
619 1286 774 1322 Semoni
794 1285 919 1322 Sanco
938 1291 1167 1322 censuerunt
1185 1297 1411 1322 consecran-

301 1349 370 1386 da:
402 1349 577 1399 quodque
603 1350 685 1386 aeris
715 1362 762 1387 ex
791 1350 842 1386 eis
872 1350 1066 1387 redactum
1086 1356 1157 1393 est,
1178 1362 1224 1386 ex
1244 1362 1290 1386 eo
1319 1349 1414 1386 aenei

299 1413 412 1451 orbes
444 1413 550 1457 facti,
579 1415 696 1465 positi
723 1415 763 1451 in
802 1414 950 1451 Sacello
986 1414 1099 1451 Sanci
1135 1425 1262 1450 versus
1297 1413 1414 1450 aedem

301 1478 466 1518 Quirini.
506 1477 569 1514 De
589 1484 723 1514 senatu
737 1477 960 1514 Privernate
978 1479 1033 1514 ita
1051 1478 1255 1521 decretum,
1277 1484 1332 1522 ut,
1348 1478 1413 1528 qui

301 1549 455 1579 senator
469 1541 642 1579 Priverni
660 1548 749 1592 post
763 1541 1016 1579 defectionem
1035 1542 1083 1580 ab
1098 1541 1285 1579 Romanis
1304 1555 1412 1580 man-

302 1608 426 1652 sisset,
446 1613 551 1644 trans
569 1607 740 1644 Tiberim
759 1607 842 1657 lege
868 1607 1013 1651 eadem,
1034 1619 1108 1656 qua
1125 1606 1325 1651 Veliterni,
1345 1608 1414 1644 ha-

301 1670 454 1707 bitaret.
512 1670 586 1707 His
633 1671 688 1708 ita
724 1671 899 1715 decretis,
936 1683 1055 1720 usque
1092 1670 1140 1708 ad
1182 1671 1416 1722 triumphum

110 1738 182 1767 Cos.
201 1735 291 1765 refert
303 1733 445 1772 Plautii
465 1734 657 1771 silentium
677 1734 723 1771 de
747 1733 1032 1771 Privernatibus
1048 1734 1143 1771 fuit:
1175 1740 1263 1786 post
1281 1735 1416 1772 trium·

108 1782 148 1810 ad
163 1788 255 1809 sena-

108 1830 181 1852 tum
197 1823 236 1852 de

108 1866 270 1895 Priverna-

109 1909 204 1941 tibus.

304 1799 422 1849 phurn
441 1797 588 1842 consul,
608 1805 745 1850 necato
773 1797 950 1835 Vitruvio
978 1799 1165 1848 sociisque
1185 1797 1264 1849 ejus
1290 1811 1416 1844 noxae,

305 1863 404 1914 apud
424 1864 582 1901 satiatos
604 1862 688 1913 jam
707 1862 900 1914 suppliciis
929 1864 1150 1900 nocentium
1169 1869 1290 1900 tutam
1310 1876 1417 1900 men-

304 1928 450 1963 tionem
483 1926 528 1962 de
564 1926 848 1963 Privernatibus
885 1934 1012 1973 ratus5
1048 1921 1232 1968 Quoniani‘
1255 1932 1418 1963 auctores

306 1991 526 2040 defectionis,
547 1991 684 2040 iuquit,
705 1994 851 2028 meritas
866 2004 988 2040 poenas
1007 1997 1041 2029 et
1065 1992 1110 2028 ab
1128 1992 1216 2028 Diis
1240 1993 1415 2027 inmorta-

307 2057 396 2092 libus
413 2060 449 2092 et
477 2068 499 2091 a
525 2055 620 2091 vobis
647 2054 789 2099 habent,
811 2056 940 2092 Patres
968 2056 1171 2104 conscripti,
1192 2055 1279 2103 quid
1293 2055 1417 2102 placet

307 2122 349 2157 de
369 2121 514 2155 innoxia
531 2120 853 2169 multitudinefieri
866 2120 887 2155 ,9
905 2119 1095 2168 Equidem,
1116 2120 1181 2155 etsi
1195 2131 1280 2155 meae
1295 2124 1418 2168 partes

305 2185 530 2235 eiquz'rendae
547 2187 661 2233 magis
678 2185 873 2228 sententiae,
892 2196 999 2233 quam
1014 2185 1140 2220 dandoe
1157 2188 1238 2220 sunt
1248 2200 1261 2230 ,-
1282 2188 1414 2226 tamen,
