<?xml version="1.0" encoding="UTF-8"?>
<!DOCTYPE html PUBLIC "-//W3C//DTD XHTML 1.0 Transitional//EN"
    "http://www.w3.org/TR/xhtml1/DTD/xhtml1-transitional.dtd">
<html xmlns="http://www.w3.org/1999/xhtml" xml:lang="en" lang="en">
 <head>
  <title>
</title>
<meta http-equiv="Content-Type" content="text/html;charset=utf-8" />
  <meta name='ocr-system' content='tesseract 3.04.00' />
  <meta name='ocr-capabilities' content='ocr_page ocr_carea ocr_par ocr_line ocrx_word'/>
</head>
<body>
  <div class='ocr_page' id='page_1' title='image "./historiarumquaes01livyuoft/historiarumquaes01livyuoft_0182.png"; bbox 0 0 1573 2598; ppageno 0'>
   <div class='ocr_carea' id='block_1_1' title="bbox 96 967 288 1043">
    <p class='ocr_par' dir='ltr' id='par_1_1' title="bbox 96 967 288 1043">
     <span class='ocr_line' id='line_1_1' title="bbox 97 967 288 1003; baseline 0 -4"><span class='ocrx_word' id='word_1_1' title='bbox 97 968 144 999; x_wconf 83' lang='lat' dir='ltr'>U.</span> <span class='ocrx_word' id='word_1_2' title='bbox 160 967 197 999; x_wconf 89' lang='lat' dir='ltr'>C.</span> <span class='ocrx_word' id='word_1_3' title='bbox 211 972 288 1003; x_wconf 78' lang='lat'><strong>2⁸7.</strong></span> 
     </span>
     <span class='ocr_line' id='line_1_2' title="bbox 96 1011 284 1043; baseline 0.011 -2"><span class='ocrx_word' id='word_1_4' title='bbox 96 1011 140 1043; x_wconf 78' lang='lat' dir='ltr'>A.</span> <span class='ocrx_word' id='word_1_5' title='bbox 156 1011 195 1043; x_wconf 86' lang='lat' dir='ltr'>C.</span> <span class='ocrx_word' id='word_1_6' title='bbox 208 1016 284 1043; x_wconf 82' lang='lat'>46⁵.</span> 
     </span>
    </p>
   </div>
   <div class='ocr_carea' id='block_1_2' title="bbox 97 2127 293 2255">
    <p class='ocr_par' dir='ltr' id='par_1_2' title="bbox 97 2127 293 2255">
     <span class='ocr_line' id='line_1_3' title="bbox 98 2127 235 2161; baseline 0.007 -4"><span class='ocrx_word' id='word_1_7' title='bbox 98 2127 235 2161; x_wconf 79' lang='lat' dir='ltr'>Antium</span> 
     </span>
     <span class='ocr_line' id='line_1_4' title="bbox 97 2171 293 2210; baseline -0.01 -7"><span class='ocrx_word' id='word_1_8' title='bbox 97 2171 224 2210; x_wconf 63' lang='lat' dir='ltr'>colonia</span> <span class='ocrx_word' id='word_1_9' title='bbox 240 2171 293 2201; x_wconf 91' lang='lat' dir='ltr'>de-</span> 
     </span>
     <span class='ocr_line' id='line_1_5' title="bbox 97 2216 237 2255; baseline 0 -7"><span class='ocrx_word' id='word_1_10' title='bbox 97 2216 237 2255; x_wconf 74' lang='lat' dir='ltr'>ducitur.</span> 
     </span>
    </p>
   </div>
   <div class='ocr_carea' id='block_1_3' title="bbox 477 507 1267 858">
    <p class='ocr_par' dir='ltr' id='par_1_3' title="bbox 477 507 1267 858">
     <span class='ocr_line' id='line_1_6' title="bbox 477 507 1267 566; baseline 0.008 -6"><span class='ocrx_word' id='word_1_11' title='bbox 477 507 546 560; x_wconf 83' lang='lat' dir='ltr'>T.</span> <span class='ocrx_word' id='word_1_12' title='bbox 587 508 819 562; x_wconf 49' lang='lat' dir='ltr'><strong>LIVII‘</strong></span> <span class='ocrx_word' id='word_1_13' title='bbox 849 510 1267 566; x_wconf 77' lang='lat' dir='ltr'><strong>PATAVINI</strong></span> 
     </span>
     <span class='ocr_line' id='line_1_7' title="bbox 718 652 1024 703; baseline 0.01 -4"><span class='ocrx_word' id='word_1_14' title='bbox 718 652 912 700; x_wconf 77' lang='lat' dir='ltr'>L1&#39;13ER</span> <span class='ocrx_word' id='word_1_15' title='bbox 948 655 1024 703; x_wconf 82' lang='lat'><strong>1&#39;11.</strong></span> 
     </span>
     <span class='ocr_line' id='line_1_8' title="bbox 683 815 1041 858; baseline 0.003 -1"><span class='ocrx_word' id='word_1_16' title='bbox 683 815 1041 858; x_wconf 44' lang='grc' dir='ltr'>-Φ-έ-</span> 
     </span>
    </p>
   </div>
   <div class='ocr_carea' id='block_1_4' title="bbox 311 959 1437 2423">
    <p class='ocr_par' dir='ltr' id='par_1_4' title="bbox 315 959 1433 1048">
     <span class='ocr_line' id='line_1_9' title="bbox 315 959 1433 1048; baseline 0.006 -50"><span class='ocrx_word' id='word_1_17' title='bbox 315 959 562 1048; x_wconf 73' lang='lat' dir='ltr'>ANTIO</span> <span class='ocrx_word' id='word_1_18' title='bbox 579 963 710 1012; x_wconf 65' lang='lat' dir='ltr'>caPto,</span> <span class='ocrx_word' id='word_1_19' title='bbox 730 959 791 998; x_wconf 87' lang='lat' dir='ltr'>Ti.</span> <span class='ocrx_word' id='word_1_20' title='bbox 810 960 990 998; x_wconf 67' lang='lat' dir='ltr'>AEmilius</span> <span class='ocrx_word' id='word_1_21' title='bbox 1010 966 1049 998; x_wconf 84' lang='lat' dir='ltr'>&#39;et</span> <span class='ocrx_word' id='word_1_22' title='bbox 1062 961 1115 1002; x_wconf 84' lang='lat' dir='ltr'>Q.</span> <span class='ocrx_word' id='word_1_23' title='bbox 1135 961 1274 1002; x_wconf 83' lang='lat' dir='ltr'>Fabius</span> <span class='ocrx_word' id='word_1_24' title='bbox 1295 978 1433 1004; x_wconf 85' lang='lat' dir='ltr'>consu-</span> 
     </span>
    </p>

    <p class='ocr_par' dir='ltr' id='par_1_5' title="bbox 311 1024 1437 2423">
     <span class='ocr_line' id='line_1_10' title="bbox 416 1024 1432 1078; baseline 0.005 -16"><span class='ocrx_word' id='word_1_25' title='bbox 416 1026 469 1062; x_wconf 89' lang='lat' dir='ltr'>les</span> <span class='ocrx_word' id='word_1_26' title='bbox 498 1025 605 1062; x_wconf 88' lang='lat' dir='ltr'>fiunt.</span> <span class='ocrx_word' id='word_1_27' title='bbox 662 1024 740 1061; x_wconf 80' lang='lat' dir='ltr'>Hic</span> <span class='ocrx_word' id='word_1_28' title='bbox 766 1026 851 1061; x_wconf 62' lang='lat' dir='ltr'>erat</span> <span class='ocrx_word' id='word_1_29' title='bbox 871 1025 1011 1062; x_wconf 77' lang='lat' dir='ltr'>Fabius</span> <span class='ocrx_word' id='word_1_30' title='bbox 1034 1027 1217 1072; x_wconf 82' lang='lat' dir='ltr'><strong>Quintus,</strong></span> <span class='ocrx_word' id='word_1_31' title='bbox 1240 1030 1306 1078; x_wconf 89' lang='lat' dir='ltr'>qui</span> <span class='ocrx_word' id='word_1_32' title='bbox 1337 1040 1432 1067; x_wconf 83' lang='lat' dir='ltr'>unus</span> 
     </span>
     <span class='ocr_line' id='line_1_11' title="bbox 313 1090 1431 1142; baseline 0.004 -14"><span class='ocrx_word' id='word_1_33' title='bbox 313 1092 512 1128; x_wconf 81' lang='lat' dir='ltr'>exstinctae</span> <span class='ocrx_word' id='word_1_34' title='bbox 549 1090 596 1128; x_wconf 91' lang='lat' dir='ltr'>ad</span> <span class='ocrx_word' id='word_1_35' title='bbox 633 1090 850 1126; x_wconf 82' lang='lat' dir='ltr'>Cremeram</span> <span class='ocrx_word' id='word_1_36' title='bbox 887 1091 992 1138; x_wconf 86' lang='lat' dir='ltr'>genti</span> <span class='ocrx_word' id='word_1_37' title='bbox 1028 1093 1277 1142; x_wconf 78' lang='lat' dir='ltr'><strong>superfuerat.</strong></span> <span class='ocrx_word' id='word_1_38' title='bbox 1343 1096 1431 1133; x_wconf 85' lang='lat' dir='ltr'>Jam</span> 
     </span>
     <span class='ocr_line' id='line_1_12' title="bbox 313 1152 1432 1206; baseline 0.003 -15"><span class='ocrx_word' id='word_1_39' title='bbox 313 1155 439 1205; x_wconf 87' lang='lat' dir='ltr'>priore</span> <span class='ocrx_word' id='word_1_40' title='bbox 468 1153 669 1191; x_wconf 85' lang='lat' dir='ltr'>consulatu</span> <span class='ocrx_word' id='word_1_41' title='bbox 696 1152 875 1189; x_wconf 88' lang='lat' dir='ltr'>AEmilius</span> <span class='ocrx_word' id='word_1_42' title='bbox 907 1153 1019 1190; x_wconf 89' lang='lat' dir='ltr'>dandi</span> <span class='ocrx_word' id='word_1_43' title='bbox 1057 1156 1139 1204; x_wconf 88' lang='lat' dir='ltr'>agri</span> <span class='ocrx_word' id='word_1_44' title='bbox 1175 1156 1276 1206; x_wconf 90' lang='lat' dir='ltr'>plebi</span> <span class='ocrx_word' id='word_1_45' title='bbox 1308 1157 1432 1196; x_wconf 83' lang='lat' dir='ltr'>fuerat</span> 
     </span>
     <span class='ocr_line' id='line_1_13' title="bbox 312 1217 1434 1271; baseline 0.002 -15"><span class='ocrx_word' id='word_1_46' title='bbox 312 1226 459 1256; x_wconf 86' lang='lat' dir='ltr'>auctor.</span> <span class='ocrx_word' id='word_1_47' title='bbox 517 1219 652 1268; x_wconf 83' lang='lat' dir='ltr'>Itaque</span> <span class='ocrx_word' id='word_1_48' title='bbox 680 1217 846 1254; x_wconf 87' lang='lat' dir='ltr'>secundo</span> <span class='ocrx_word' id='word_1_49' title='bbox 877 1230 1028 1267; x_wconf 90' lang='lat' dir='ltr'>quoque</span> <span class='ocrx_word' id='word_1_50' title='bbox 1057 1219 1258 1257; x_wconf 82' lang='lat' dir='ltr'>consulatu</span> <span class='ocrx_word' id='word_1_51' title='bbox 1290 1220 1370 1271; x_wconf 85' lang='lat' dir='ltr'>ejus</span> <span class='ocrx_word' id='word_1_52' title='bbox 1396 1229 1434 1258; x_wconf 90' lang='lat' dir='ltr'>et</span> 
     </span>
     <span class='ocr_line' id='line_1_14' title="bbox 312 1282 1429 1334; baseline 0.001 -13"><span class='ocrx_word' id='word_1_53' title='bbox 312 1285 450 1334; x_wconf 84' lang='lat' dir='ltr'>agrarii</span> <span class='ocrx_word' id='word_1_54' title='bbox 473 1296 513 1320; x_wconf 87' lang='lat' dir='ltr'>se</span> <span class='ocrx_word' id='word_1_55' title='bbox 538 1284 577 1319; x_wconf 91' lang='lat' dir='ltr'>in</span> <span class='ocrx_word' id='word_1_56' title='bbox 606 1295 711 1333; x_wconf 90' lang='lat' dir='ltr'>spem</span> <span class='ocrx_word' id='word_1_57' title='bbox 739 1282 832 1331; x_wconf 88' lang='lat' dir='ltr'>legis</span> <span class='ocrx_word' id='word_1_58' title='bbox 862 1290 1074 1328; x_wconf 83' lang='lat' dir='ltr'>erexerant,</span> <span class='ocrx_word' id='word_1_59' title='bbox 1099 1290 1137 1320; x_wconf 89' lang='lat' dir='ltr'>et</span> <span class='ocrx_word' id='word_1_60' title='bbox 1165 1285 1308 1321; x_wconf 87' lang='lat' dir='ltr'>tribuni</span> <span class='ocrx_word' id='word_1_61' title='bbox 1336 1299 1429 1329; x_wconf 85' lang='lat' dir='ltr'>rem,</span> 
     </span>
     <span class='ocr_line' id='line_1_15' title="bbox 312 1347 1431 1398; baseline 0.001 -13"><span class='ocrx_word' id='word_1_62' title='bbox 312 1355 448 1385; x_wconf 83' lang='lat' dir='ltr'>contra</span> <span class='ocrx_word' id='word_1_63' title='bbox 467 1347 640 1384; x_wconf 86' lang='lat' dir='ltr'>consules</span> <span class='ocrx_word' id='word_1_64' title='bbox 662 1360 761 1397; x_wconf 87' lang='lat' dir='ltr'>saepe</span> <span class='ocrx_word' id='word_1_65' title='bbox 779 1353 980 1390; x_wconf 84' lang='lat' dir='ltr'>tentatam,</span> <span class='ocrx_word' id='word_1_66' title='bbox 999 1347 1174 1398; x_wconf 83' lang='lat' dir='ltr'>adjutore</span> <span class='ocrx_word' id='word_1_67' title='bbox 1195 1350 1324 1398; x_wconf 85' lang='lat' dir='ltr'>utique</span> <span class='ocrx_word' id='word_1_68' title='bbox 1340 1363 1431 1386; x_wconf 91' lang='lat' dir='ltr'>con-</span> 
     </span>
     <span class='ocr_line' id='line_1_16' title="bbox 311 1411 1432 1462; baseline 0.001 -13"><span class='ocrx_word' id='word_1_69' title='bbox 311 1412 407 1456; x_wconf 85' lang='lat' dir='ltr'>sule,</span> <span class='ocrx_word' id='word_1_70' title='bbox 428 1412 594 1449; x_wconf 88' lang='lat' dir='ltr'>obtineri</span> <span class='ocrx_word' id='word_1_71' title='bbox 616 1423 728 1462; x_wconf 87' lang='lat' dir='ltr'>posse</span> <span class='ocrx_word' id='word_1_72' title='bbox 747 1411 833 1454; x_wconf 89' lang='lat' dir='ltr'>rati,</span> <span class='ocrx_word' id='word_1_73' title='bbox 855 1412 1067 1461; x_wconf 85' lang='lat' dir='ltr'>suscipiunt</span> <span class='ocrx_word' id='word_1_74' title='bbox 1080 1429 1090 1458; x_wconf 88' lang='lat'>;</span> <span class='ocrx_word' id='word_1_75' title='bbox 1123 1419 1161 1449; x_wconf 89' lang='lat' dir='ltr'>et</span> <span class='ocrx_word' id='word_1_76' title='bbox 1190 1413 1323 1449; x_wconf 85' lang='lat' dir='ltr'>consul</span> <span class='ocrx_word' id='word_1_77' title='bbox 1353 1427 1432 1450; x_wconf 88' lang='lat' dir='ltr'>ma-</span> 
     </span>
     <span class='ocr_line' id='line_1_17' title="bbox 311 1475 1431 1528; baseline 0.002 -15"><span class='ocrx_word' id='word_1_78' title='bbox 311 1476 430 1514; x_wconf 87' lang='lat' dir='ltr'>nebat</span> <span class='ocrx_word' id='word_1_79' title='bbox 458 1477 497 1513; x_wconf 91' lang='lat' dir='ltr'>in</span> <span class='ocrx_word' id='word_1_80' title='bbox 526 1475 716 1512; x_wconf 87' lang='lat' dir='ltr'>sententia</span> <span class='ocrx_word' id='word_1_81' title='bbox 734 1487 812 1512; x_wconf 89' lang='lat' dir='ltr'>sua.</span> <span class='ocrx_word' id='word_1_82' title='bbox 870 1475 1112 1512; x_wconf 87' lang='lat' dir='ltr'>Possessores</span> <span class='ocrx_word' id='word_1_83' title='bbox 1133 1483 1170 1512; x_wconf 89' lang='lat' dir='ltr'>et</span> <span class='ocrx_word' id='word_1_84' title='bbox 1189 1489 1328 1526; x_wconf 85' lang='lat' dir='ltr'>magna</span> <span class='ocrx_word' id='word_1_85' title='bbox 1346 1490 1431 1528; x_wconf 86' lang='lat' dir='ltr'>pars</span> 
     </span>
     <span class='ocr_line' id='line_1_18' title="bbox 311 1537 1432 1592; baseline 0.001 -15"><span class='ocrx_word' id='word_1_86' title='bbox 311 1539 484 1584; x_wconf 85' lang='lat' dir='ltr'>Patrum,</span> <span class='ocrx_word' id='word_1_87' title='bbox 509 1539 720 1576; x_wconf 85' lang='lat' dir='ltr'>tribuniciis</span> <span class='ocrx_word' id='word_1_88' title='bbox 748 1551 786 1574; x_wconf 89' lang='lat' dir='ltr'>se</span> <span class='ocrx_word' id='word_1_89' title='bbox 805 1537 955 1588; x_wconf 86' lang='lat' dir='ltr'>jactare</span> <span class='ocrx_word' id='word_1_90' title='bbox 984 1540 1198 1576; x_wconf 88' lang='lat' dir='ltr'>actionibus</span> <span class='ocrx_word' id='word_1_91' title='bbox 1223 1541 1432 1592; x_wconf 82' lang='lat' dir='ltr'>principem</span> 
     </span>
     <span class='ocr_line' id='line_1_19' title="bbox 313 1602 1432 1654; baseline 0.001 -14"><span class='ocrx_word' id='word_1_92' title='bbox 313 1604 492 1647; x_wconf 82' lang='lat' dir='ltr'>civitatis,</span> <span class='ocrx_word' id='word_1_93' title='bbox 515 1609 553 1639; x_wconf 92' lang='lat' dir='ltr'>et</span> <span class='ocrx_word' id='word_1_94' title='bbox 574 1602 770 1652; x_wconf 88' lang='lat' dir='ltr'>largiendo</span> <span class='ocrx_word' id='word_1_95' title='bbox 791 1602 837 1639; x_wconf 85' lang='lat' dir='ltr'>de</span> <span class='ocrx_word' id='word_1_96' title='bbox 857 1602 982 1639; x_wconf 83' lang='lat' dir='ltr'>alieno</span> <span class='ocrx_word' id='word_1_97' title='bbox 1002 1603 1223 1653; x_wconf 80' lang='lat' dir='ltr'>popularem</span> <span class='ocrx_word' id='word_1_98' title='bbox 1242 1603 1322 1640; x_wconf 86' lang='lat' dir='ltr'>fieri</span> <span class='ocrx_word' id='word_1_99' title='bbox 1341 1618 1432 1654; x_wconf 89' lang='lat' dir='ltr'>que-</span> 
     </span>
     <span class='ocr_line' id='line_1_20' title="bbox 311 1667 1433 1711; baseline 0.001 -7"><span class='ocrx_word' id='word_1_100' title='bbox 311 1673 453 1711; x_wconf 82' lang='lat' dir='ltr'>rentes,</span> <span class='ocrx_word' id='word_1_101' title='bbox 483 1668 602 1703; x_wconf 87' lang='lat' dir='ltr'>totius</span> <span class='ocrx_word' id='word_1_102' title='bbox 632 1667 813 1703; x_wconf 83' lang='lat' dir='ltr'>invidiam</span> <span class='ocrx_word' id='word_1_103' title='bbox 842 1667 896 1703; x_wconf 90' lang='lat' dir='ltr'>rei</span> <span class='ocrx_word' id='word_1_104' title='bbox 926 1680 948 1703; x_wconf 85' lang='lat' dir='ltr'>a</span> <span class='ocrx_word' id='word_1_105' title='bbox 976 1667 1137 1704; x_wconf 85' lang='lat' dir='ltr'>tribunis</span> <span class='ocrx_word' id='word_1_106' title='bbox 1171 1667 1210 1703; x_wconf 92' lang='lat' dir='ltr'>in</span> <span class='ocrx_word' id='word_1_107' title='bbox 1241 1668 1433 1705; x_wconf 88' lang='lat' dir='ltr'>consulem</span> 
     </span>
     <span class='ocr_line' id='line_1_21' title="bbox 312 1731 1433 1775; baseline 0.001 -7"><span class='ocrx_word' id='word_1_108' title='bbox 312 1737 541 1768; x_wconf 86' lang='lat' dir='ltr'>averterant.</span> <span class='ocrx_word' id='word_1_109' title='bbox 598 1731 723 1767; x_wconf 86' lang='lat' dir='ltr'>Atrox</span> <span class='ocrx_word' id='word_1_110' title='bbox 746 1737 936 1767; x_wconf 84' lang='lat' dir='ltr'>certamen</span> <span class='ocrx_word' id='word_1_111' title='bbox 960 1731 1103 1775; x_wconf 82' lang='lat' dir='ltr'>aderat,</span> <span class='ocrx_word' id='word_1_112' title='bbox 1124 1732 1163 1767; x_wconf 92' lang='lat' dir='ltr'>ni</span> <span class='ocrx_word' id='word_1_113' title='bbox 1182 1731 1321 1768; x_wconf 89' lang='lat' dir='ltr'>Fabius</span> <span class='ocrx_word' id='word_1_114' title='bbox 1342 1745 1433 1769; x_wconf 90' lang='lat' dir='ltr'>con-</span> 
     </span>
     <span class='ocr_line' id='line_1_22' title="bbox 313 1794 1435 1846; baseline 0.001 -14"><span class='ocrx_word' id='word_1_115' title='bbox 313 1796 398 1833; x_wconf 89' lang='lat' dir='ltr'>silio</span> <span class='ocrx_word' id='word_1_116' title='bbox 420 1797 545 1832; x_wconf 83' lang='lat' dir='ltr'>neutri</span> <span class='ocrx_word' id='word_1_117' title='bbox 564 1796 663 1846; x_wconf 83' lang='lat' dir='ltr'>parti</span> <span class='ocrx_word' id='word_1_118' title='bbox 683 1795 821 1832; x_wconf 89' lang='lat' dir='ltr'>acerbo</span> <span class='ocrx_word' id='word_1_119' title='bbox 841 1808 920 1831; x_wconf 88' lang='lat' dir='ltr'>rem</span> <span class='ocrx_word' id='word_1_120' title='bbox 941 1796 1167 1846; x_wconf 86' lang='lat' dir='ltr'>expedisset.</span> <span class='ocrx_word' id='word_1_121' title='bbox 1223 1796 1269 1832; x_wconf 94' lang='lat' dir='ltr'>T.</span> <span class='ocrx_word' id='word_1_122' title='bbox 1289 1794 1435 1836; x_wconf 57' lang='lat' dir='ltr'>Quincss</span> 
     </span>
     <span class='ocr_line' id='line_1_23' title="bbox 312 1860 1434 1910; baseline 0.001 -14"><span class='ocrx_word' id='word_1_123' title='bbox 312 1861 357 1896; x_wconf 89' lang='lat' dir='ltr'>tii</span> <span class='ocrx_word' id='word_1_124' title='bbox 377 1860 493 1897; x_wconf 88' lang='lat' dir='ltr'>ductu</span> <span class='ocrx_word' id='word_1_125' title='bbox 513 1866 550 1896; x_wconf 90' lang='lat' dir='ltr'>et</span> <span class='ocrx_word' id='word_1_126' title='bbox 577 1860 746 1910; x_wconf 88' lang='lat' dir='ltr'>auspicio</span> <span class='ocrx_word' id='word_1_127' title='bbox 766 1861 847 1908; x_wconf 84' lang='lat' dir='ltr'>agri</span> <span class='ocrx_word' id='word_1_128' title='bbox 868 1861 968 1910; x_wconf 90' lang='lat' dir='ltr'>capti</span> <span class='ocrx_word' id='word_1_129' title='bbox 995 1861 1121 1910; x_wconf 88' lang='lat' dir='ltr'>priore</span> <span class='ocrx_word' id='word_1_130' title='bbox 1140 1873 1242 1897; x_wconf 91' lang='lat' dir='ltr'>anno</span> <span class='ocrx_word' id='word_1_131' title='bbox 1262 1860 1434 1910; x_wconf 88' lang='lat' dir='ltr'>aliquan-</span> 
     </span>
     <span class='ocr_line' id='line_1_24' title="bbox 311 1923 1432 1975; baseline 0.001 -15"><span class='ocrx_word' id='word_1_132' title='bbox 311 1932 394 1960; x_wconf 86' lang='lat' dir='ltr'>tum</span> <span class='ocrx_word' id='word_1_133' title='bbox 424 1936 447 1960; x_wconf 88' lang='lat' dir='ltr'>a</span> <span class='ocrx_word' id='word_1_134' title='bbox 474 1923 623 1960; x_wconf 88' lang='lat' dir='ltr'>Volscis</span> <span class='ocrx_word' id='word_1_135' title='bbox 654 1936 760 1959; x_wconf 85' lang='lat' dir='ltr'>esse:</span> <span class='ocrx_word' id='word_1_136' title='bbox 792 1923 966 1967; x_wconf 89' lang='lat' dir='ltr'>Antium,</span> <span class='ocrx_word' id='word_1_137' title='bbox 997 1925 1262 1974; x_wconf 90' lang='lat' dir='ltr'>propinquam,</span> <span class='ocrx_word' id='word_1_138' title='bbox 1291 1937 1432 1975; x_wconf 90' lang='lat' dir='ltr'>oppor-</span> 
     </span>
     <span class='ocr_line' id='line_1_25' title="bbox 313 1987 1433 2039; baseline 0.002 -16"><span class='ocrx_word' id='word_1_139' title='bbox 313 1993 460 2031; x_wconf 85' lang='lat' dir='ltr'>tunam,</span> <span class='ocrx_word' id='word_1_140' title='bbox 481 1993 519 2023; x_wconf 92' lang='lat' dir='ltr'>et</span> <span class='ocrx_word' id='word_1_141' title='bbox 544 1988 772 2024; x_wconf 88' lang='lat' dir='ltr'>maritimam</span> <span class='ocrx_word' id='word_1_142' title='bbox 798 1987 945 2031; x_wconf 87' lang='lat' dir='ltr'>urbem,</span> <span class='ocrx_word' id='word_1_143' title='bbox 967 1987 1157 2024; x_wconf 90' lang='lat' dir='ltr'>coloniam</span> <span class='ocrx_word' id='word_1_144' title='bbox 1183 1988 1316 2024; x_wconf 91' lang='lat' dir='ltr'>deduci</span> <span class='ocrx_word' id='word_1_145' title='bbox 1344 2002 1433 2039; x_wconf 89' lang='lat' dir='ltr'>pos-</span> 
     </span>
     <span class='ocr_line' id='line_1_26' title="bbox 315 2051 1433 2102; baseline 0.003 -15"><span class='ocrx_word' id='word_1_146' title='bbox 315 2063 377 2088; x_wconf 85' lang='lat' dir='ltr'>se:</span> <span class='ocrx_word' id='word_1_147' title='bbox 409 2052 463 2087; x_wconf 86' lang='lat' dir='ltr'>ita</span> <span class='ocrx_word' id='word_1_148' title='bbox 485 2052 566 2088; x_wconf 88' lang='lat' dir='ltr'>sine</span> <span class='ocrx_word' id='word_1_149' title='bbox 595 2051 755 2101; x_wconf 88' lang='lat' dir='ltr'>querelis</span> <span class='ocrx_word' id='word_1_150' title='bbox 784 2064 1046 2101; x_wconf 87' lang='lat' dir='ltr'>possessorum</span> <span class='ocrx_word' id='word_1_151' title='bbox 1075 2051 1225 2102; x_wconf 82' lang='lat' dir='ltr'>plebem</span> <span class='ocrx_word' id='word_1_152' title='bbox 1253 2053 1292 2088; x_wconf 91' lang='lat' dir='ltr'>in</span> <span class='ocrx_word' id='word_1_153' title='bbox 1322 2066 1433 2102; x_wconf 87' lang='lat' dir='ltr'>agros</span> 
     </span>
     <span class='ocr_line' id='line_1_27' title="bbox 315 2113 1436 2158; baseline 0.004 -8"><span class='ocrx_word' id='word_1_154' title='bbox 315 2113 467 2158; x_wconf 86' lang='lat' dir='ltr'>ituram,</span> <span class='ocrx_word' id='word_1_155' title='bbox 495 2115 687 2152; x_wconf 85' lang='lat' dir='ltr'>civitatem</span> <span class='ocrx_word' id='word_1_156' title='bbox 713 2115 752 2150; x_wconf 92' lang='lat' dir='ltr'>in</span> <span class='ocrx_word' id='word_1_157' title='bbox 776 2115 981 2152; x_wconf 89' lang='lat' dir='ltr'>concordia</span> <span class='ocrx_word' id='word_1_158' title='bbox 1005 2115 1099 2152; x_wconf 87' lang='lat' dir='ltr'>fore.</span> <span class='ocrx_word' id='word_1_159' title='bbox 1157 2114 1253 2152; x_wconf 87' lang='lat' dir='ltr'>Haec</span> <span class='ocrx_word' id='word_1_160' title='bbox 1282 2123 1436 2154; x_wconf 86' lang='lat' dir='ltr'>senten-</span> 
     </span>
     <span class='ocr_line' id='line_1_28' title="bbox 313 2178 1437 2229; baseline 0.002 -12"><span class='ocrx_word' id='word_1_161' title='bbox 313 2180 370 2217; x_wconf 84' lang='lat' dir='ltr'>tia</span> <span class='ocrx_word' id='word_1_162' title='bbox 398 2186 554 2229; x_wconf 85' lang='lat' dir='ltr'>accepta</span> <span class='ocrx_word' id='word_1_163' title='bbox 581 2183 650 2215; x_wconf 84' lang='lat' dir='ltr'>est.</span> <span class='ocrx_word' id='word_1_164' title='bbox 706 2178 941 2215; x_wconf 86' lang='lat' dir='ltr'>Triumviros</span> <span class='ocrx_word' id='word_1_165' title='bbox 975 2191 1070 2228; x_wconf 83' lang='lat' dir='ltr'>agro</span> <span class='ocrx_word' id='word_1_166' title='bbox 1105 2179 1232 2217; x_wconf 90' lang='lat' dir='ltr'>dando</span> <span class='ocrx_word' id='word_1_167' title='bbox 1262 2187 1365 2218; x_wconf 85' lang='lat' dir='ltr'>creat</span> <span class='ocrx_word' id='word_1_168' title='bbox 1387 2182 1437 2219; x_wconf 91' lang='lat' dir='ltr'>T.</span> 
     </span>
     <span class='ocr_line' id='line_1_29' title="bbox 314 2242 1436 2294; baseline 0.003 -15"><span class='ocrx_word' id='word_1_169' title='bbox 314 2244 554 2287; x_wconf 77' lang='lat' dir='ltr'>Quinctium,</span> <span class='ocrx_word' id='word_1_170' title='bbox 579 2243 628 2279; x_wconf 93' lang='lat' dir='ltr'>A.</span> <span class='ocrx_word' id='word_1_171' title='bbox 647 2242 877 2291; x_wconf 88' lang='lat' dir='ltr'>Virginium‚</span> <span class='ocrx_word' id='word_1_172' title='bbox 903 2242 948 2280; x_wconf 84' lang='lat' dir='ltr'>P.</span> <span class='ocrx_word' id='word_1_173' title='bbox 975 2243 1155 2280; x_wconf 86' lang='lat' dir='ltr'>Furium:</span> <span class='ocrx_word' id='word_1_174' title='bbox 1182 2242 1282 2294; x_wconf 87' lang='lat' dir='ltr'>jussi</span> <span class='ocrx_word' id='word_1_175' title='bbox 1310 2246 1436 2282; x_wconf 89' lang='lat' dir='ltr'>nomi-</span> 
     </span>
     <span class='ocr_line' id='line_1_30' title="bbox 316 2306 1435 2357; baseline 0.002 -13"><span class='ocrx_word' id='word_1_176' title='bbox 316 2318 368 2344; x_wconf 86' lang='lat' dir='ltr'>na</span> <span class='ocrx_word' id='word_1_177' title='bbox 391 2307 493 2350; x_wconf 84' lang='lat' dir='ltr'>dare,</span> <span class='ocrx_word' id='word_1_178' title='bbox 517 2307 581 2356; x_wconf 91' lang='lat' dir='ltr'>qui</span> <span class='ocrx_word' id='word_1_179' title='bbox 606 2318 739 2356; x_wconf 85' lang='lat' dir='ltr'>agrum</span> <span class='ocrx_word' id='word_1_180' title='bbox 768 2307 937 2357; x_wconf 86' lang='lat' dir='ltr'>accipere</span> <span class='ocrx_word' id='word_1_181' title='bbox 960 2306 1112 2344; x_wconf 87' lang='lat' dir='ltr'>vellent.</span> <span class='ocrx_word' id='word_1_182' title='bbox 1169 2306 1277 2344; x_wconf 87' lang='lat' dir='ltr'>Fecit</span> <span class='ocrx_word' id='word_1_183' title='bbox 1305 2309 1435 2347; x_wconf 86' lang='lat' dir='ltr'>statim</span> 
     </span>
     <span class='ocr_line' id='line_1_31' title="bbox 319 2370 1436 2423; baseline 0.004 -16"><span class='ocrx_word' id='word_1_184' title='bbox 319 2373 381 2420; x_wconf 86' lang='lat' dir='ltr'>(ut</span> <span class='ocrx_word' id='word_1_185' title='bbox 399 2371 458 2418; x_wconf 88' lang='lat' dir='ltr'>fit)</span> <span class='ocrx_word' id='word_1_186' title='bbox 480 2371 674 2408; x_wconf 84' lang='lat' dir='ltr'>fastidium</span> <span class='ocrx_word' id='word_1_187' title='bbox 697 2370 830 2422; x_wconf 74' lang='lat' dir='ltr'>copia5</span> <span class='ocrx_word' id='word_1_188' title='bbox 862 2370 1032 2422; x_wconf 87' lang='lat' dir='ltr'>adeoque</span> <span class='ocrx_word' id='word_1_189' title='bbox 1057 2373 1167 2423; x_wconf 90' lang='lat' dir='ltr'>pauci</span> <span class='ocrx_word' id='word_1_190' title='bbox 1190 2373 1348 2411; x_wconf 86' lang='lat' dir='ltr'>nomina</span> <span class='ocrx_word' id='word_1_191' title='bbox 1369 2374 1436 2412; x_wconf 87' lang='lat' dir='ltr'>de-</span> 
     </span>
    </p>
   </div>
   <div class='ocr_carea' id='block_1_5' title="bbox 1528 1642 1573 2598">
    <p class='ocr_par' dir='ltr' id='par_1_6' title="bbox 1528 1642 1573 2598">
     <span class='ocr_line' id='line_1_32' title="bbox 1528 1642 1573 2598; baseline 0 0"><span class='ocrx_word' id='word_1_192' title='bbox 1528 1642 1573 2598; x_wconf 95' lang='lat' dir='ltr'> </span> 
     </span>
    </p>
   </div>
  </div>
 </body>
</html>
