1573 2598
340 190 497 220 mmm
520 188 605 219 ιιι.
637 185 745 218 οΑΡ.
769 189 921 219 Lvui.
1109 189 1189 230 241

73 279 160 322 lent,
192 283 235 315 ut
262 289 402 315 carcere
428 282 464 314 et
490 277 641 315 vinculis
669 277 875 319 viderentur
904 278 1033 326 digni:
1059 278 1191 321 virum,
1206 287 1250 318 U.
1265 285 1304 317 c.
1320 290 1394 318 306.

73 347 352 385 honoratissimae
370 347 536 394 imaginis
546 344 725 395 futurum
743 346 792 382 ad
810 339 984 395 ‘posterosz
1001 346 1119 396 legum
1138 348 1193 384 la·
1205 332 1246 362 A·
1263 329 1301 362 G·
1318 333 1391 361 ⁴⁴⁶¹

76 419 187 451 torem
209 414 496 462 conditoremque
515 412 672 449 Romani
683 409 793 457 juris,
811 409 936 458 jacere
955 412 1115 448 vinctum
1139 413 1196 448 in-

75 483 130 514 ter
139 477 247 528 fures
265 482 455 515 nocturnos
472 489 516 513 ac
535 477 701 512 latrones.
756 476 970 513 Averterent
987 475 1032 513 ab
1049 477 1106 512 ira
1125 489 1196 526 pa-

75 554 220 592 rumper
250 543 302 579 ad
331 543 567 591 cognitionem
602 542 924 590 cogitationemque
959 542 1124 578 animos:
1161 545 1198 578 et

72 609 196 657 potius
225 619 337 645 unum
364 611 419 643 tot
449 606 612 643 Claudiis
640 606 910 655 deprecantibus
938 607 1197 650 condonarent,

77 683 187 721 quam
206 676 356 721 propter
376 671 482 708 unius
503 671 627 707 odium
644 670 839 707 multorum
860 682 984 719 preces
1001 672 1199 719 adsperna-

75 741 212 773 rentur.
268 735 317 772 Se
339 747 478 784 quoque
502 735 541 771 id
560 735 686 783 generi
703 746 746 770 ac
763 735 900 770 nomini
919 735 1019 778 dare,
1038 746 1101 771 nec
1119 747 1201 771 cum

76 813 117 844 eo
141 801 179 838 in
201 801 363 849 gratiam
381 801 523 843 redisse,
543 797 643 846 cujus
661 800 818 837 adversae
831 798 999 850 fortunae
1015 800 1100 836 velit
1117 800 1200 837 sub-

79 877 231 903 cursum-
279 865 418 910 Virtute
437 866 636 902 libertatem
652 870 903 914 recuperatam
921 877 1016 901 esse:
1047 866 1200 902 clemen-

81 931 133 967 tia
155 931 384 967 concordiam
407 931 574 967 ordinum
599 930 753 967 stabiliri
777 941 891 979 posse.
946 928 1084 974 Erant,
1105 942 1201 980 quos

81 999 252 1031 moveret
271 1007 340 1030 sua
356 994 478 1043 magis
498 994 656 1045 pietate,
677 1006 791 1043 quam
810 992 906 1044 ejus,
927 1005 997 1044 pro
1016 1006 1093 1043 quo
1113 1006 1203 1044 age·

81 1057 164 1102 bat,
182 1071 315 1094 caussa
331 1072 340 1094 :
363 1059 426 1095 sed
441 1057 652 1107 VirginiuS,
671 1061 727 1096 sui
741 1060 866 1108 potius
884 1063 924 1095 ut
937 1060 1204 1103 misererentur,

82 1121 232 1166 orabat,
249 1123 438 1172 filioeque:
464 1125 544 1159 nec'
549 1125 666 1171 gentis
686 1123 862 1166 Claudiae,
885 1135 1034 1171 regnum
1059 1125 1098 1160 in
1122 1124 1204 1172 ple-

84 1187 159 1223 bem
175 1189 325 1231 sortitae,
344 1188 407 1224 sed
424 1189 700 1224 necessariorum
716 1188 886 1236 Vzrginiae
904 1192 941 1224 et
960 1189 1071 1225 trium
1091 1188 1205 1226 tribu-

83 1265 212 1289 norum
225 1264 348 1301 preces
366 1253 535 1289 audirent
548 1270 561 1296 ,·
587 1254 662 1302 qui,
683 1254 732 1289 ad
750 1253 927 1289 auxilium
941 1249 1056 1301 plebis
1074 1255 1203 1297 creati,

86 1320 154 1369 ipsi
176 1319 291 1368 plebis
305 1319 424 1368 fidem
451 1324 559 1368 atque
587 1319 763 1356 auxilium
787 1319 1024 1368 inplorarent.
1080 1317 1106 1355 J
1109 1317 1203 1355 usti-

85 1395 170 1420 ores
205 1383 266 1421 hae
301 1383 465 1420 lacrimae
497 1382 723 1420 videbantur
740 1399 748 1419 :
789 1384 933 1434 itaque,
967 1396 1034 1434 spe
1066 1383 1202 1427 incisa,

82 1451 302 1501 priusquam
329 1448 502 1499 prodicta
529 1448 607 1485 dies
638 1448 799 1493 adesset,
819 1449 966 1500 Appius
997 1448 1070 1485 sibi
1099 1461 1201 1485 mor·
1213 1453 1337 1495 Appius
1352 1455 1412 1487 sibi

85 1520 163 1550 tem
192 1513 388 1549 conscivit.
445 1511 613 1549 Subinde
648 1512 824 1563 adreptus
855 1526 878 1550 a
905 1512 948 1550 P.
977 1512 1201 1550 Numitorio
1214 1507 1328 1530 necem
1346 1507 1423 1530 ⁰⁰¹*

86 1578 149 1629 Sp.
168 1577 331 1628 Oppius,
355 1577 549 1627 proximus
569 1578 733 1620 invidiae,
754 1578 858 1627 quod
882 1578 922 1614 in
946 1577 1038 1615 urbe
1062 1548 1330 1621 fueransmsmt'

86 1656 202 1692 quum
230 1641 381 1692 injustae
399 1642 573 1679 vindiciae
602 1656 626 1680 a
653 1642 801 1692 collega
829 1643 1055 1680 dicerentur.
1111 1642 1203 1679 Plus

86 1716 214 1744 tamen
250 1707 354 1743 faeta
386 1705 526 1756 injuria
556 1707 701 1758 Oppio,
735 1721 850 1758 quam
878 1721 957 1744 non
994 1707 1202 1759 prohibita,
1216 1716 1341 1758 Oppius

86 1774 236 1811 invidiae
265 1774 383 1811 fecit:
413 1774 520 1810 testis
550 1774 770 1823 productus,
801 1774 879 1823 qui,
910 1780 1057 1825 septem
1085 1781 1123 1811 et
1147 1775 1203 1811 vi·
1216 1766 1394 1792 accusatur.

88 1840 185 1889 ginti
221 1839 450 1876 enumeratis
488 1838 700 1889 stipendiis,
735 1838 854 1874 octies
893 1844 1000 1874 extra
1033 1838 1204 1876 ordinem

86 1903 263 1947 donatus,
297 1903 470 1952 donaque
502 1914 548 1938 ea
575 1913 709 1950 gerens
742 1901 782 1938 in
815 1910 1023 1952 conspectu
1054 1903 1202 1953 populi,

86 1969 203 2006 scissa
220 1974 325 2005 veste
349 1974 499 2017 tergum
524 1966 729 2004 laceratum
754 1967 867 2016 virgis
890 1967 1071 2011 ostendit,
1100 1969 1202 2006 nihi-

84 2033 163 2069 lum
190 2032 410 2083 deprecanS,
437 2033 536 2080 quin,
562 2034 593 2068 si
618 2044 725 2080 quam
748 2044 851 2069 suam
877 2044 1007 2071 noram
1034 2045 1116 2069 reus
1143 2034 1201 2070 di-

81 2109 159 2136 cere
174 2103 304 2146 posset,
319 2099 486 2146 privatus
502 2098 633 2134 iterum
652 2099 688 2133 in
703 2110 740 2134 se
752 2100 900 2134 saeviret.
938 2096 1086 2148 Oppius
1104 2110 1199 2146 quo·
1212 2106 1250 2138 In
1267 2108 1398 2139 vincula

84 2174 159 2211 que
177 2160 310 2198 ductus
329 2160 369 2197 in
387 2160 537 2198 vincula
556 2167 627 2204 est,
649 2167 686 2197 et
711 2167 799 2197 ante
811 2160 949 2211 judicii
967 2161 1067 2197 diem
1086 2161 1198 2198 finem
1211 2151 1340 2201 ductus,
1359 2152 1402 2183 ibi

83 2226 136 2262 ibi
155 2225 242 2260 vitae
260 2223 364 2273 fecit.
417 2223 530 2261 Bona
549 2223 699 2261 Claudii
718 2223 910 2276 Oppiique
928 2224 1075 2260 tribuni
1099 2224 1197 2275 pub·
1211 2201 1357 2226 montur‘

83 2289 267 2327 licavere:
306 2286 462 2337 collegae
490 2301 621 2325 eorum
650 2289 773 2326 exsilii
802 2302 935 2326 caussa
963 2288 1086 2326 solum
1113 2302 1197 2326 ver-

84 2359 238 2391 terunt:
268 2351 373 2395 bona
400 2351 593 2403 publicata
620 2360 733 2390 sunt:
768 2360 806 2390 et
833 2353 890 2392 Μ.
911 2352 1106 2397 Claudius,
1130 2354 1196 2393 ad-

137 2416 237 2454 Vot..
258 2415 289 2454 I.
666 2416 714 2454 M
