1573 2598
390 145 546 173 LIBER
571 144 640 173 1v.
673 143 779 172 cAP.
801 144 888 172 xx.
1114 132 1195 187 285

82 254 254 291 egressus
281 241 414 278 dextra
439 239 652 291 principali,
679 252 765 275 cum
791 240 929 275 triariis
955 246 1110 290 repente
1136 241 1194 277 ino
1207 235 1304 309 {AL-g
1321 242 1396 268 3¹³·

83 307 210 343 vadit:
243 319 318 356 quo
345 319 485 356 pavore
511 304 667 356 injecto,
689 305 806 340 caedes
830 304 968 346 minor,
989 304 1078 352 qnia
1099 317 1192 354 pau-
1240 301 1246 308 '
1293 301 1300 311 ”
1317 286 1392 310 43⁴⁶

81 371 202 407 ciores
240 377 374 415 eraut;
414 370 506 418 fuga
538 381 615 404 non
648 369 771 404 minus
810 368 969 417 trepida,
1004 381 1115 416 quam
1153 370 1191 405 in

79 435 177 477 acie,
198 435 283 471 fuit.

135 499 230 535 XX.
261 498 448 534 Omnibus
468 496 561 533 locis
582 509 621 532 re
640 495 737 532 bene
757 502 878 545 gesta,
899 495 1064 533 dictator
1083 509 1192 533 sena·

81 562 320 598 tusconsulto
350 561 536 612 jussuque
564 560 693 610 populi
723 561 962 610 triumphans
991 561 1032 597 in
1060 561 1192 597 urbem

77 630 202 665 rediit.
257 628 394 677 Longe
413 628 621 664 maximnm
641 627 823 677 triumphi
843 627 1101 677 spectaculum
1119 628 1192 664 fuit
1204 621 1409 671 0055551‘058

76 693 234 736 Cossu&
273 692 393 742 spolia
430 692 559 742 opima
594 693 693 740 regis
727 691 918 728 interfecti
950 705 1111 740 gerens:
1152 675 1323 730 in⁰p¹ma'

77 770 164 794 eum
191 757 329 793 milites
356 757 524 793 carmina
551 757 762 799 incondita,
786 763 980 805 aequantes
1003 769 1089 793 eum
1107 757 1191 793 Ro-

76 821 194 865 mulo,
216 834 362 858 canere.
419 821 550 871 Spolia
574 822 614 856 in
642 821 719 857 aede
747 820 854 857 Jovis
884 820 1043 857 Feretrii
1071 834 1191 872 prope

77 885 235 922 Romuli
271 886 405 936 spolia,
433 899 531 935 quae,
560 886 683 936 prima
710 885 851 935 Opima
880 884 1080 935 adpellata,
1109 885 1191 923 sola

77 962 123 986 ea
146 956 372 999 tempestate
400 955 521 992 erant,
546 963 631 985 cum
656 949 831 985 sollemni
857 949 1096 985 dedicatione
1118 950 1188 986 do-

76 1026 128 1050 no
144 1013 245 1050 fixit:
269 1020 529 1063 averteratque
548 1014 587 1050 in
603 1026 642 1049 se
661 1026 683 1049 a
702 1026 813 1049 curru
832 1013 1028 1049 dictatoris
1048 1014 1188 1051 civium

77 1090 158 1121 ora,
179 1084 216 1114 et
236 1078 465 1114 celebritatis
486 1077 565 1127 ejus
586 1078 659 1113 diei
678 1077 844 1114 fructum
866 1090 984 1127 prope
1004 1078 1105 1114 solus
1125 1085 1186 1115 tu-

75 1141 182 1178 lerat.
238 1141 418 1178 Dictator
440 1155 621 1178 coronam
646 1155 798 1178 auream
828 1141 962 1178 libram
990 1142 1118 1191 pondo
1139 1155 1187 1180 ex

74 1205 227 1255 publica
248 1207 422 1256 pecunia,
444 1206 575 1256 populi
591 1205 716 1256 jussu,
737 1207 776 1242 in
797 1206 990 1255 Capitolio
1009 1206 1098 1242 Jovi
1117 1206 1186 1242 do-

73 1281 165 1305 num
193 1270 333 1319 posuit.
390 1269 533 1305 Omnes
560 1277 648 1306 ante
672 1282 732 1306 me
755 1275 927 1305 auctores
952 1275 1116 1312 secutus,
1137 1269 1186 1306 A.

74 1332 294 1368 Cornelium
314 1333 476 1369 Cossum
495 1332 690 1368 tribunum
718 1332 883 1369 militum
908 1333 1071 1369 secunda
1095 1345 1184 1383 spo-

73 1394 125 1431 lia
152 1396 278 1445 opima
297 1395 404 1432 Jovis
427 1396 587 1432 Feretrii
612 1396 755 1446 templo
781 1396 967 1439 intulisse,
995 1396 1180 1445 exposui:

71 1465 253 1503 ceterum,
274 1466 523 1510 praeterquam
544 1460 645 1509 quod
668 1473 712 1496 ea
730 1461 801 1496 rite
821 1460 949 1510 opima
968 1459 1090 1510 spolia
1114 1460 1183 1496 ha·

71 1523 222 1567 bentur,
254 1537 336 1573 quae
366 1525 443 1561 dux
475 1525 561 1561 duci
589 1525 754 1561 detraxit
769 1541 780 1570 3
811 1537 882 1560 nec
911 1524 1045 1561 ducem
1074 1524 1184 1560 novi·

71 1600 168 1631 mus,
189 1589 260 1624 nisi
281 1588 387 1638 cujus
407 1589 577 1639 auspicio
596 1588 738 1625 bellum
764 1590 907 1638 geritur
919 1605 930 1634 3
962 1588 1095 1625 titulus
1125 1588 1183 1638 ip-

72 1664 126 1694 se,
154 1652 283 1702 spoliis
309 1653 526 1703 inscriptus,
547 1653 631 1689 illos
660 1666 795 1703 meque
821 1654 960 1702 arguit,
987 1651 1182 1689 consulem

71 1728 116 1753 ea
134 1717 295 1752 Cossum
314 1718 468 1766 cepisse.
525 1718 614 1754 Hoc
634 1731 706 1767 ego
725 1732 842 1767 quum
860 1719 1077 1766 Augustum
1098 1717 1182 1753 Cae·

71 1791 207 1823 sarem,
245 1780 472 1830 templorum
503 1781 676 1817 omnium·
702 1782 938 1818 conditorem
970 1787 1036 1817 aut
1071 1781 1182 1817 resti·

70 1850 251 1886 tutorem,
278 1844 489 1892 ingressum
516 1845 632 1880 aedem
657 1844 816 1880 Feretrii
836 1844 957 1887 Jovis,
979 1857 1092 1893 quam
1116 1857 1181 1880 ve-

70 1912 213 1943 tustate
233 1907 416 1957 dilapsam
435 1907 580 1950 refecit,
602 1920 641 1943 se
663 1908 787 1957 ipsum
811 1909 851 1944 in
880 1908 1036 1944 thorace
1061 1907 1181 1943 linteo

71 1973 252 2022 scriptum
284 1972 420 2021 legisse
454 1973 666 2018 audissem3
699 1982 817 2022 prope
849 1971 1088 2019 sacrilegium
1120 1983 1181 2007 ra·

71 2042 131 2072 tus
160 2049 257 2080 sum,
280 2037 402 2073 Cosso
431 2038 639 2087 spoliorum
662 2050 815 2073 suorum
836 2037 1039 2078 Caesarem,
1062 2035 1179 2084 ipsius

71 2099 202 2148 templi
229 2107 438 2143 auctorem,
466 2101 688 2137 subtrahere
716 2106 864 2136 testem.
921 2099 999 2137 Qui
1022 2099 1052 2134 si
1078 2111 1123 2133 ea
1141 2098 1181 2133 in

69 2175 109 2199 re
146 2164 194 2208 sit
230 2177 346 2206 error,
381 2165 481 2213 quod
510 2171 589 2201 tam
621 2171 765 2201 veteres
802 2163 971 2205 annales,
1005 2162 1182 2211 quodque

19 2236 23 2244 ¹
69 2213 358 2274 magistratuum
387 2227 487 2271 libri,
518 2241 612 2277 quos
647 2228 784 2264 linteos
815 2229 853 2263 in
889 2227 965 2262 aede
993 2225 1180 2275 repositos

67 2289 239 2327 Mouetae
265 2290 398 2327 Macer
422 2291 593 2329 Licinius
624 2292 717 2328 citat
745 2291 964 2328 idemtidem
991 2295 1180 2332 auctores,
