1573 2598
379 123 533 153 LIBER
556 123 604 153 v.
635 122 742 154 cAP.
764 125 929 155 nvn.
1126 124 1208 170 397

99 220 242 264 posset,
272 226 356 257 nec,
385 215 459 250 nisi
487 215 650 251 dictator
678 214 813 257 dictus,
840 214 1007 264 auspicia
1034 214 1075 250 in
1104 226 1209 251 exer·
1223 217 1406 250 U.C.36⁵.

100 278 179 314 citu
206 277 378 325 habere‚)
410 278 471 316 lex
500 280 645 315 curiata
671 278 750 315 lata
777 285 848 322 est,
878 279 1116 328 dictatorque
1143 278 1211 315 ab·
1222 262 1406 312 A.C.-387.

100 353 184 378 sens
205 342 338 379 dictus.

111 437 115 440 .
151 406 318 443 XLVII.
349 407 452 444 Dum
480 409 561 445 haec
580 408 683 444 Veiis
713 408 938 456 agebantur,
963 408 1115 444 interim
1144 421 1211 444 arx
1223 404 1370 454 Capitolii

98 469 235 507 Romae
251 471 556 521 Capitoliumque
574 472 615 507 in
633 472 781 520 ingenti
801 471 970 522 periculo
988 471 1080 508 fuit:
1104 485 1211 508 nam·
1221 448 1415 489 penculum.

99 547 171 584 que
191 534 306 578 Galli,
326 548 392 571 seu
411 536 570 583 vestigio
590 542 726 572 notato
753 537 935 579 humano,
958 549 1032 585 qua
1050 537 1212 573 nuncius

99 612 122 634 a
139 599 242 635 Veiis
272 606 506 648 pervenerat,
534 613 600 636 seu
629 613 697 637 sua
725 607 860 650 sponte
886 602 1146 637 animadverso
1166 601 1214 637 ad

101 662 313 699 Carmentis
336 676 512 701 saxorum
536 665 720 701 adscensu
740 677 862 713 aequo,
884 675 996 700 nocte
1017 665 1212 708 sublustri,

99 738 214 774 quum
248 728 369 776 primo
398 729 594 771 inermem,
626 729 690 777 qui
723 735 888 764 tentaret
916 729 1028 770 viam,
1064 729 1213 778 praemi-

100 790 250 833 sissent,
271 791 461 828 tradentes
486 793 571 828 inde
600 805 718 836 arma,
739 793 804 829 ubi
835 793 925 842 quid
950 793 1073 841 iniqui
1102 799 1215 835 esset,

101 853 236 890 alterni
259 856 386 898 innisi,
408 857 722 906 sublevantesque
748 858 788 892 in
807 858 928 893 vicem
956 864 994 892 et
1022 857 1216 893 trahentes

103 917 167 955 alii
192 918 301 961 alios,
329 926 443 969 prout
470 920 682 970 postularet
710 920 843 965 locus3
877 927 985 956 tanto
1006 919 1158 956 silentio
1178 920 1217 956 in

101 993 290 1018 summum
312 996 475 1026 evasere,
497 990 540 1019 ut
567 996 647 1019 non
672 984 844 1019 custodes
875 983 999 1019 solum
1026 983 1216 1026 fallerent,

102 1045 167 1081 sed
192 1058 240 1081 ne
266 1059 377 1082 canes
398 1047 562 1095 quidem,
584 1047 789 1083 sollicitum
819 1047 959 1083 animal
987 1047 1034 1083 ad
1061 1053 1217 1083 noctur-

101 1095 171 1144 nos
209 1110 402 1159 strepitus,
442 1111 664 1146 excitarent.
720 1111 884 1146 Anseres
921 1123 999 1146 non
1036 1110 1218 1154 fefellere,
1230 1118 1377 1148 Anseres.

103 1172 238 1222 quibus
270 1175 384 1210 sacris
408 1174 554 1210 Junoni
583 1175 622 1210 in
653 1187 800 1210 summa
828 1175 960 1224 inopia
989 1174 1063 1210 cibi
1092 1181 1220 1211 tamen

103 1236 390 1276 abstinebatur:
424 1251 507 1287 quae
536 1251 594 1274 res
625 1238 737 1274 saluti
765 1238 850 1275 fuit.
909 1238 1085 1287 Namque
1114 1238 1219 1275 clan-

103 1313 194 1349 gore
224 1314 354 1338 eorum
383 1302 601 1352 alarumque
627 1304 773 1352 crepitu
793 1303 938 1339 excitus
957 1302 1014 1340 M.
1033 1302 1218 1347 EIanlius,
1232 1300 1280 1350 Μ·
1298 1300 1423 1331 ΜΕΠῙῐί

103 1365 168 1413 qui
195 1366 362 1403 triennio
391 1373 480 1403 ante
509 1367 644 1403 consul
670 1367 809 1410 fuerat,
830 1367 886 1402 vir
906 1366 1009 1403 bello
1029 1351 1342 1416 egregius,v¹¹tu⁵'

103 1428 215 1464 armis
245 1429 424 1479 adreptis,
446 1430 558 1466 simul
582 1431 629 1467 ad
655 1443 760 1467 arma
782 1437 927 1467 ceteros
948 1431 1066 1474 ciens,
1086 1431 1190 1467 vadit
1206 1447 1217 1478 3

104 1498 155 1535 et,
176 1491 264 1527 dum
290 1494 406 1528 ceteri
435 1493 640 1543 trepidant,
662 1493 830 1537 Gallum,
851 1494 916 1543 qui
936 1492 1020 1544 jam
1049 1494 1088 1529 in
1118 1484 1242 1544 sum-⁷

105 1568 168 1597 mo
189 1557 426 1600 constiterat,
448 1557 614 1595 umbone
634 1560 753 1594 ictum
772 1558 961 1594 deturbat.
1019 1557 1136 1608 Cujus
1158 1571 1220 1594 ca-

105 1632 166 1656 sus
195 1620 362 1670 prolapsi
390 1634 506 1670 quum
534 1623 728 1671 proximos
759 1628 957 1665 sterneret,
987 1623 1220 1672 trepidantes

104 1683 213 1727 alios,
247 1685 435 1733 armisque
468 1687 616 1722 omissis
651 1699 756 1729 saxa,
791 1687 927 1736 quibus
961 1685 1219 1730 adhaerebant,

103 1747 277 1784 manibus
311 1748 520 1798 amplexos,
555 1751 744 1787 trucidat:
769 1749 928 1800 jamque
961 1755 999 1785 et
1027 1749 1092 1786 alii
1128 1763 1220 1786 con-

103 1813 250 1860 gregati
279 1812 364 1848 telis
395 1813 673 1863 missilibusque
702 1815 803 1851 saxis
829 1813 1055 1864 proturbare
1074 1814 1218 1858 hostes,

102 1876 285 1925 ruinaque
322 1883 406 1913 tota
440 1877 618 1928 prolapsa
655 1879 753 1915 acies
789 1879 830 1914 in
865 1890 1033 1928 praeceps
1070 1878 1219 1916 deferri.

105 1940 244 1981 Sedato
274 1942 408 1977 deinde
436 1941 616 1986 tumultu,
646 1943 833 1992 reliquum
860 1942 984 1979 noctis
1017 1942 1219 1991 (quantum

102 2004 142 2040 in
161 2004 322 2041 turbatis
342 2006 531 2041 mentibus
553 2012 717 2055 poterat,
736 2019 851 2055 quum
871 2007 1103 2056 praeteritum
1123 2018 1218 2055 quo-

104 2080 175 2117 que
199 2067 408 2119 perieulum
436 2069 674 2117 sollicitaret)
698 2071 815 2119 quieti
839 2070 969 2106 datum
988 2075 1056 2105 est.
1111 2069 1219 2106 Luce

104 2137 202 2174 orta,
223 2134 366 2183 vocatis
386 2133 543 2172 classico
563 2134 611 2170 ad
630 2134 834 2170 concilium
859 2133 1042 2169 militibus
1073 2133 1120 2168 ad
1147 2133 1218 2169 tri-

102 2195 241 2239 bunos,
262 2209 377 2245 quum
396 2203 434 2234 et
452 2205 554 2239 recte
573 2205 610 2234 et
629 2211 827 2249 perperam
845 2199 949 2233 facto
968 2197 1132 2246 pretium
1151 2197 1216 2233 ‹le-

103 2258 256 2296 beretur
269 2275 282 2306 3
313 2259 481 2299 Manlius
501 2263 665 2313 primum
684 2261 739 2300 ob¹
754 2262 937 2299 virtutem,
952 2259 1126 2299 laudatus
1146 2260 1218 2298 do-
