1573 2598
126 686 289 719 Cuniculo

127 732 224 772 capit.

129 1133 172 1165 U.
188 1133 225 1164 C.
242 1139 317 1164 321.

127 1177 168 1208 Α.
187 1177 223 1208 C.
239 1183 313 1208 431.

128 2243 276 2274 Dictator

128 2287 314 2317 Mamercus

127 2329 294 2362 AEmilius.

340 143 421 187 288
791 154 838 183 T.
862 154 995 184 mvn

339 243 574 294 cogendique
603 239 648 277 ad
679 240 910 278 deditionem
940 253 1006 291 spe
1038 241 1190 286 amissa,
1213 242 1376 280 dictator
1407 243 1447 280 in

338 308 447 351 locis,
467 312 624 357 propter
642 306 964 356 propinquitatem
986 306 1103 349 notis,
1124 305 1171 342 ab
1192 313 1447 358 aversa-parte

339 371 442 408 urbis
462 369 626 406 maxime
644 367 832 417 neglecta,
849 369 938 418 quia
953 375 1086 419 suapte
1105 376 1243 406 natura
1257 371 1447 407 tutissima

340 441 434 478 erat,
455 446 567 483 agere
589 433 628 469 in
658 445 782 469 arcem
811 432 1027 469 cuniculum
1056 434 1244 470 instituit:
1278 434 1372 483 ipse,
1392 435 1447 470 di-

338 498 559 535 versissimis
587 496 680 533 locis
711 496 907 533 subeundo
937 497 984 533 ad
1014 498 1158 534 moenia
1179 497 1447 546 quadrifariam

339 563 460 600 diviso
480 562 660 605 exercitu,
677 561 739 610 qui
756 560 819 597 alii
832 560 914 597 aliis
935 561 1182 598 succederent
1201 561 1248 598 ad
1267 573 1447 611 pugnam,

340 626 553 663 continenti
572 625 631 661 die
651 637 694 660 ac
714 630 825 660 nocte
845 624 980 674 proelio
1008 624 1055 660 ab
1086 637 1198 660 sensu
1226 625 1349 674 operis
1378 625 1450 660 ho-

341 695 416 726 stes
450 688 666 725 avertebat:
699 688 833 730 donec,
866 687 1041 737 perfosso
1077 700 1100 723 a
1135 688 1267 724 castris
1302 694 1448 730 moute,

341 758 467 789 erecta
485 753 523 788 in
544 763 668 788 arcem
686 751 748 786 via
767 756 823 786 est
838 765 845 786 ε
878 751 1110 799 intentisque
1128 750 1299 787 Etruscis
1319 751 1367 787 ad
1385 764 1450 787 va-

339 829 409 854 nas
429 829 452 852 a
469 822 574 852 certo
593 813 761 865 periculo
781 815 917 858 minas,
939 813 1081 850 clamor
1100 826 1214 864 supra
1238 821 1352 864 caput
1379 815 1450 851 ho-

342 879 436 915 stilis
458 885 605 928 captam
635 878 767 914 urbem
797 877 975 914 ostendit.
1030 877 1091 913 Eo
1120 890 1221 913 anno
1251 878 1294 914 C.
1313 878 1449 914 Furius

341 943 492 981 Pacilus
518 950 557 979 et
583 943 640 979 M.
662 942 854 991 Geganius
883 942 1102 978 Macerinus
1132 955 1305 979 censores
1326 943 1452 980 villam

342 1007 533 1059 publicam
569 1007 609 1043 in
647 1019 781 1056 campo
816 1005 963 1042 Manio
999 1005 1279 1056 probaverunt:
1324 1007 1453 1057 ibique

342 1071 506 1122 primum
526 1082 658 1106 census
678 1068 810 1119 populi
830 1076 887 1105 est
906 1075 1024 1107 actus.

397 1134 558 1172 XXIII.
587 1134 756 1170 Eosdem
785 1132 958 1169 consules
980 1133 1195 1182 insequenti
1213 1147 1315 1171 anno
1334 1133 1454 1171 refec-

343 1205 418 1243 tos,
429 1199 453 1234 J
456 1198 574 1235 ulium
585 1198 754 1239 tertium,
768 1196 986 1245 Virginium
998 1197 1150 1240 iterum,
1163 1197 1263 1247 apud
1276 1196 1453 1235 Macrum

341 1263 534 1300 Licinium
553 1262 719 1298 invenio.
749 1260 922 1296 Valerius
941 1261 1077 1296 Antias
1098 1267 1136 1296 et
1154 1261 1202 1300 Q.
1221 1261 1376 1298 Tubero
1393 1261 1452 1300 M.

342 1326 532 1364 Manlium
552 1331 590 1362 et
617 1325 666 1364 Q.
688 1323 898 1374 Sulpicium
926 1323 1098 1360 consules
1127 1324 1168 1360 in
1196 1337 1282 1361 eum
1311 1337 1454 1362 annum

343 1391 459 1427 edunt
476 1405 484 1426 z
516 1395 684 1426 ceterum
703 1388 742 1423 in
762 1394 841 1423 tam
861 1387 1099 1437 discrepante
1119 1387 1284 1425 editione
1307 1394 1346 1425 et
1373 1389 1453 1426 Tu-

343 1453 436 1490 bero
459 1460 497 1490 et
521 1453 655 1490 Macer
682 1451 800 1488 libros
829 1451 967 1488 linteos
997 1458 1171 1488 auctores
1200 1452 1450 1503 profitentur:

343 1525 490 1560 neuter,
511 1517 685 1553 tribunos
706 1515 868 1552 militum
893 1528 939 1551 eo
961 1528 1062 1552 anno
1081 1515 1212 1560 fuisse,
1233 1517 1411 1554 traditum
1433 1530 1457 1554 ι

343 1580 590 1632 scriptoribus
610 1580 774 1629 antiquis
795 1579 1015 1616 dissimulat.
1044 1579 1197 1616 Licinio
1215 1579 1332 1617 libros
1352 1581 1454 1618 haud

343 1644 456 1681 dubie
472 1645 578 1694 sequi
593 1645 730 1681 linteos
760 1644 909 1694 placet:
943 1651 981 1680 et
1008 1643 1163 1681 Tubero
1191 1645 1356 1681 incertus
1375 1646 1455 1682 veri

343 1714 424 1745 est:
461 1709 526 1745 sed
562 1709 662 1745 inter
696 1715 836 1752 cetera,
871 1715 1062 1745 vetustate
1093 1709 1342 1760 incomperta,
1379 1711 1455 1749 hoc

344 1786 495 1822 quoque
514 1773 553 1810 in
568 1774 716 1810 incerto
736 1774 915 1824 positum.
962 1773 1211 1824 Trepidatum
1236 1775 1276 1810 in
1298 1774 1458 1812 Etruria

344 1843 403 1873 est
421 1844 508 1887 post
533 1837 694 1874 Fidenas
725 1844 869 1888 captaS,
886 1850 965 1875 non
984 1837 1208 1874 Veientibus
1237 1838 1359 1876 solum
1389 1853 1454 1877 ex-

344 1901 485 1936 territis
506 1908 609 1938 metu
628 1901 759 1938 similis
780 1902 931 1945 excidii,
953 1902 1018 1938 sed
1047 1903 1162 1939 etiam
1190 1902 1346 1939 Faliscis
1375 1917 1454 1941 mc-

345 1965 468 2000 moria
503 1965 588 2001 initi
619 1967 743 2015 primo
785 1979 871 2002 cum
904 1967 949 2002 iis
979 1965 1095 2011 belli3
1141 1979 1368 2016 quamquam
1397 1981 1456 2005 re-

345 2027 575 2065 bellantibus
602 2042 680 2065 non
710 2030 922 2067 adfuerant.
979 2030 1104 2079 Igitur
1123 2043 1238 2079 quum
1263 2032 1344 2068 duae
1364 2033 1456 2068 civi-

347 2100 458 2137 tates,
488 2093 623 2143 legatis
653 2096 753 2132 circa
781 2096 979 2132 duodecim
1001 2095 1162 2145 populos
1191 2098 1329 2140 missis,
1349 2098 1457 2149 inpe-

346 2164 525 2202 trassent,
555 2165 597 2195 ut
616 2160 660 2196 ad
681 2159 899 2196 Voltumnae
932 2160 1063 2196 fanum
1097 2161 1325 2198 indiceretur
1353 2164 1458 2200 omni

346 2221 509 2259 Etruriae
530 2223 758 2259 concilium:
791 2224 895 2260 velut
920 2237 1060 2273 magno
1089 2226 1177 2262 inde
1205 2226 1372 2263 tumultu
1399 2228 1458 2264 in·

348 2285 529 2330 minente,
551 2280 702 2323 senatus
717 2286 838 2325 Mam.
859 2286 1059 2326 AEmilium
1079 2289 1305 2327 dictatorem
1324 2291 1460 2327 iterum
