1573 2598
325 200 485 231 tumn
509 200 555 231 v.
586 198 695 229 cAr.
715 197 921 228 xxxvn.
1101 186 1186 243 385

68 293 230 343 dignum
265 299 360 337 erat,
375 325 377 327 ,
394 293 534 330 infensi
569 291 671 329 Galli
704 290 847 328 bellum
882 288 1079 341 propalam
1115 291 1185 327 mi·
1200 291 1241 321 U·
1254 290 1290 321 C·
1307 295 1391 322 ‹⁴36⁵-⁴

70 364 221 402 nantes,
241 358 290 394 ad
305 370 392 394 suos
412 357 582 394 redeunt.
637 355 801 392 Tribuni
825 354 988 391 militum
1008 367 1094 391 cum
1117 356 1186 391 tri·
1198 335 1240 366 Α·
1253 335 1290 367 C·
1306 340 1380 369 ³⁸⁷·

70 420 140 459 bus
160 421 287 459 Fabiis
315 421 432 458 creati
457 421 507 460 Q.
528 419 715 470 Sulpicius
734 418 910 468 Longus,
936 418 986 458 Q.
1006 418 1185 456 Servilius

65 492 260 535 quartum,
280 485 360 522 Ser.
379 484 580 522 Cornelius
599 483 891 533 Maluginensis.

123 549 341 588 XXXVII.
361 550 490 590 Quum
504 554 614 585 tanta
630 547 750 584 moles
771 547 862 584 mali
880 548 1056 591 instaret,
1074 548 1186 597 (adeo

66 613 240 653 obcaecat
264 614 411 651 animos
438 612 608 656 fortuna,
628 611 695 648 ubi
713 612 790 648 vim
812 624 919 648 suam
944 613 1186 661 ingruentem

67 678 226 727 refringi
254 691 334 715 non
358 676 456 725 vult)
478 677 625 719 civitas,
648 689 731 726 quae
761 676 936 713 adversus
962 676 1186 713 Fidenatem

65 754 112 778 ac
131 742 331 778 Veientem
356 741 508 778 hostem
529 741 702 789 aliosque
721 739 902 776 finitimos
929 740 1106 790 populos,
1128 739 1185 777 ul-

65 805 160 842 tima
175 805 373 856 experiens
389 804 549 848 auxilia,
570 804 796 841 dictatorem
821 803 950 839 multis
978 810 1185 854 tempesta-

65 869 168 907 tibus
201 870 359 906 dixisset
374 885 385 915 ;
418 881 478 906 ea-
494 877 601 913 tunc,
634 868 832 905 invisitato
865 874 980 917 atque
993 868 1185 908 ,inaudito

64 933 179 970 hoste
206 933 254 970 ab
282 934 444 970 Oceano
471 939 734 981 terrarumque
762 931 904 968 ultimis
932 933 1009 968 oris
1042 931 1184 969 bellum
1195 939 1371 981 Negligen-

61 997 204 1041 ciente,
223 997 320 1035 nihil
349 997 640 1034 extraordinarii
661 997 810 1047 imperi-i
835 1003 901 1033 aut
923 996 1054 1034 auxilii
1080 1010 1182 1047 quae-
1195 991 1382 1058 ζῗῃῖἰιᾚῖίἓῐ

0 1086 1 1092 1
60 1060 165 1098 sivit.
220 1060 397 1104 Tribuni,
419 1073 579 1110 quorum
604 1060 819 1096 temeritate
837 1059 979 1097 bellum
1006 1068 1180 1097 contrac-
1195 1070 1316 1102 Gallos.

63 1130 146 1162 tum
182 1131 278 1169 erat,
311 1137 467 1162 summae
503 1137 629 1161 rerum
664 1131 879 1175 praeerant:
920 1125 1185 1176 delectumque

62 1188 185 1226 nihilo
219 1189 511 1234 adcuratiorem,
542 1203 656 1239 quam
689 1191 737 1228 ad
765 1177 890 1228 media
918 1191 1020 1228 bella
1051 1191 1186 1229 haberi

62 1253 197 1291 solitus
216 1260 312 1298 erat,
336 1254 603 1303 (extenuantes
630 1255 747 1292 etiam
771 1255 914 1292 famam
935 1255 1044 1303 belli)
1066 1255 1184 1292 habe-

59 1319 169 1358 bant.
225 1318 386 1356 Interim
406 1319 522 1364 Galli,
542 1326 747 1371 postquam
769 1334 963 1372 accepere,
984 1320 1086 1358 ultro
1111 1321 1183 1358 ho-

58 1397 196 1422 norem
222 1384 397 1422 habitum
415 1384 664 1423 violatoribus
687 1385 787 1436 j-uris
817 1386 988 1430 humani,
1020 1385 1183 1424 elusam-

61 1462 136 1499 que
159 1448 394 1498 legationem
421 1461 528 1486 suam
551 1462 648 1494 esse,
669 1450 874 1501 flagrantes
897 1452 967 1494 ira,
989 1450 1096 1501 cujus
1122 1451 1182 1487 in-

59 1520 197 1564 potens
227 1520 284 1550 est
312 1525 420 1562 gens,
448 1514 652 1551 confestim
681 1516 799 1565 signis
829 1515 1033 1559 convulsis,
1061 1516 1181 1552 citato
1250 1564 1253 1566 Ι

59 1578 212 1626 agmine
237 1578 309 1614 iter
337 1578 614 1627 ingrediuntur.
669 1580 731 1617 Ad
758 1593 920 1630 quorum
947 1586 1179 1631 praetereun·
1192 1581 1333 1631 Romam

61 1642 158 1679 tium
181 1643 320 1693 raptim
344 1642 552 1680 tumultum
571 1656 687 1693 quum
706 1645 897 1682 exterritae
916 1645 1027 1682 urbes
1048 1644 1096 1681 ad
1119 1657 1180 1681 ar-
1192 1625 1373 1702 5222:ng-

60 1717 124 1742 ma
142 1715 424 1752 concurrerent,
444 1707 610 1758 fugaque
640 1710 847 1758 agrestium
872 1710 992 1753 fieret,
1013 1708 1182 1745 Romam

59 1782 100 1807 se
132 1771 201 1815 ire,
235 1783 376 1820 magno
406 1772 572 1809 clamore
606 1773 875 1823 significabant
892 1790 903 1819 ;
943 1784 1182 1823 quacumque

59 1833 182 1880 ibant,
203 1836 307 1885 equis
327 1836 491 1886 virisque
519 1836 635 1887 longe
664 1851 708 1874 ac
732 1838 809 1874 late
833 1838 920 1874 fuso
947 1838 1098 1887 agmine
1119 1837 1179 1873 in-

54 1911 231 1937 mensum
267 1900 484 1938 obtinentes
522 1901 610 1939 loci.
667 1902 755 1946 Sed,
794 1902 1042 1939 antecedente
1075 1900 1178 1936 fama

57 1965 281 2016 nunciisque
304 1965 564 2010 Clusinorum,
594 1966 771 2017 deinceps
800 1966 889 2003 inde
916 1965 1078 2002 aliorum
1105 1977 1176 2015 po-

46 2026 248 2079 pulorum,
277 2029 483 2082 plurimum
519 2031 674 2068 terroris
703 2030 872 2067 Romam
901 2029 1073 2067 celeritas
1102 2029 1175 2066 ho-

57 2092 174 2129 stium
200 2093 289 2130 tulit
306 2110 314 2130 :
346 2095 486 2145 quippe
505 2094 656 2144 quibuS,
677 2094 779 2131 velut
799 2094 1048 2131 tumultuario
1066 2105 1174 2130 exer·

55 2155 137 2192 citu
154 2157 291 2207 raptim
309 2158 438 2203 ducto,
459 2172 558 2208 aegre
580 2159 629 2196 ad
656 2159 895 2196 undecimum
919 2158 1083 2208 lapidem
1102 2157 1172 2195 ob-

53 2232 208 2256 cursum
234 2228 306 2266 est,
329 2236 405 2273 qua
430 2224 571 2262 flumen
597 2224 714 2268 Allia,
742 2224 998 2260 Crustuminis
1029 2221 1171 2258 monti-

57 2283 128 2320 bus
147 2283 304 2334 praealto
323 2287 488 2325 defluens
508 2289 632 2333 alveo,
652 2289 755 2326 haud
774 2287 935 2325 multum
954 2286 1055 2322 infra
1072 2286 1172 2325 viam

55 2347 241 2386 Tiberino
264 2351 367 2388 amni
393 2354 583 2394 miscetur.
639 2355 729 2393 Jam
751 2355 882 2393 omnia
900 2358 1035 2391 contra
1052 2352 1170 2390 circa-

109 2412 211 2452 Vor..
232 2413 262 2451 Ι.
642 2418 668 2454 S
