<?xml version="1.0" encoding="UTF-8"?>
<!DOCTYPE html PUBLIC "-//W3C//DTD XHTML 1.0 Transitional//EN"
    "http://www.w3.org/TR/xhtml1/DTD/xhtml1-transitional.dtd">
<html xmlns="http://www.w3.org/1999/xhtml" xml:lang="en" lang="en">
 <head>
  <title>
</title>
<meta http-equiv="Content-Type" content="text/html;charset=utf-8" />
  <meta name='ocr-system' content='tesseract 3.04.00' />
  <meta name='ocr-capabilities' content='ocr_page ocr_carea ocr_par ocr_line ocrx_word'/>
</head>
<body>
  <div class='ocr_page' id='page_1' title='image "./historiarumquaes01livyuoft/historiarumquaes01livyuoft_0334.png"; bbox 0 0 1573 2598; ppageno 0'>
   <div class='ocr_carea' id='block_1_1' title="bbox 98 574 282 651">
    <p class='ocr_par' dir='ltr' id='par_1_1' title="bbox 98 574 282 651">
     <span class='ocr_line' id='line_1_1' title="bbox 100 574 282 608; baseline 0.022 -4"><span class='ocrx_word' id='word_1_1' title='bbox 100 574 142 605; x_wconf 84' lang='lat' dir='ltr'>U.</span> <span class='ocrx_word' id='word_1_2' title='bbox 153 574 190 605; x_wconf 93' lang='lat' dir='ltr'>C.</span> <span class='ocrx_word' id='word_1_3' title='bbox 206 582 282 608; x_wconf 74' lang='lat' dir='ltr'>aas.</span> 
     </span>
     <span class='ocr_line' id='line_1_2' title="bbox 98 618 281 651; baseline 0.022 -4"><span class='ocrx_word' id='word_1_4' title='bbox 98 618 138 648; x_wconf 83' lang='grc' dir='ltr'>Α.</span> <span class='ocrx_word' id='word_1_5' title='bbox 153 618 190 649; x_wconf 88' lang='lat' dir='ltr'>C.</span> <span class='ocrx_word' id='word_1_6' title='bbox 205 626 281 651; x_wconf 79' lang='lat'>414.</span> 
     </span>
    </p>
   </div>
   <div class='ocr_carea' id='block_1_2' title="bbox 94 820 279 897">
    <p class='ocr_par' dir='ltr' id='par_1_2' title="bbox 94 820 279 897">
     <span class='ocr_line' id='line_1_3' title="bbox 96 820 279 857; baseline 0.011 -5"><span class='ocrx_word' id='word_1_7' title='bbox 96 820 139 853; x_wconf 85' lang='lat' dir='ltr'>U.</span> <span class='ocrx_word' id='word_1_8' title='bbox 152 821 188 852; x_wconf 91' lang='lat' dir='ltr'>C.</span> <span class='ocrx_word' id='word_1_9' title='bbox 205 829 279 857; x_wconf 78' lang='lat'><strong>839.</strong></span> 
     </span>
     <span class='ocr_line' id='line_1_4' title="bbox 94 864 278 897; baseline 0.016 -3"><span class='ocrx_word' id='word_1_10' title='bbox 94 864 136 895; x_wconf 90' lang='lat' dir='ltr'>A.</span> <span class='ocrx_word' id='word_1_11' title='bbox 149 864 187 896; x_wconf 88' lang='lat' dir='ltr'>C.</span> <span class='ocrx_word' id='word_1_12' title='bbox 204 872 278 897; x_wconf 77' lang='lat'>418.</span> 
     </span>
    </p>
   </div>
   <div class='ocr_carea' id='block_1_3' title="bbox 92 963 277 1091">
    <p class='ocr_par' dir='ltr' id='par_1_3' title="bbox 92 963 277 1091">
     <span class='ocr_line' id='line_1_5' title="bbox 93 963 260 997; baseline 0.006 -1"><span class='ocrx_word' id='word_1_13' title='bbox 93 963 260 997; x_wconf 85' lang='lat' dir='ltr'>Discordia</span> 
     </span>
     <span class='ocr_line' id='line_1_6' title="bbox 94 1016 277 1048; baseline 0.022 -11"><span class='ocrx_word' id='word_1_14' title='bbox 94 1016 134 1038; x_wconf 88' lang='lat' dir='ltr'>ex</span> <span class='ocrx_word' id='word_1_15' title='bbox 150 1017 277 1048; x_wconf 83' lang='lat' dir='ltr'>agrarus</span> 
     </span>
     <span class='ocr_line' id='line_1_7' title="bbox 92 1049 175 1091; baseline 0.012 -10"><span class='ocrx_word' id='word_1_16' title='bbox 92 1049 175 1091; x_wconf 85' lang='lat' dir='ltr'>legg.</span> 
     </span>
    </p>
   </div>
   <div class='ocr_carea' id='block_1_4' title="bbox 83 2056 275 2259">
    <p class='ocr_par' dir='ltr' id='par_1_4' title="bbox 83 2056 275 2259">
     <span class='ocr_line' id='line_1_8' title="bbox 85 2056 275 2096; baseline -0.005 -9"><span class='ocrx_word' id='word_1_17' title='bbox 85 2056 180 2096; x_wconf 83' lang='lat' dir='ltr'>Appii</span> <span class='ocrx_word' id='word_1_18' title='bbox 197 2065 275 2087; x_wconf 89' lang='lat' dir='ltr'>con-</span> 
     </span>
     <span class='ocr_line' id='line_1_9' title="bbox 83 2100 248 2130; baseline -0.006 0"><span class='ocrx_word' id='word_1_19' title='bbox 83 2100 194 2130; x_wconf 87' lang='lat' dir='ltr'>silium</span> <span class='ocrx_word' id='word_1_20' title='bbox 210 2101 248 2130; x_wconf 86' lang='lat' dir='ltr'>de</span> 
     </span>
     <span class='ocr_line' id='line_1_10' title="bbox 86 2144 233 2182; baseline 0 -10"><span class='ocrx_word' id='word_1_21' title='bbox 86 2144 233 2182; x_wconf 82' lang='lat' dir='ltr'>parandis</span> 
     </span>
     <span class='ocr_line' id='line_1_11' title="bbox 85 2187 270 2217; baseline 0.011 -2"><span class='ocrx_word' id='word_1_22' title='bbox 85 2187 270 2217; x_wconf 86' lang='lat' dir='ltr'>intercesso-</span> 
     </span>
     <span class='ocr_line' id='line_1_12' title="bbox 84 2228 182 2259; baseline 0.01 -1"><span class='ocrx_word' id='word_1_23' title='bbox 84 2228 182 2259; x_wconf 84' lang='lat' dir='ltr'>ribus.</span> 
     </span>
    </p>
   </div>
   <div class='ocr_carea' id='block_1_5' title="bbox 317 150 991 206">
    <p class='ocr_par' dir='ltr' id='par_1_5' title="bbox 317 150 991 206">
     <span class='ocr_line' id='line_1_13' title="bbox 317 150 991 206; baseline 0.004 -14"><span class='ocrx_word' id='word_1_24' title='bbox 317 150 400 206; x_wconf 83' lang='lat'>318</span> <span class='ocrx_word' id='word_1_25' title='bbox 788 165 834 193; x_wconf 84' lang='lat' dir='ltr'>T.</span> <span class='ocrx_word' id='word_1_26' title='bbox 857 166 991 195; x_wconf 78' lang='lat' dir='ltr'>L1v11</span> 
     </span>
    </p>
   </div>
   <div class='ocr_carea' id='block_1_6' title="bbox 311 245 1433 1135">
    <p class='ocr_par' dir='ltr' id='par_1_6' title="bbox 311 245 1433 1070">
     <span class='ocr_line' id='line_1_14' title="bbox 317 245 1433 302; baseline 0.006 -15"><span class='ocrx_word' id='word_1_27' title='bbox 317 258 420 295; x_wconf 85' lang='lat' dir='ltr'>tavo,</span> <span class='ocrx_word' id='word_1_28' title='bbox 441 263 553 301; x_wconf 92' lang='lat' dir='ltr'>quam</span> <span class='ocrx_word' id='word_1_29' title='bbox 573 257 718 289; x_wconf 82' lang='lat' dir='ltr'>creatus</span> <span class='ocrx_word' id='word_1_30' title='bbox 739 259 832 296; x_wconf 83' lang='lat' dir='ltr'>erat,</span> <span class='ocrx_word' id='word_1_31' title='bbox 850 254 1075 302; x_wconf 81' lang='lat' dir='ltr'>magistratu</span> <span class='ocrx_word' id='word_1_32' title='bbox 1095 266 1135 290; x_wconf 84' lang='lat' dir='ltr'>se</span> <span class='ocrx_word' id='word_1_33' title='bbox 1153 254 1362 302; x_wconf 78' lang='lat' dir='ltr'>abdicavit3</span> <span class='ocrx_word' id='word_1_34' title='bbox 1395 245 1433 294; x_wconf 70' lang='lat' dir='ltr'>et</span> 
     </span>
     <span class='ocr_line' id='line_1_15' title="bbox 316 317 1433 370; baseline 0.005 -20"><span class='ocrx_word' id='word_1_35' title='bbox 316 321 532 365; x_wconf 87' lang='lat' dir='ltr'>opportune</span> <span class='ocrx_word' id='word_1_36' title='bbox 577 321 744 359; x_wconf 86' lang='lat' dir='ltr'>senatus,</span> <span class='ocrx_word' id='word_1_37' title='bbox 781 318 1000 366; x_wconf 87' lang='lat' dir='ltr'>priusquam</span> <span class='ocrx_word' id='word_1_38' title='bbox 1043 317 1091 354; x_wconf 87' lang='lat' dir='ltr'>ab</span> <span class='ocrx_word' id='word_1_39' title='bbox 1131 318 1294 369; x_wconf 85' lang='lat' dir='ltr'>tribunis</span> <span class='ocrx_word' id='word_1_40' title='bbox 1332 320 1433 370; x_wconf 89' lang='lat' dir='ltr'>plebi</span> 
     </span>
     <span class='ocr_line' id='line_1_16' title="bbox 317 379 1432 431; baseline 0.004 -16"><span class='ocrx_word' id='word_1_41' title='bbox 317 379 474 427; x_wconf 80' lang='lat' dir='ltr'>agrariae</span> <span class='ocrx_word' id='word_1_42' title='bbox 503 379 720 423; x_wconf 81' lang='lat' dir='ltr'>seditiones,</span> <span class='ocrx_word' id='word_1_43' title='bbox 750 382 945 417; x_wconf 82' lang='lat' dir='ltr'>mentione</span> <span class='ocrx_word' id='word_1_44' title='bbox 974 381 1094 417; x_wconf 80' lang='lat' dir='ltr'>inlata</span> <span class='ocrx_word' id='word_1_45' title='bbox 1121 382 1168 418; x_wconf 89' lang='lat' dir='ltr'>de</span> <span class='ocrx_word' id='word_1_46' title='bbox 1196 395 1288 431; x_wconf 87' lang='lat' dir='ltr'>agro</span> <span class='ocrx_word' id='word_1_47' title='bbox 1316 383 1432 420; x_wconf 89' lang='lat' dir='ltr'>Lavi-</span> 
     </span>
     <span class='ocr_line' id='line_1_17' title="bbox 315 444 1433 495; baseline 0.005 -16"><span class='ocrx_word' id='word_1_48' title='bbox 315 456 412 480; x_wconf 88' lang='lat' dir='ltr'>cano</span> <span class='ocrx_word' id='word_1_49' title='bbox 442 444 657 487; x_wconf 86' lang='lat' dir='ltr'>dividendo,</span> <span class='ocrx_word' id='word_1_50' title='bbox 676 444 822 489; x_wconf 88' lang='lat' dir='ltr'>fierent,</span> <span class='ocrx_word' id='word_1_51' title='bbox 847 447 994 482; x_wconf 89' lang='lat' dir='ltr'>censuit</span> <span class='ocrx_word' id='word_1_52' title='bbox 1021 446 1217 495; x_wconf 86' lang='lat' dir='ltr'>frequens,</span> <span class='ocrx_word' id='word_1_53' title='bbox 1242 448 1433 485; x_wconf 84' lang='lat' dir='ltr'>coloniam</span> 
     </span>
     <span class='ocr_line' id='line_1_18' title="bbox 313 506 1433 561; baseline 0.004 -18"><span class='ocrx_word' id='word_1_54' title='bbox 313 506 476 544; x_wconf 83' lang='lat' dir='ltr'>Lavicos</span> <span class='ocrx_word' id='word_1_55' title='bbox 497 509 776 545; x_wconf 85' lang='lat' dir='ltr'>deducendam:</span> <span class='ocrx_word' id='word_1_56' title='bbox 808 510 934 546; x_wconf 87' lang='lat' dir='ltr'>coloni</span> <span class='ocrx_word' id='word_1_57' title='bbox 954 510 1000 546; x_wconf 85' lang='lat' dir='ltr'>ab</span> <span class='ocrx_word' id='word_1_58' title='bbox 1024 511 1116 547; x_wconf 86' lang='lat' dir='ltr'>urbe</span> <span class='ocrx_word' id='word_1_59' title='bbox 1135 511 1237 548; x_wconf 90' lang='lat' dir='ltr'>mille</span> <span class='ocrx_word' id='word_1_60' title='bbox 1258 518 1295 548; x_wconf 91' lang='lat' dir='ltr'>et</span> <span class='ocrx_word' id='word_1_61' title='bbox 1322 513 1433 561; x_wconf 73' lang='lat' dir='ltr'>quin—-</span> 
     </span>
     <span class='ocr_line' id='line_1_19' title="bbox 316 571 1430 624; baseline 0.004 -18"><span class='ocrx_word' id='word_1_62' title='bbox 316 571 420 619; x_wconf 89' lang='lat' dir='ltr'>genti</span> <span class='ocrx_word' id='word_1_63' title='bbox 439 572 545 607; x_wconf 86' lang='lat' dir='ltr'>missi</span> <span class='ocrx_word' id='word_1_64' title='bbox 561 571 652 608; x_wconf 88' lang='lat' dir='ltr'>bina</span> <span class='ocrx_word' id='word_1_65' title='bbox 663 571 802 621; x_wconf 87' lang='lat' dir='ltr'>jugera</span> <span class='ocrx_word' id='word_1_66' title='bbox 820 580 1058 623; x_wconf 87' lang='lat' dir='ltr'>acceperunt.</span> <span class='ocrx_word' id='word_1_67' title='bbox 1113 575 1245 624; x_wconf 85' lang='lat' dir='ltr'>Captis</span> <span class='ocrx_word' id='word_1_68' title='bbox 1265 575 1430 619; x_wconf 82' lang='lat' dir='ltr'>Lavicis,</span> 
     </span>
     <span class='ocr_line' id='line_1_20' title="bbox 315 636 1432 688; baseline 0.004 -17"><span class='ocrx_word' id='word_1_69' title='bbox 315 648 358 671; x_wconf 83' lang='lat' dir='ltr'>ac</span> <span class='ocrx_word' id='word_1_70' title='bbox 388 636 523 673; x_wconf 88' lang='lat' dir='ltr'>deinde</span> <span class='ocrx_word' id='word_1_71' title='bbox 553 636 712 673; x_wconf 83' lang='lat' dir='ltr'>tribunis</span> <span class='ocrx_word' id='word_1_72' title='bbox 742 637 905 674; x_wconf 88' lang='lat' dir='ltr'>militum</span> <span class='ocrx_word' id='word_1_73' title='bbox 935 637 1124 674; x_wconf 85' lang='lat' dir='ltr'>consulari</span> <span class='ocrx_word' id='word_1_74' title='bbox 1152 645 1357 688; x_wconf 79' lang='lat' dir='ltr'>potestate,</span> <span class='ocrx_word' id='word_1_75' title='bbox 1376 641 1432 676; x_wconf 88' lang='lat' dir='ltr'>A-</span> 
     </span>
     <span class='ocr_line' id='line_1_21' title="bbox 315 700 1433 750; baseline 0.004 -15"><span class='ocrx_word' id='word_1_76' title='bbox 315 700 453 750; x_wconf 81' lang='lat' dir='ltr'>grippa·</span> <span class='ocrx_word' id='word_1_77' title='bbox 476 700 660 737; x_wconf 90' lang='lat' dir='ltr'>Menenio</span> <span class='ocrx_word' id='word_1_78' title='bbox 689 701 855 745; x_wconf 87' lang='lat' dir='ltr'>Lanato,</span> <span class='ocrx_word' id='word_1_79' title='bbox 877 708 914 738; x_wconf 88' lang='lat' dir='ltr'>et</span> <span class='ocrx_word' id='word_1_80' title='bbox 941 701 988 738; x_wconf 90' lang='lat' dir='ltr'>L.</span> <span class='ocrx_word' id='word_1_81' title='bbox 1010 702 1169 739; x_wconf 89' lang='lat' dir='ltr'>Servilio</span> <span class='ocrx_word' id='word_1_82' title='bbox 1199 704 1367 747; x_wconf 83' lang='lat' dir='ltr'>Structo,</span> <span class='ocrx_word' id='word_1_83' title='bbox 1395 710 1433 740; x_wconf 88' lang='lat' dir='ltr'>et</span> 
     </span>
     <span class='ocr_line' id='line_1_22' title="bbox 312 753 1430 818; baseline 0.004 -19"><span class='ocrx_word' id='word_1_84' title='bbox 312 763 357 799; x_wconf 83' lang='lat' dir='ltr'>P.</span> <span class='ocrx_word' id='word_1_85' title='bbox 375 763 558 800; x_wconf 88' lang='lat' dir='ltr'>Lucretio</span> <span class='ocrx_word' id='word_1_86' title='bbox 583 753 826 815; x_wconf 84' lang='lat' dir='ltr'>Tricipitino,</span> <span class='ocrx_word' id='word_1_87' title='bbox 847 766 984 802; x_wconf 81' lang='lat' dir='ltr'>iterum</span> <span class='ocrx_word' id='word_1_88' title='bbox 1007 766 1183 802; x_wconf 91' lang='lat' dir='ltr'>omnibus</span> <span class='ocrx_word' id='word_1_89' title='bbox 1203 766 1276 809; x_wconf 89' lang='lat' dir='ltr'>his,</span> <span class='ocrx_word' id='word_1_90' title='bbox 1298 773 1336 803; x_wconf 88' lang='lat' dir='ltr'>et</span> <span class='ocrx_word' id='word_1_91' title='bbox 1365 768 1430 818; x_wconf 87' lang='lat' dir='ltr'>Sp.</span> 
     </span>
     <span class='ocr_line' id='line_1_23' title="bbox 312 826 1430 881; baseline 0.004 -18"><span class='ocrx_word' id='word_1_92' title='bbox 312 826 466 864; x_wconf 86' lang='lat' dir='ltr'>Rutilio</span> <span class='ocrx_word' id='word_1_93' title='bbox 493 829 645 871; x_wconf 80' lang='lat' dir='ltr'>Crasso,</span> <span class='ocrx_word' id='word_1_94' title='bbox 674 835 712 865; x_wconf 91' lang='lat' dir='ltr'>et</span> <span class='ocrx_word' id='word_1_95' title='bbox 739 829 961 879; x_wconf 85' lang='lat' dir='ltr'>insequente</span> <span class='ocrx_word' id='word_1_96' title='bbox 994 843 1095 866; x_wconf 85' lang='lat' dir='ltr'>anno</span> <span class='ocrx_word' id='word_1_97' title='bbox 1124 831 1172 867; x_wconf 92' lang='lat' dir='ltr'>A.</span> <span class='ocrx_word' id='word_1_98' title='bbox 1204 831 1430 881; x_wconf 80' lang='lat' dir='ltr'>Sempronio</span> 
     </span>
     <span class='ocr_line' id='line_1_24' title="bbox 311 892 1430 944; baseline 0.003 -16"><span class='ocrx_word' id='word_1_99' title='bbox 311 892 493 929; x_wconf 86' lang='lat' dir='ltr'>Atratino</span> <span class='ocrx_word' id='word_1_100' title='bbox 512 894 680 936; x_wconf 84' lang='lat' dir='ltr'>tertium,</span> <span class='ocrx_word' id='word_1_101' title='bbox 701 901 741 929; x_wconf 81' lang='lat' dir='ltr'>et:</span> <span class='ocrx_word' id='word_1_102' title='bbox 758 893 905 929; x_wconf 87' lang='lat' dir='ltr'>duobus</span> <span class='ocrx_word' id='word_1_103' title='bbox 923 894 1061 930; x_wconf 66' lang='lat' dir='ltr'>itetum</span> <span class='ocrx_word' id='word_1_104' title='bbox 1078 893 1136 930; x_wconf 90' lang='grc' dir='ltr'>Μ.</span> <span class='ocrx_word' id='word_1_105' title='bbox 1155 894 1310 944; x_wconf 87' lang='lat' dir='ltr'>Papirio</span> <span class='ocrx_word' id='word_1_106' title='bbox 1338 894 1430 932; x_wconf 76' lang='lat' dir='ltr'>Mu-</span> 
     </span>
     <span class='ocr_line' id='line_1_25' title="bbox 314 947 1430 1007; baseline 0.002 -14"><span class='ocrx_word' id='word_1_107' title='bbox 314 956 471 1005; x_wconf 81' lang='lat' dir='ltr'>gillano,</span> <span class='ocrx_word' id='word_1_108' title='bbox 495 962 534 993; x_wconf 86' lang='lat' dir='ltr'>et</span> <span class='ocrx_word' id='word_1_109' title='bbox 562 957 626 1006; x_wconf 89' lang='lat' dir='ltr'>Sp.</span> <span class='ocrx_word' id='word_1_110' title='bbox 645 956 792 993; x_wconf 86' lang='lat' dir='ltr'>Nautio</span> <span class='ocrx_word' id='word_1_111' title='bbox 821 956 971 1000; x_wconf 81' lang='lat' dir='ltr'>Rutilo,</span> <span class='ocrx_word' id='word_1_112' title='bbox 991 956 1188 993; x_wconf 85' lang='lat' dir='ltr'>biennium</span> <span class='ocrx_word' id='word_1_113' title='bbox 1216 947 1430 1007; x_wconf 56' lang='lat' dir='ltr'>tranquillae</span> 
     </span>
     <span class='ocr_line' id='line_1_26' title="bbox 313 1020 1413 1070; baseline 0.002 -12"><span class='ocrx_word' id='word_1_114' title='bbox 313 1026 478 1058; x_wconf 73' lang='lat' dir='ltr'>externae</span> <span class='ocrx_word' id='word_1_115' title='bbox 497 1032 570 1063; x_wconf 89' lang='lat' dir='ltr'>res,</span> <span class='ocrx_word' id='word_1_116' title='bbox 588 1020 775 1057; x_wconf 82' lang='lat' dir='ltr'>discordia</span> <span class='ocrx_word' id='word_1_117' title='bbox 792 1021 895 1057; x_wconf 91' lang='lat' dir='ltr'>domi</span> <span class='ocrx_word' id='word_1_118' title='bbox 915 1033 960 1057; x_wconf 88' lang='lat' dir='ltr'>ex</span> <span class='ocrx_word' id='word_1_119' title='bbox 983 1022 1138 1070; x_wconf 85' lang='lat' dir='ltr'>agrariis</span> <span class='ocrx_word' id='word_1_120' title='bbox 1158 1020 1309 1070; x_wconf 84' lang='lat' dir='ltr'>legibus</span> <span class='ocrx_word' id='word_1_121' title='bbox 1317 1021 1413 1063; x_wconf 57' lang='lat' dir='ltr'>fuit„</span> 
     </span>
    </p>

    <p class='ocr_par' dir='ltr' id='par_1_7' title="bbox 339 1083 1428 1135">
     <span class='ocr_line' id='line_1_27' title="bbox 339 1083 1428 1135; baseline 0.005 -17"><span class='ocrx_word' id='word_1_122' title='bbox 339 1116 341 1118; x_wconf 78' lang='grc'>,</span> <span class='ocrx_word' id='word_1_123' title='bbox 364 1083 555 1122; x_wconf 88' lang='lat' dir='ltr'>XLVIII.</span> <span class='ocrx_word' id='word_1_124' title='bbox 585 1083 818 1121; x_wconf 86' lang='lat' dir='ltr'>Turbatores</span> <span class='ocrx_word' id='word_1_125' title='bbox 837 1084 942 1134; x_wconf 88' lang='lat' dir='ltr'>vulgi</span> <span class='ocrx_word' id='word_1_126' title='bbox 961 1091 1071 1121; x_wconf 88' lang='lat' dir='ltr'>erant</span> <span class='ocrx_word' id='word_1_127' title='bbox 1090 1085 1215 1135; x_wconf 89' lang='lat' dir='ltr'>Spurii</span> <span class='ocrx_word' id='word_1_128' title='bbox 1240 1085 1428 1124; x_wconf 81' lang='lat' dir='ltr'>Maecilius</span> 
     </span>
    </p>
   </div>
   <div class='ocr_carea' id='block_1_7' title="bbox 308 1148 1437 1200">
    <p class='ocr_par' dir='ltr' id='par_1_8' title="bbox 308 1148 1437 1200">
     <span class='ocr_line' id='line_1_28' title="bbox 308 1148 1437 1200; baseline 0.002 -14"><span class='ocrx_word' id='word_1_129' title='bbox 308 1155 488 1199; x_wconf 82' lang='lat' dir='ltr'>quartum</span> <span class='ocrx_word' id='word_1_130' title='bbox 518 1155 558 1185; x_wconf 82' lang='lat' dir='ltr'>et</span> <span class='ocrx_word' id='word_1_131' title='bbox 586 1148 759 1185; x_wconf 89' lang='lat' dir='ltr'>Metilius</span> <span class='ocrx_word' id='word_1_132' title='bbox 789 1150 945 1185; x_wconf 82' lang='lat' dir='ltr'>tertium</span> <span class='ocrx_word' id='word_1_133' title='bbox 974 1150 1121 1186; x_wconf 87' lang='lat' dir='ltr'>tribuni</span> <span class='ocrx_word' id='word_1_134' title='bbox 1149 1149 1285 1200; x_wconf 90' lang='lat' dir='ltr'>plebis,</span> <span class='ocrx_word' id='word_1_135' title='bbox 1315 1150 1437 1188; x_wconf 81' lang='lat' dir='ltr'>ambo</span> 
     </span>
    </p>
   </div>
   <div class='ocr_carea' id='block_1_8' title="bbox 298 1213 1431 2352">
    <p class='ocr_par' dir='ltr' id='par_1_9' title="bbox 298 1213 1431 2352">
     <span class='ocr_line' id='line_1_29' title="bbox 307 1213 1431 1264; baseline 0.001 -14"><span class='ocrx_word' id='word_1_136' title='bbox 307 1213 482 1250; x_wconf 87' lang='lat' dir='ltr'>absentes</span> <span class='ocrx_word' id='word_1_137' title='bbox 502 1213 638 1249; x_wconf 86' lang='lat' dir='ltr'>creati:</span> <span class='ocrx_word' id='word_1_138' title='bbox 663 1219 701 1249; x_wconf 86' lang='lat' dir='ltr'>et</span> <span class='ocrx_word' id='word_1_139' title='bbox 716 1225 831 1262; x_wconf 88' lang='lat' dir='ltr'>quum</span> <span class='ocrx_word' id='word_1_140' title='bbox 846 1214 1086 1263; x_wconf 87' lang='lat' dir='ltr'>rogationem</span> <span class='ocrx_word' id='word_1_141' title='bbox 1105 1213 1431 1264; x_wconf 73' lang='lat' dir='ltr'>promulgassent,</span> 
     </span>
     <span class='ocr_line' id='line_1_30' title="bbox 305 1276 1428 1328; baseline 0.001 -15"><span class='ocrx_word' id='word_1_142' title='bbox 305 1283 348 1313; x_wconf 89' lang='lat' dir='ltr'>ut</span> <span class='ocrx_word' id='word_1_143' title='bbox 367 1290 457 1326; x_wconf 86' lang='lat' dir='ltr'>ager</span> <span class='ocrx_word' id='word_1_144' title='bbox 475 1290 521 1314; x_wconf 86' lang='lat' dir='ltr'>ex</span> <span class='ocrx_word' id='word_1_145' title='bbox 540 1276 714 1313; x_wconf 85' lang='lat' dir='ltr'>hostibus</span> <span class='ocrx_word' id='word_1_146' title='bbox 741 1283 873 1328; x_wconf 85' lang='lat' dir='ltr'>captus</span> <span class='ocrx_word' id='word_1_147' title='bbox 894 1279 1037 1315; x_wconf 76' lang='lat' dir='ltr'>viritim</span> <span class='ocrx_word' id='word_1_148' title='bbox 1058 1278 1298 1321; x_wconf 85' lang='lat' dir='ltr'>divideretur,</span> <span class='ocrx_word' id='word_1_149' title='bbox 1319 1291 1428 1327; x_wconf 86' lang='lat' dir='ltr'>mag-</span> 
     </span>
     <span class='ocr_line' id='line_1_31' title="bbox 304 1339 1428 1392; baseline 0 -14"><span class='ocrx_word' id='word_1_150' title='bbox 304 1353 439 1390; x_wconf 83' lang='lat' dir='ltr'>naeque</span> <span class='ocrx_word' id='word_1_151' title='bbox 471 1340 588 1390; x_wconf 86' lang='lat' dir='ltr'>partis</span> <span class='ocrx_word' id='word_1_152' title='bbox 622 1339 809 1376; x_wconf 90' lang='lat' dir='ltr'>nobilium</span> <span class='ocrx_word' id='word_1_153' title='bbox 838 1354 884 1377; x_wconf 89' lang='lat' dir='ltr'>eo</span> <span class='ocrx_word' id='word_1_154' title='bbox 912 1340 1118 1391; x_wconf 74' lang='lat' dir='ltr'>plebiscito</span> <span class='ocrx_word' id='word_1_155' title='bbox 1143 1341 1428 1392; x_wconf 71' lang='lat' dir='ltr'>publicarentur</span> 
     </span>
     <span class='ocr_line' id='line_1_32' title="bbox 303 1404 1428 1454; baseline 0 -12"><span class='ocrx_word' id='word_1_156' title='bbox 303 1404 468 1442; x_wconf 76' lang='lat' dir='ltr'>fortunae</span> <span class='ocrx_word' id='word_1_157' title='bbox 479 1420 489 1450; x_wconf 82' lang='lat'>3</span> <span class='ocrx_word' id='word_1_158' title='bbox 515 1405 602 1452; x_wconf 83' lang='lat' dir='ltr'>(nec</span> <span class='ocrx_word' id='word_1_159' title='bbox 622 1404 723 1440; x_wconf 90' lang='lat' dir='ltr'>enim</span> <span class='ocrx_word' id='word_1_160' title='bbox 741 1404 861 1441; x_wconf 88' lang='lat' dir='ltr'>ferme</span> <span class='ocrx_word' id='word_1_161' title='bbox 880 1405 1086 1454; x_wconf 86' lang='lat' dir='ltr'>quidquam</span> <span class='ocrx_word' id='word_1_162' title='bbox 1105 1406 1200 1454; x_wconf 86' lang='lat' dir='ltr'>agri,</span> <span class='ocrx_word' id='word_1_163' title='bbox 1217 1411 1260 1441; x_wconf 88' lang='lat' dir='ltr'>ut</span> <span class='ocrx_word' id='word_1_164' title='bbox 1279 1405 1321 1442; x_wconf 79' lang='lat' dir='ltr'>in</span> <span class='ocrx_word' id='word_1_165' title='bbox 1336 1405 1428 1442; x_wconf 86' lang='lat' dir='ltr'>urbe</span> 
     </span>
     <span class='ocr_line' id='line_1_33' title="bbox 303 1467 1424 1519; baseline 0.001 -14"><span class='ocrx_word' id='word_1_166' title='bbox 303 1469 430 1506; x_wconf 83' lang='lat' dir='ltr'>alieno</span> <span class='ocrx_word' id='word_1_167' title='bbox 462 1467 545 1506; x_wconf 90' lang='lat' dir='ltr'>solo</span> <span class='ocrx_word' id='word_1_168' title='bbox 578 1469 718 1519; x_wconf 84' lang='lat' dir='ltr'>posita,</span> <span class='ocrx_word' id='word_1_169' title='bbox 749 1482 829 1505; x_wconf 91' lang='lat' dir='ltr'>non</span> <span class='ocrx_word' id='word_1_170' title='bbox 863 1470 976 1506; x_wconf 88' lang='lat' dir='ltr'>armis</span> <span class='ocrx_word' id='word_1_171' title='bbox 1007 1475 1160 1519; x_wconf 87' lang='lat' dir='ltr'>partum</span> <span class='ocrx_word' id='word_1_172' title='bbox 1193 1475 1297 1515; x_wconf 81' lang='lat' dir='ltr'>erat3</span> <span class='ocrx_word' id='word_1_173' title='bbox 1339 1482 1424 1514; x_wconf 85' lang='lat' dir='ltr'>nee,</span> 
     </span>
     <span class='ocr_line' id='line_1_34' title="bbox 302 1533 1425 1584; baseline 0 -14"><span class='ocrx_word' id='word_1_174' title='bbox 302 1534 403 1583; x_wconf 90' lang='lat' dir='ltr'>quod</span> <span class='ocrx_word' id='word_1_175' title='bbox 433 1535 598 1570; x_wconf 87' lang='lat' dir='ltr'>venisset</span> <span class='ocrx_word' id='word_1_176' title='bbox 626 1534 913 1582; x_wconf 81' lang='lat' dir='ltr'>adsignatumve</span> <span class='ocrx_word' id='word_1_177' title='bbox 942 1533 1093 1584; x_wconf 90' lang='lat' dir='ltr'>publice</span> <span class='ocrx_word' id='word_1_178' title='bbox 1125 1540 1239 1577; x_wconf 88' lang='lat' dir='ltr'>esset,</span> <span class='ocrx_word' id='word_1_179' title='bbox 1268 1540 1425 1584; x_wconf 86' lang='lat' dir='ltr'>praeter-</span> 
     </span>
     <span class='ocr_line' id='line_1_35' title="bbox 303 1597 1424 1649; baseline 0.001 -16"><span class='ocrx_word' id='word_1_180' title='bbox 303 1610 417 1647; x_wconf 89' lang='lat' dir='ltr'>quam</span> <span class='ocrx_word' id='word_1_181' title='bbox 435 1597 541 1647; x_wconf 90' lang='lat' dir='ltr'>plebs</span> <span class='ocrx_word' id='word_1_182' title='bbox 564 1597 748 1645; x_wconf 84' lang='lat' dir='ltr'>habebat)</span> <span class='ocrx_word' id='word_1_183' title='bbox 780 1604 893 1635; x_wconf 76' lang='lat' dir='ltr'>atrox</span> <span class='ocrx_word' id='word_1_184' title='bbox 919 1597 1022 1649; x_wconf 85' lang='lat' dir='ltr'>plebi</span> <span class='ocrx_word' id='word_1_185' title='bbox 1051 1598 1306 1647; x_wconf 86' lang='lat' dir='ltr'>Patribusque</span> <span class='ocrx_word' id='word_1_186' title='bbox 1333 1611 1424 1648; x_wconf 85' lang='lat' dir='ltr'>pro-</span> 
     </span>
     <span class='ocr_line' id='line_1_36' title="bbox 302 1661 1423 1712; baseline 0 -14"><span class='ocrx_word' id='word_1_187' title='bbox 302 1661 470 1712; x_wconf 86' lang='lat' dir='ltr'>positum</span> <span class='ocrx_word' id='word_1_188' title='bbox 492 1661 690 1699; x_wconf 75' lang='lat' dir='ltr'>videbatur</span> <span class='ocrx_word' id='word_1_189' title='bbox 718 1668 937 1700; x_wconf 72' lang='lat' dir='ltr'>certamen:</span> <span class='ocrx_word' id='word_1_190' title='bbox 973 1674 1042 1698; x_wconf 89' lang='lat' dir='ltr'>nec</span> <span class='ocrx_word' id='word_1_191' title='bbox 1071 1661 1216 1699; x_wconf 83' lang='lat' dir='ltr'>tribuni</span> <span class='ocrx_word' id='word_1_192' title='bbox 1245 1661 1423 1705; x_wconf 85' lang='lat' dir='ltr'>militum,</span> 
     </span>
     <span class='ocr_line' id='line_1_37' title="bbox 301 1725 1423 1776; baseline 0 -15"><span class='ocrx_word' id='word_1_193' title='bbox 301 1738 404 1762; x_wconf 87' lang='lat' dir='ltr'>nunc</span> <span class='ocrx_word' id='word_1_194' title='bbox 422 1726 462 1761; x_wconf 92' lang='lat' dir='ltr'>in</span> <span class='ocrx_word' id='word_1_195' title='bbox 482 1731 629 1768; x_wconf 83' lang='lat' dir='ltr'>senatu,</span> <span class='ocrx_word' id='word_1_196' title='bbox 649 1738 750 1762; x_wconf 88' lang='lat' dir='ltr'>nunc</span> <span class='ocrx_word' id='word_1_197' title='bbox 770 1726 808 1761; x_wconf 90' lang='lat' dir='ltr'>in</span> <span class='ocrx_word' id='word_1_198' title='bbox 830 1725 1000 1762; x_wconf 84' lang='lat' dir='ltr'>conciliis</span> <span class='ocrx_word' id='word_1_199' title='bbox 1023 1726 1180 1775; x_wconf 84' lang='lat' dir='ltr'>privatis</span> <span class='ocrx_word' id='word_1_200' title='bbox 1210 1725 1423 1776; x_wconf 83' lang='lat' dir='ltr'>principum</span> 
     </span>
     <span class='ocr_line' id='line_1_38' title="bbox 302 1789 1423 1840; baseline 0.002 -15"><span class='ocrx_word' id='word_1_201' title='bbox 302 1789 498 1838; x_wconf 87' lang='lat' dir='ltr'>cogendis,</span> <span class='ocrx_word' id='word_1_202' title='bbox 536 1789 635 1825; x_wconf 86' lang='lat' dir='ltr'>viam</span> <span class='ocrx_word' id='word_1_203' title='bbox 675 1789 824 1825; x_wconf 88' lang='lat' dir='ltr'>consilii</span> <span class='ocrx_word' id='word_1_204' title='bbox 867 1789 1140 1834; x_wconf 80' lang='lat' dir='ltr'>inveniebant3</span> <span class='ocrx_word' id='word_1_205' title='bbox 1190 1802 1305 1838; x_wconf 85' lang='lat' dir='ltr'>quum</span> <span class='ocrx_word' id='word_1_206' title='bbox 1348 1790 1423 1840; x_wconf 88' lang='lat' dir='ltr'>Ap.</span> 
     </span>
     <span class='ocr_line' id='line_1_39' title="bbox 303 1852 1422 1904; baseline -0.001 -15"><span class='ocrx_word' id='word_1_207' title='bbox 303 1852 498 1896; x_wconf 86' lang='lat' dir='ltr'>Claudius,</span> <span class='ocrx_word' id='word_1_208' title='bbox 519 1866 637 1904; x_wconf 89' lang='lat' dir='ltr'>nepos</span> <span class='ocrx_word' id='word_1_209' title='bbox 661 1853 756 1903; x_wconf 86' lang='lat' dir='ltr'>ejus,</span> <span class='ocrx_word' id='word_1_210' title='bbox 777 1854 841 1902; x_wconf 88' lang='lat' dir='ltr'>qui</span> <span class='ocrx_word' id='word_1_211' title='bbox 867 1853 1054 1889; x_wconf 84' lang='lat' dir='ltr'>decemvir</span> <span class='ocrx_word' id='word_1_212' title='bbox 1078 1853 1225 1902; x_wconf 87' lang='lat' dir='ltr'>legibus</span> <span class='ocrx_word' id='word_1_213' title='bbox 1253 1853 1422 1889; x_wconf 83' lang='lat' dir='ltr'>scriben-</span> 
     </span>
     <span class='ocr_line' id='line_1_40' title="bbox 301 1916 1423 1959; baseline 0 -7"><span class='ocrx_word' id='word_1_214' title='bbox 301 1916 355 1953; x_wconf 88' lang='lat' dir='ltr'>dis</span> <span class='ocrx_word' id='word_1_215' title='bbox 375 1917 512 1959; x_wconf 81' lang='lat' dir='ltr'>fuerat,</span> <span class='ocrx_word' id='word_1_216' title='bbox 533 1917 710 1953; x_wconf 82' lang='lat' dir='ltr'>minimus</span> <span class='ocrx_word' id='word_1_217' title='bbox 731 1923 824 1952; x_wconf 85' lang='lat' dir='ltr'>natu</span> <span class='ocrx_word' id='word_1_218' title='bbox 843 1929 890 1953; x_wconf 85' lang='lat' dir='ltr'>ex</span> <span class='ocrx_word' id='word_1_219' title='bbox 910 1917 1066 1953; x_wconf 77' lang='lat' dir='ltr'>Pati-um</span> <span class='ocrx_word' id='word_1_220' title='bbox 1087 1916 1266 1959; x_wconf 87' lang='lat' dir='ltr'>concilio,</span> <span class='ocrx_word' id='word_1_221' title='bbox 1283 1916 1423 1952; x_wconf 86' lang='lat' dir='ltr'>dicitur</span> 
     </span>
     <span class='ocr_line' id='line_1_41' title="bbox 301 1979 1422 2029; baseline -0.001 -13"><span class='ocrx_word' id='word_1_222' title='bbox 301 1981 454 2023; x_wconf 86' lang='lat' dir='ltr'>dixisse,</span> <span class='ocrx_word' id='word_1_223' title='bbox 481 1981 586 2017; x_wconf 80' lang='lat' dir='ltr'>Vetus</span> <span class='ocrx_word' id='word_1_224' title='bbox 602 1993 638 2017; x_wconf 84' lang='lat' dir='ltr'>se</span> <span class='ocrx_word' id='word_1_225' title='bbox 656 1981 900 2029; x_wconf 73' lang='lat' dir='ltr'>acfamiliare</span> <span class='ocrx_word' id='word_1_226' title='bbox 919 1982 1104 2017; x_wconf 75' lang='lat' dir='ltr'>consilium</span> <span class='ocrx_word' id='word_1_227' title='bbox 1123 1982 1226 2016; x_wconf 77' lang='lat' dir='ltr'>domo</span> <span class='ocrx_word' id='word_1_228' title='bbox 1253 1979 1422 2028; x_wconf 62' lang='lat' dir='ltr'>adferre:</span> 
     </span>
     <span class='ocr_line' id='line_1_42' title="bbox 298 2045 1421 2095; baseline 0 -14"><span class='ocrx_word' id='word_1_229' title='bbox 298 2057 474 2095; x_wconf 81' lang='lat' dir='ltr'>proavum</span> <span class='ocrx_word' id='word_1_230' title='bbox 498 2046 590 2082; x_wconf 77' lang='lat' dir='ltr'>enim</span> <span class='ocrx_word' id='word_1_231' title='bbox 613 2057 717 2080; x_wconf 83' lang='lat' dir='ltr'>suum</span> <span class='ocrx_word' id='word_1_232' title='bbox 735 2046 806 2093; x_wconf 83' lang='lat' dir='ltr'>Ap.</span> <span class='ocrx_word' id='word_1_233' title='bbox 829 2045 1022 2081; x_wconf 83' lang='lat' dir='ltr'>Claudium</span> <span class='ocrx_word' id='word_1_234' title='bbox 1044 2046 1231 2081; x_wconf 79' lang='lat' dir='ltr'>ostendisse</span> <span class='ocrx_word' id='word_1_235' title='bbox 1251 2045 1421 2081; x_wconf 81' lang='lat' dir='ltr'>Patribus</span> 
     </span>
     <span class='ocr_line' id='line_1_43' title="bbox 302 2109 1419 2156; baseline -0.002 -10"><span class='ocrx_word' id='word_1_236' title='bbox 302 2112 397 2146; x_wconf 73' lang='lat' dir='ltr'>viam</span> <span class='ocrx_word' id='word_1_237' title='bbox 415 2121 523 2146; x_wconf 82' lang='lat' dir='ltr'>unam</span> <span class='ocrx_word' id='word_1_238' title='bbox 543 2109 768 2145; x_wconf 69' lang='lat' dir='ltr'>dissolvendae</span> <span class='ocrx_word' id='word_1_239' title='bbox 790 2109 983 2147; x_wconf 70' lang='lat' dir='ltr'>tribuniciae</span> <span class='ocrx_word' id='word_1_240' title='bbox 1007 2111 1194 2156; x_wconf 72' lang='lat' dir='ltr'>potestatis</span> <span class='ocrx_word' id='word_1_241' title='bbox 1218 2121 1284 2156; x_wconf 74' lang='lat' dir='ltr'>per</span> <span class='ocrx_word' id='word_1_242' title='bbox 1312 2109 1419 2144; x_wconf 82' lang='lat' dir='ltr'>colle-</span> 
     </span>
     <span class='ocr_line' id='line_1_44' title="bbox 300 2174 1419 2221; baseline 0.001 -12"><span class='ocrx_word' id='word_1_243' title='bbox 300 2186 428 2221; x_wconf 80' lang='lat' dir='ltr'>garum</span> <span class='ocrx_word' id='word_1_244' title='bbox 453 2175 743 2210; x_wconf 78' lang='lat' dir='ltr'>intercessionem.</span> <span class='ocrx_word' id='word_1_245' title='bbox 799 2174 917 2210; x_wconf 70' lang='lat' dir='ltr'>Facile</span> <span class='ocrx_word' id='word_1_246' title='bbox 944 2174 1098 2210; x_wconf 74' lang='lat' dir='ltr'>homines</span> <span class='ocrx_word' id='word_1_247' title='bbox 1127 2186 1231 2210; x_wconf 80' lang='lat' dir='ltr'>novos</span> <span class='ocrx_word' id='word_1_248' title='bbox 1260 2176 1419 2210; x_wconf 69' lang='lat' dir='ltr'>auctori-</span> 
     </span>
     <span class='ocr_line' id='line_1_45' title="bbox 303 2238 1417 2286; baseline 0 -13"><span class='ocrx_word' id='word_1_249' title='bbox 303 2243 377 2273; x_wconf 70' lang='lat' dir='ltr'>tate</span> <span class='ocrx_word' id='word_1_250' title='bbox 392 2239 594 2286; x_wconf 76' lang='lat' dir='ltr'>principum</span> <span class='ocrx_word' id='word_1_251' title='bbox 614 2238 658 2274; x_wconf 82' lang='lat' dir='ltr'>de</span> <span class='ocrx_word' id='word_1_252' title='bbox 677 2239 850 2274; x_wconf 76' lang='lat' dir='ltr'>sententia</span> <span class='ocrx_word' id='word_1_253' title='bbox 874 2238 1013 2279; x_wconf 70' lang='lat' dir='ltr'>deduci,</span> <span class='ocrx_word' id='word_1_254' title='bbox 1033 2239 1063 2273; x_wconf 79' lang='lat' dir='ltr'>si</span> <span class='ocrx_word' id='word_1_255' title='bbox 1089 2242 1282 2286; x_wconf 80' lang='lat' dir='ltr'>temporum</span> <span class='ocrx_word' id='word_1_256' title='bbox 1308 2239 1417 2274; x_wconf 76' lang='lat' dir='ltr'>inter-</span> 
     </span>
     <span class='ocr_line' id='line_1_46' title="bbox 301 2301 1413 2352; baseline 0 -14"><span class='ocrx_word' id='word_1_257' title='bbox 301 2303 384 2339; x_wconf 82' lang='lat' dir='ltr'>dum</span> <span class='ocrx_word' id='word_1_258' title='bbox 400 2304 535 2350; x_wconf 74' lang='lat' dir='ltr'>potius,</span> <span class='ocrx_word' id='word_1_259' title='bbox 556 2315 663 2352; x_wconf 81' lang='lat' dir='ltr'>quam</span> <span class='ocrx_word' id='word_1_260' title='bbox 682 2301 892 2349; x_wconf 57' lang='lat' dir='ltr'>mafistahs,</span> <span class='ocrx_word' id='word_1_261' title='bbox 906 2314 1039 2338; x_wconf 82' lang='lat' dir='ltr'>memor</span> <span class='ocrx_word' id='word_1_262' title='bbox 1057 2301 1269 2339; x_wconf 76' lang='lat' dir='ltr'>adhibeatur</span> <span class='ocrx_word' id='word_1_263' title='bbox 1287 2304 1413 2338; x_wconf 72' lang='lat' dir='ltr'>oratio.</span> 
     </span>
    </p>
   </div>
   <div class='ocr_carea' id='block_1_9' title="bbox 1547 0 1573 1583">
    <p class='ocr_par' dir='ltr' id='par_1_10' title="bbox 1547 0 1573 1583">
     <span class='ocr_line' id='line_1_47' title="bbox 1547 0 1573 1583; baseline 0 0"><span class='ocrx_word' id='word_1_264' title='bbox 1547 0 1573 1583; x_wconf 95' lang='lat' dir='ltr'> </span> 
     </span>
    </p>
   </div>
  </div>
 </body>
</html>
