1573 2598
379 182 534 211 LIBER
558 182 593 210 1.
625 180 732 209 cAP.
755 180 920 209 van.
1148 169 1200 222 67

89 274 129 306 ut
152 271 252 318 patri
282 275 354 313 tuo,
380 271 568 318 peregrina
594 281 701 317 regna
728 269 845 304 moliri
867 280 998 305 necesse
1016 274 1076 305 est.
1133 271 1205 306 Dii

90 337 122 368 te
145 339 291 381 penates
314 335 506 382 patriique,
527 337 561 369 et
584 334 701 381 patris
730 334 859 380 imago,
879 337 913 368 et
941 334 1063 369 domus
1090 336 1202 381 regia,

89 402 124 433 et
146 399 182 433 in
209 399 312 434 domo
332 399 452 446 regale
474 398 614 440 solium,
642 402 676 433 et
701 410 825 433 nomen
850 399 1080 445 Tarquinium
1107 404 1205 435 creat

87 467 257 510 vocatque
273 475 402 510 regem.
459 464 533 498 Aut
549 464 580 498 si
599 463 647 498 ad
671 462 743 498 hoec
756 475 887 511 param
907 468 957 499 est
975 465 1099 506 animi,
1119 465 1205 511 quid

77 525 272 574 frustraris
300 529 474 563 civitatem
493 528 515 562 .9
541 528 626 574 quid
654 532 687 562 te
711 531 750 562 ut
774 529 908 574 regiam
928 526 1092 573 juvenem
1122 541 1203 564 con-

86 592 175 639 spici
199 592 320 626 sinis?
347 592 488 627 Facesse
520 591 601 627 hinc
634 592 855 638 Tarquinios,
891 596 955 627 aut
985 591 1204 628 Corinthum.

86 655 285 691 Devolvere
302 660 396 691 retro
415 657 463 691 ad
479 657 638 703 stirpem,
651 655 771 704 fiatri
787 657 950 698 similior,
971 668 1076 703 quam
1090 658 1204 704 patri.

87 718 160 755 His
187 719 343 768 aliisque
371 720 602 770 increpando
621 719 801 770 juvenem
825 721 995 768 instigat,
1015 733 1086 756 nec
1112 734 1203 757 con-

86 784 278 833 quiescere
296 785 379 835 ipsa
397 791 524 835 potest
544 798 551 819 z
584 786 628 828 si,
649 798 764 834 quum
783 784 986 833 Tanaquil,
1006 786 1206 834 peregrina

87 848 235 893 mulier,
256 856 406 886 tantum
428 849 553 886 moliri
582 850 769 900 potuisset
791 849 934 892 animo,
956 855 998 885 ut
1017 849 1093 885 duo
1113 862 1204 885 con-

88 913 195 961 'tinua
223 926 340 962 regna
358 915 454 957 viro,
475 927 518 950 ac
547 913 722 963 deinceps
746 925 900 962 genero,
928 913 1114 958 dedisset3
1146 914 1205 964 ip-

89 991 144 1023 sa,
173 980 279 1029 regio
309 982 450 1017 semine
480 988 578 1024 orta,
607 979 752 1016 nullum
781 985 1017 1015 momentum
1043 979 1082 1014 in
1111 978 1204 1015 dan-

90 1043 139 1080 do
176 1045 450 1095 adimendoque
485 1058 604 1094 regno
640 1045 794 1081 faceret.
851 1043 924 1079 His
958 1043 1203 1079 muliebribus

88 1109 289 1146 instinctus
327 1111 432 1147 furiis
461 1111 688 1159 Tarquinius
720 1109 916 1145 circumire
952 1114 990 1143 et
1025 1119 1203 1157 prensare

88 1173 278 1208 minorum
306 1175 470 1210 maxime
499 1175 683 1222 gentium,
713 1173 844 1209 Patres
860 1189 869 1217 3
903 1172 1106 1208 admonere
1134 1184 1202 1221 pa-

86 1237 185 1272 terni
203 1236 390 1279 beneficii,
412 1250 455 1273 ac
475 1250 543 1287 pro
563 1250 608 1273 eo
629 1237 789 1285 gratiam
812 1242 981 1285 repetere
998 1251 1008 1280 3
1042 1234 1203 1270 adlicere

87 1300 195 1336 donis
217 1300 377 1351 juvenes
398 1316 404 1337 ε
439 1308 518 1337 tum
544 1301 589 1338 de
612 1314 651 1337 se
673 1300 844 1349 ingentia
871 1299 1101 1350 pollicendo,
1120 1305 1204 1335 tum

86 1366 185 1414 regis
202 1366 421 1403 criminibus
442 1366 617 1403 omnibus
637 1366 730 1402 locis
751 1377 929 1401 crescere.
957 1410 959 1413 ι
984 1363 1201 1407 Postremo,

86 1435 129 1465 ut
151 1427 234 1479 jam
263 1430 418 1478 agendae
447 1431 501 1466 rei
529 1437 678 1480 tempus
697 1430 819 1465 visum
848 1435 918 1471 est,
943 1429 1103 1477 stipatus
1133 1440 1200 1476 ag-

85 1493 186 1531 mine
212 1500 457 1537 armatorum,
481 1495 521 1530 in
548 1494 674 1530 forum
699 1494 869 1543 inrupit3
901 1492 1002 1535 inde,
1025 1492 1200 1528 omnibus
1215 1491 1250 1540 L5
1265 1491 1407 1530 Tarqui-

84 1561 264 1612 perculsis
301 1575 454 1612 pavore,
484 1563 524 1598 in
560 1563 665 1611 regia
697 1562 784 1598 sede
819 1575 888 1611 pro
918 1562 1022 1598 curia
1054 1561 1201 1605 sedens,
1216 1544 1386 1617 ἓὲῗηζεῑῃ-

85 1626 217 1663 Patres
248 1628 284 1663 in
311 1628 453 1663 curiam
481 1640 548 1677 per
575 1639 790 1677 praeconem
819 1626 865 1662 ad
894 1638 1022 1674 regem
1040 1625 1203 1674 Tarqui·
1216 1621 1313 1651 vadit.

85 1691 193 1727 nium
220 1692 328 1727 citari
354 1691 482 1742 jussit.
540 1692 762 1728 Convenere
791 1690 996 1740 extemplo,
1027 1690 1091 1726 aiii
1121 1689 1206 1740 jam

87 1761 176 1791 ante
205 1755 252 1792 ad
280 1755 354 1791 hoe
383 1757 598 1806 praeparati,
625 1755 690 1791 alii
719 1762 837 1806 metu,
868 1768 915 1791 ne
952 1768 1030 1790 non
1058 1755 1206 1790 venisse

87 1818 210 1855 fraudi
241 1826 353 1862 esset,
379 1820 550 1855 novitate
579 1831 622 1854 ac
652 1818 833 1855 miraculo
861 1818 1038 1860 adtoniti,
1063 1824 1100 1853 et
1120 1817 1206 1867 jam

87 1882 134 1918 de
156 1882 286 1918 Servio
307 1889 434 1918 actum
452 1883 536 1918 rati.
594 1882 655 1918 Ibi
673 1882 916 1930 Tarquinius,
936 1881 1138 1917 maledicta
1157 1880 1206 1918 ab

87 1947 203 1997 stirpe
237 1946 368 1983 ultima
402 1959 536 1992 orsus3
569 1946 730 1988 Servum,
762 1958 928 1993 servaque
960 1950 1097 1988 natam,
1123 1951 1207 1993 post

86 2016 234 2047 mortem
258 2012 442 2059 indignam
467 2012 627 2059 parentis
653 2011 721 2053 sui,
743 2021 813 2046 non
838 2011 1050 2057 interregno,
1077 2014 1118 2045 ut
1139 2021 1205 2045 an-
1228 2002 1232 2007 ’

88 2080 157 2118 tea,
185 2077 286 2118 inito,
306 2088 376 2112 non
395 2077 544 2111 comitiis
566 2076 707 2117 habitis,
727 2087 797 2110 non
816 2087 882 2122 per
905 2075 1113 2123 suffragium
1136 2086 1204 2121 po-

86 2140 177 2187 puli,
207 2151 276 2175 non
305 2139 505 2175 auctoribus
530 2139 711 2180 Patribus,
742 2138 905 2174 muliebri
936 2139 1027 2174 dono
1058 2149 1207 2184 regnum

88 2214 283 2250 occupasse.
321 2203 381 2238 Ita
397 2208 536 2245 natum,
557 2204 609 2238 ita
628 2207 783 2238 creatum
802 2214 932 2249 regem,
943 2200 1131 2249 fautorem
1151 2202 1205 2237 in-

77 2268 163 2316 fimi
182 2267 318 2314 generis
342 2266 534 2309 hominum,
555 2279 596 2302 er
620 2279 687 2314 quo
716 2269 788 2314 ipse
811 2267 870 2308 sit,
894 2266 975 2301 odio
997 2265 1121 2300 alienae
1141 2265 1204 2300 Ιιυ-

87 2333 233 2368 nestatis
257 2336 413 2380 ereptum
437 2331 648 2379 primoribus
670 2343 796 2378 agrum
820 2330 1059 2367 sordidissimo
1084 2330 1208 2377 cuique
