1573 2598
301 142 388 198 326
774 158 819 187 T.
845 158 977 188 mvn

302 256 418 292 quum
437 243 483 280 ad
503 256 657 280 omnem·
683 246 916 281 mentionem
945 244 1089 282 tribuni
1117 245 1226 282 favor
1254 246 1414 284 circum-

301 307 436 343 stantis
472 306 604 357 populi
635 307 842 357 plausuque
875 315 913 345 et
946 309 1107 345 adsensu
1140 322 1227 346 cum
1258 310 1414 347 vocibus

98 367 143 398 υ·
160 365 196 396 C·
213 373 287 399 34⁶·
301 370 465 407 militum
492 377 664 408 certaret.
721 372 884 421 Plusque
915 386 959 409 ea
977 386 1050 416 res,
1071 386 1184 422 quam
1203 386 1321 424 prope
1340 372 1416 410 sol-

101 411 142 442 A'
159 409 196 440 ε’
213 417 287 443 406”
300 433 434 471 lemnis
454 433 616 470 militum
634 434 788 473 lascivia
809 436 847 472 in
878 436 1087 480 consulem,
1109 450 1208 474 curae
1236 436 1415 474 Patribus

300 497 454 548 injecit:
487 505 525 535 et
550 505 742 548 tamquam
759 499 860 537 haud
879 501 1014 538 dubius
1033 501 1134 537 inter
1151 500 1324 537 tribunos
1344 501 1415 537 mi-

300 561 410 599 litum
428 563 551 599 honos
569 563 717 608 Maenii,
738 565 769 600 si
789 571 948 614 peteret,
971 564 1231 602 consularibus
1252 564 1418 601 comitiis

301 632 359 662 est
378 626 563 663 exclusus.

352 689 458 726 LIV.
489 690 617 726 Creati
648 689 819 727 consules
840 697 928 727 sunt
948 692 1019 728 Cn.
1040 691 1238 728 Cornelius
1260 691 1415 734 Cossus,

299 752 346 790 L.
376 753 511 790 Furius
548 754 781 790 Medullinus
818 755 964 791 iterum.
1023 756 1113 792 Non
1153 755 1243 792 alias
1281 756 1418 804 aegrius

300 815 406 866 plebs
436 816 537 860 tulit,
566 816 771 853 tribunicia
799 817 873 853 sibi
901 819 1054 854 comitia
1083 831 1161 854 non
1190 818 1413 854 commissa:

85 881 266 954 Θιῠέἒξξῦῑζῦδ
301 895 385 919 eum
413 882 582 919 dolorem
602 883 813 931 quaestoriis
844 883 1007 918 comitiis
1037 882 1149 918 simul
1177 883 1356 926 ostendit,
1377 889 1416 919 et

82 933 263 1006 ἕεὲυῗιέῐίιειῖ

82 1010 210 1041 cordiae.
299 1012 354 1047 ita
382 1017 437 1054 ut,
467 1011 506 1046 in
537 1017 699 1060 quatuor
727 1011 910 1054 creandis,
938 1011 1002 1047 uni
1031 1011 1191 1059 patricio
1221 1011 1272 1047 K.
1292 1010 1415 1046 Fabio

299 1074 489 1111 Ambusto
509 1075 783 1124 relinqueretur
801 1074 905 1111 locus
921 1091 930 1120 3
959 1081 1034 1112 tres
1055 1075 1205 1125 plebeii,
1224 1076 1271 1115 Q.
1286 1075 1413 1119 Silius,

298 1137 341 1174 P.
363 1137 503 1180 AElius,
524 1137 566 1173 P.
580 1137 722 1186 Pupius
744 1136 1034 1173 clarissimarum
1053 1138 1279 1174 familiarum
1308 1138 1418 1187 juve-

296 1199 408 1236 nibus
438 1199 714 1249 praeferrentur.
771 1201 957 1236 Auctores
984 1201 1099 1237 fuisse
1117 1208 1196 1238 tam
1216 1201 1323 1237 liberi
1344 1214 1414 1251 po·-

299 946 378 983 ulta
399 953 585 989 est,.tunc
606 947 769 996 primum
797 945 952 996 plebeiis
973 947 1222 995 quaestoribus
1253 947 1386 982 creatis
1403 961 1411 983 ε

297 1266 388 1316 pulo
408 1266 575 1313 suffragii
594 1265 722 1301 Icilios
742 1266 904 1315 accipio,
925 1278 972 1301 ex
997 1265 1141 1301 familia
1170 1266 1417 1303 infestissima-

298 1327 475 1364 Patribus
495 1334 570 1363 tres
590 1328 629 1363 in
649 1340 734 1363 eum
755 1340 896 1364 annum
915 1327 1088 1364 tribunos
1109 1327 1228 1378 plebis
1252 1335 1416 1372 creatos,

297 1390 502 1427 multarum
538 1388 837 1439 magnarumque
870 1403 993 1426 rerum
1029 1391 1168 1428 molem
1198 1391 1415 1428 avidissimo

298 1454 392 1490 adeo
422 1454 565 1504 populo
585 1461 820 1491 ostentantes
841 1470 847 1490 :
880 1468 996 1504 quum
1025 1455 1298 1499 adfirmassent,
1318 1455 1423 1492 nihil»

298 1528 338 1552 se
366 1523 553 1561 moturoS,
581 1518 612 1553 si
641 1530 688 1553 ne
717 1518 927 1566 quaestoriis
955 1518 1104 1566 quidem
1134 1517 1311 1560 comitiis,
1332 1530 1416 1566 quae

298 1585 379 1623 sola
398 1585 614 1635 promiscua
632 1583 733 1633 plebi
752 1583 1003 1632 Patribusque
1019 1583 1230 1632 reliquisset
1246 1590 1414 1626 senatus,

298 1650 388 1686 satis
410 1649 525 1685 animi
545 1646 687 1698 populo
708 1653 805 1683 esset
825 1648 872 1683 ad
894 1647 945 1689 id,
966 1647 1068 1695 quod
1095 1646 1238 1682 tamdiu
1258 1645 1429 1689 vellent„

298 1720 337 1750 et
355 1726 422 1764 per
450 1712 559 1761 leges-
580 1711 721 1748 liceret.
778 1711 856 1748 Pro
886 1711 1033 1759 ingenti
1053 1711 1180 1759 itaque
1200 1711 1359 1747 victoria
1376 1710 1432 1747 id‘

297 1777 372 1815 fuit
400 1777 526 1828 plebi:
559 1782 861 1826 quaesturamque
893 1789 976 1812 eam
1005 1788 1083 1812 non
1112 1775 1268 1812 honoris
1297 1775 1416 1825 ipsius

300 1843 374 1880 fine
396 1842 660 1888 aestimabant5
694 1842 758 1877 sed
787 1840 997 1890 patefactus
1028 1840 1074 1876 ad
1103 1839 1341 1876 consulatum
1369 1853 1414 1876 ac

298 1906 511 1956 triumphos
527 1905 631 1940 locus
652 1904 759 1940 novis
780 1902 996 1939 hominibus
1016 1902 1225 1939 videbatur.
1280 1902 1412 1938 Patres

301 1974 446 2010 contra,
468 1979 549 2002 non
566 1979 635 2015 pro
657 1966 958 2008 communicatis,
979 1966 1042 2001 sed
1072 1978 1138 2014 pro
1168 1965 1313 2001 amissis
1342 1966 1414 2001 hoa

300 2029 470 2073 neribus,
490 2028 648 2064 fremere
668 2043 674 2063 ι
707 2041 859 2076 negare,
882 2029 921 2064 Si
940 2041 981 2064 ea
1010 2030 1062 2064 ita
1089 2030 1171 2069 sint,
1193 2028 1318 2064 liberos
1346 2028 1413 2063 tol-

302 2095 420 2132 lendos
438 2105 532 2130 esse:
560 2094 621 2142 qui
636 2094 732 2141 pulsi
750 2092 924 2140 majorum
950 2094 1037 2135 loco,
1058 2097 1300 2140 cernentesque
1327 2092 1416 2128 alim

299 2160 337 2195 in
366 2159 577 2207 possessione
608 2159 793 2205 dignitatis
820 2169 903 2199 suae,
939 2157 1034 2193 Salii
1060 2157 1304 2204 Hominesque
1331 2168 1414 2192 nus-

302 2236 407 2271 quam
425 2224 510 2266 alio,
532 2235 638 2271 quam
657 2223 705 2259 acl
722 2222 989 2270 sacrficandum
1006 2233 1074 2269 pro
1090 2221 1236 2269 populo,
1255 2221 1330 2256 sine
1346 2222 1421 2258 int-,⁷

296 2287 408 2336 petiis
426 2299 469 2323 ac
482 2288 716 2336 potestatibus
733 2288 992 2336 relinquantur.
1039 2286 1201 2324 Iri-itatis
1222 2286 1421 2336 utriusque·
