1573 2598
425 223 580 253 mnen
605 221 675 252 ιν.
707 215 814 250 cAr.
836 219 981 249 xxix.
1178 217 1260 263 295

145 312 248 348 venti
277 312 397 361 igitur
414 309 498 360 jam
526 309 564 346 in
594 307 718 344 medio
747 305 794 342 ad
824 318 941 342 unum
970 317 1103 342 omnes
1123 318 1256 355 poenas
1273 311 1314 341 U.
1333 309 1369 339 C.
1387 315 1462 340 324.

147 374 365 413 rebellionis
385 374 589 416 dedissent,
609 371 648 408 ni
669 370 823 407 Vectius
842 370 1006 406 Messius
1027 382 1073 406 ex
1091 369 1256 413 Volscis,
1269 356 1309 386 A·
1326 353 1363 385 C·
1380 359 1454 385 ‘²²³'

147 439 314 477 nobilior
332 439 388 475 vir
406 437 532 480 factis,
553 447 666 485 quam
686 446 838 484 genere,
852 433 935 484 jam
955 433 1084 470 orbem
1104 433 1260 470 volven-

149 508 206 538 tes
227 515 314 539 suos
334 503 532 551 increpans
559 499 659 536 clara
677 511 784 542 voce,
804 493 878 535 Hic
901 498 1101 547 praebituri,
1121 498 1261 546 inquit,

147 577 206 603 vos
232 567 309 602 telis
338 565 489 601 hostium
516 565 597 600 estis
626 562 811 611 indefensi,
842 563 981 599 inulti?
1028 562 1124 603 Quid
1153 563 1265 610 igitur

149 642 252 667 arma
270 630 402 666 habetis
418 630 438 665 ‚9
466 633 530 664 aut
549 629 635 677 quid
655 629 749 665 ultro
768 628 897 666 bellum
916 628 1082 664 intulistis
1093 643 1106 671 ,·
1137 628 1173 663 in
1191 628 1264 663 otio

149 695 369 737 tumultuosi,
402 695 437 730 in
466 693 556 729 bello
580 694 734 741 segnes.9
779 693 873 734 Quid
903 692 960 728 hic
986 691 1160 728 stantibus
1189 692 1265 740 spei

146 763 198 796 est
213 760 234 795 9
261 768 308 794 ‹zn
327 759 451 795 Deum
470 759 625 806 athuem
642 762 887 806 protecturum
911 768 983 799 vos,
1006 761 1265 804 rapturumque

147 822 229 859 hinc
243 824 417 871 putatis?
462 823 569 860 Ferro
595 824 655 859 via
671 821 850 870 facienda
877 825 938 857 est.
995 821 1092 864 Hac,
1113 833 1184 869 qua
1210 832 1267 858 me

145 898 380 936 praegressum
403 888 576 930 videritis,
597 888 707 934 agite,
728 887 789 934 qui
806 886 916 922 visuri
934 885 1067 928 domos,
1084 889 1265 933 paren-tes,

149 950 323 1000 conjuges,
355 952 478 988 liberos
510 953 604 994 estis,
633 953 683 987 ite
713 962 861 987 mecum.
917 950 1001 985 Νυη
1035 961 1170 992 murus,
1202 961 1266 986 uec

149 1017 285 1052 vallum
299 1033 312 1060 ,-
343 1017 404 1052 sed
434 1017 567 1052 armati
602 1017 752 1051 armatis
784 1015 950 1051 obstant.-
987 1016 1120 1052 virtute
1145 1027 1266 1065 pares,

146 1081 366 1122 necessitate,
387 1092 463 1128 quae
482 1080 649 1116 ultimum
667 1091 710 1115 ac
728 1080 923 1115 maximum
942 1079 1051 1115 telum
1079 1082 1142 1122 est,
1161 1091 1267 1128 supe-

152 1144 262 1180 riores
297 1145 389 1180 estis.
446 1143 543 1180 Haec
579 1142 750 1180 locutum
787 1149 1132 1192 exsequentemque
1166 1143 1269 1180 dicta

152 1207 410 1256 redintegrato
431 1208 597 1244 clamore
616 1209 751 1252 secuti,
772 1208 865 1244 dant
883 1208 1173 1257 inpressionem,
1194 1220 1270 1257 qua

152 1270 372 1309 Postumius
391 1271 513 1309 Albus
541 1272 721 1309 cohortes
751 1271 971 1322 objecerat:
1003 1277 1042 1308 et
1069 1278 1271 1310 moverunt

151 1337 349 1381 victorem,
381 1338 502 1375 donec
530 1338 709 1383 dictator,
738 1338 874 1389 pedem
903 1336 987 1388 jam
1018 1336 1270 1375 referentibus

109 1421 114 1424 ·
153 1403 245 1447 suis,
284 1404 458 1441 advenit:
497 1417 619 1454 eoque
656 1417 769 1441 omne
802 1403 979 1454 proelium
1013 1416 1164 1440 versum
1199 1409 1272 1442 est.

155 1466 232 1504 Uni
253 1468 334 1504 viro
362 1468 509 1505 Messio
537 1468 694 1505 fortuna
720 1468 892 1505 hostium
918 1468 1119 1504 innititur:
1150 1466 1273 1505 multa

151 1531 343 1582 utrimque
375 1532 544 1576 vulnera,
577 1532 699 1569 multa
727 1532 868 1583 passim
902 1532 1021 1569 caedes
1055 1537 1126 1570 est.
1181 1532 1271 1569 Jam

150 1605 200 1631 ne
218 1595 331 1632 duces
352 1594 503 1646 quidem
521 1595 691 1633 Romani
710 1596 900 1632 incruenti
918 1602 1105 1646 pugnant.
1158 1595 1270 1633 Unus

153 1658 389 1704 Postumius,
421 1661 518 1697 ictus
553 1674 661 1705 saxo,
692 1660 886 1712 perfracto
916 1661 1054 1711 capite,
1082 1660 1167 1697 'acie
1204 1673 1271 1697 ex-

153 1725 292 1760 cessit:
327 1737 407 1761 non
444 1726 670 1762 dictatorem
704 1726 883 1762 humerus
919 1724 1153 1769 vulneratus,
1190 1736 1271 1762 non

152 1786 314 1824 Fabium
342 1801 462 1840 prope
489 1789 655 1826 adfixum
683 1802 781 1838 equo
809 1788 946 1833 femur,
965 1799 1045 1825 non
1072 1788 1270 1826 brachium

153 1851 344 1889 abscisum
381 1853 576 1890 consulem
615 1866 660 1890 ex
697 1859 777 1890 tam
813 1853 971 1903 ancipiti
1006 1851 1142 1903 proelio
1179 1851 1270 1890 sub·

153 1915 286 1955 movit.

206 1980 365 2018 XXIX.
394 1980 581 2018 Messium
600 1981 751 2031 inpetus
771 1993 838 2031 per
857 1985 997 2016 stratos
1018 1979 1120 2016 caede
1139 1980 1270 2018 hostes

154 2055 240 2080 cum
257 2044 374 2093 globo
393 2045 691 2081 fortissimorum
712 2043 898 2094 juvenum
923 2043 1062 2080 extulit
1081 2044 1128 2081 ad
1147 2051 1273 2082 castra

153 2106 394 2152 Volscorum,
409 2123 490 2159 quae
509 2109 681 2145 nondum
700 2115 812 2159 capta
831 2115 962 2145 erant:
993 2108 1127 2145 eodem
1146 2110 1270 2146 omnis

155 2172 253 2207 acies
284 2173 498 2210 inclinatur.
556 2172 715 2215 Consul,
737 2173 874 2209 effusos
905 2185 1024 2221 usque
1053 2171 1101 2208 ad
1128 2172 1271 2210 vallum

154 2227 387 2286 persecutus,
417 2238 499 2287 ipsa
527 2243 651 2274 castra
679 2236 894 2286 vallumque
924 2236 1166 2285 adgreditur:
1204 2249 1269 2274 eo-

156 2301 241 2336 dem
275 2309 313 2336 et
344 2301 508 2338 dictator
540 2302 615 2338 alia
644 2308 752 2352 parte
788 2303 916 2352 copias
951 2301 1150 2338 admovet:
1190 2314 1269 2339 non

156 2365 309 2414 segnior
328 2365 564 2416 obpugnatio
586 2372 656 2410 est,
677 2379 789 2415 quam
818 2379 947 2418 pugna
971 2366 1107 2404 fuerat.
1165 2366 1270 2404 Con-
