1573 2598
317 201 403 256 ,296
680 225 683 228 ·
719 246 721 248 ,
785 214 988 243 ’,ι-,ωιτη

227 307 232 310 ”
278 310 296 336 ζ’
315 301 438 338 sulem
458 301 608 350 signum
627 312 775 349 quoque
797 301 898 342 intra
916 300 1056 337 vallum
1085 301 1258 352 injecisse
1271 305 1424 350 serunt,

296 368 393 414 'quo
429 365 567 404 milites
605 365 726 401 acrius
763 365 960 415 subirent:
1001 367 1280 416 repetendoque
1315 370 1426 418 signo

93 1015 278 1047 Postumius

95 1069 134 1088 an
153 1059 259 1090 filium

92 1102 194 1131 securi
212 1113 280 1141 per-

94 1146 233 1178 cussexit.

85 1916 288 1956 Karthagini-

84 1970 174 1990 enses
192 1960 223 1989 in
241 1960 287 1989 Si-

84 2003 192 2033 ciliam
209 2010 269 2033 tra-

79 2045 209 2083 jiciunt.

84 2113 126 2143 U.
146 2115 181 2144 C.
199 2121 273 2147 325.
305 2115 309 2119 '

81 2158 124 2189 A.
141 2157 177 2189 C.
193 2165 265 2194 427-

317 430 477 478 primam
501 429 793 478 inpressionem
828 427 981 464 factam.
1035 429 1089 464 Et
1124 430 1300 475 dictator,
1337 445 1442 481 prof

316 499 404 528 ruto
423 492 537 535 vallo,
560 491 644 542 jam
664 493 702 528 in
722 498 845 528 castra
873 492 1050 541 proelium
1078 493 1270 531 intulerat.
1325 495 1425 531 Tum

311 555 430 605 abjici
451 556 588 606 passim
620 569 736 598 arma,
758 569 800 592 ac
830 555 915 591 dedi
942 557 1071 592 hostes
1102 558 1240 606 coepti:
1272 560 1424 595 castris-

311 633 388 668 ..que
415 627 452 656 et
480 620 539 655 his
569 620 703 669 captis,
728 620 871 662 hostes,
901 627 1037 669 praeter
1064 627 1272 664 senatores,
1293 634 1423 659 omnes

309 685 530 722 ..venumdati
560 690 660 720 sunt.
717 684 857 720 Praedae
890 696 974 733 pars
1005 687 1424 734 suawcognoscentibus

309 747 462 799 Latinis
489 754 602 797 atque
630 747 809 784 Hernicis
839 748 1007 794 reddita,
1039 755 1185 799 partein
1214 750 1282 787 sub
1311 751 1422 787 hasta

308 811 476 851 „dictator
511 812 701 848 vendidit:
747 812 1026 861 praepositoque
1072 812 1226 849 consule
1273 815 1419 859 castris,

311 877 404 925 ipse,
425 877 662 926 triumphans
682 876 850 912 invectus
873 875 1016 923 urbem,
1037 876 1224 912 dictatura
1246 890 1285 914 se
1314 879 1421 915 abdi-

307 941 421 985 cavit.
450 941 626 989 Egregiae
648 941 842 976 dictaturae
857 939 1004 985 tristem
1023 941 1243 976 memoriam
1262 941 1421 987 faciunt,

309 1008 373 1056 qui
406 1007 524 1043 filium
553 1007 600 1043 ab
630 1007 677 1043 A.
707 1005 920 1048 Postumio,
950 1006 1064 1054 quod,
1086 1008 1295 1043 *occasione
1323 1008 1421 1046 bene

306 1072 501 1121 pugnandi
523 1077 669 1121 captuS,
689 1068 836 1119 injussu
862 1069 1063 1105 decesserit
1090 1070 1278 1119 praesidio,
1301 1073 1420 1109 victo-

304 1149 388 1174 rem
407 1137 528 1172 securi
547 1147 765 1186 percussum
784 1133 950 1175 tradunt.
1006 1134 1090 1177 Nec
1117 1134 1212 1172 libet
1239 1137 1388 1179 credere
1403 1154 1415 1184 5

302 1207 347 1236 ,et
366 1199 478 1243 licet,
509 1200 547 1236 in
576 1199 688 1236 variis
719 1197 987 1248 opinionibus:
1026 1204 1064 1234 et
1093 1207 1316 1247 argumento
1346 1209 1417 1246 est,

299 1264 407 1313 quod
436 1265 587 1312 imperia
615 1262 822 1304 [wanlia-na,
843 1273 922 1297 non
952 1262 1200 1305 Postumiana,
1231 1263 1418 1313 adpellata

297 1329 406 1365 sint:
447 1341 589 1378 quum„
610 1328 674 1376 qui
711 1327 814 1377 prior
850 1332 982 1362 auctor
1017 1331 1095 1362 tam
1131 1328 1219 1362 saevi
1255 1329 1418 1379 exempli

302 1392 418 1437 foret,
435 1398 687 1443 occupaturus
706 1391 894 1440 insignem
913 1389 1064 1426 titulum
1084 1390 1315 1428 crudelitatis
1334 1392 1416 1437 fue-³

299 1457 364 1496 rit.
420 1458 613 1506 Imperioso
632 1469 783 1506 quoque
807 1455 956 1492 Manlio
986 1468 1198 1504 cognomen
1226 1457 1412 1496 inditumt'

302 1520 525 1563 Postumius
544 1522 649 1558 nulla
667 1522 766 1557 tristi
787 1527 879 1557 nota
899 1527 956 1556 est
974 1521 1189 1569 insignitus.
1230 1521 1273 1558 C.
1289 1521 1412 1558 Julius

303 1585 440 1621 consul
470 1585 586 1621 aedem
605 1584 810 1636 Apollinis,
831 1584 987 1620 absente
1017 1583 1178 1632 collega,
1203 1585 1283 1620 sine
1312 1592 1414 1622 sorte

300 1649 510 1690 dedicavit:
545 1662 641 1698 aegre
662 1649 699 1685 id
717 1662 848 1698 passus
869 1649 1085 1692 Quinctius,
1105 1661 1236 1697 quum,
1257 1649 1412 1695 dimisso

299 1714 483 1757 exercitu,
510 1715 549 1750 in
580 1714 710 1750 urbem
739 1714 909 1756 redisset,
929 1714 1182 1762 nequidquam
1210 1714 1248 1749 iu
1279 1720 1412 1768 senatu

297 1784 358 1817 ,est
377 1786 618 1828 conquestus.
664 1778 812 1827 ‚Insigni
830 1779 976 1827 magnis
995 1777 1106 1813 rebus
1127 1791 1228 1814 anno
1248 1778 1409 1822 additur,

299 1842 396 1878 nihil
422 1850 502 1881 tum
523 1843 569 1878 ad
598 1855 675 1883 rem
703 1841 927 1886 Romanam
948 1842 1136 1890 pertinere
1155 1842 1290 1883 visum,
1311 1841 1411 1890 quod

300 1905 658 1954 Karthaginieusoe,
689 1907 787 1942 tanti
816 1908 946 1942 hostes
975 1905 1107 1948 futuri,
1138 1912 1218 1941 tuni
1246 1905 1409 1954 primunr

299 1979 366 2020 per
384 1971 587 2008 seditiones
608 1971 820 2007 Siculorum
841 1971 887 2006 ad
907 1970 1023 2020 partis
1044 1969 1195 2005 alterius
1226 1969 1407 2006 auxilinm

299 2035 338 2070 in
357 2035 525 2071 Siciliam
545 2036 751 2070 exercitum
772 2034 966 2084 trajecere.

352 2098 489 2135 XXX.
518 2099 717 2146 Agitatum
747 2098 785 2133 in
816 2097 907 2133 urbe
935 2097 982 2133 ab
1012 2096 1173 2132 tribunis
1202 2096 1337 2146 plebis,
1368 2105 1409 2134 ut

299 2162 442 2199 tribuni
463 2161 623 2198 militum
644 2160 833 2197 consulari
853 2166 1041 2210 potestate
1065 2167 1281 2196 crearentur
1297 2176 1306 2205 3
1340 2173 1409 2198 nec

298 2227 463 2263 obtineri
482 2227 621 2276 potuit.
661 2225 846 2261 Consules
866 2225 961 2261 fiunt
979 2225 1026 2261 L.
1042 2224 1214 2274 Papirius
1236 2225 1409 2269 Crassus,

295 2289 343 2328 L.
363 2289 500 2326 Julius.
556 2289 770 2338 JEquorum
789 2289 904 2337 legati
934 2289 1055 2325 foedus
1082 2288 1129 2324 ab
1160 2293 1294 2324 senatu
1322 2300 1408 2324 cuni

296 2353 494 2403 petissent,
516 2361 551 2388 ct
572 2365 641 2402 pro
665 2352 807 2389 foedere
836 2352 977 2388 deditio
1007 2358 1276 2394 ostentaretur,
1298 2350 1406 2387 iudu-
