1573 2598
382 201 467 257 362
832 215 878 243 τ.
901 214 1040 245 mvn

190 301 281 334 U.C.
297 309 371 337 359.
383 300 473 338 Plus
503 301 722 352 ignominiae
749 308 843 346 erat,
863 316 977 352 quam
1002 302 1132 347 cladis,
1153 311 1375 356 acceptum;
1406 318 1490 357 qnae
1568 245 1573 391 ⁴

187 346 280 377 A’C'
297 353 369 381 ³93·
383 378 501 417 prope
519 367 559 402 in
584 365 728 402 cladem
749 367 943 416 ingentem
961 368 1097 413 vertit;
1129 373 1278 405 tantum
1302 370 1390 406 inde
1413 376 1490 407 ter-

381 430 476 466 roris
497 442 575 466 non
600 429 736 466 Romae
754 430 882 474 modo,
903 444 978 481 quo
1004 431 1200 481 multiplex
1229 432 1331 469 fama
1358 445 1489 483 pei-ve·
1569 408 1572 482 Ξ

381 501 503 538 nerat,
523 494 588 530 sed
613 495 653 530 in
682 494 812 530 castris
842 507 992 544 quoque
1021 495 1093 531 fuit
1122 495 1169 531 ad
1188 496 1316 533 Veios.
1371 497 1491 546 AEgre

380 558 434 595 ibi
454 558 559 595 miles
580 565 747 595 retentus
763 572 785 595 a
799 559 890 608 fuga
909 566 980 603 est,
1000 573 1113 608 quum
1131 562 1355 610 pervasisset
1369 568 1493 597 castra

380 635 524 666 rumor,
544 622 700 659 ducibus
721 624 963 672 exercituque
982 636 1094 666 caeso,
1115 625 1298 660 victorem
1317 625 1492 675 Capena-

379 692 458 723 tem
494 700 538 723 ac
570 687 760 723 Faliscum
795 687 1034 737 Etruriaeque
1066 701 1219 725 omnem
1249 688 1492 739 juventutem

379 750 482 787 haud
500 751 631 802 procul
651 751 735 787 inde
755 751 897 788 abesse.
935 752 1007 788 His
1027 753 1321 789 tumultuosiora
1341 753 1490 797 Romae,

372 815 457 867 jam
476 823 600 853 castra
618 817 664 853 ad
679 817 794 853 Veios
816 817 1042 867 obpugnari,
1054 816 1136 867 jam
1156 824 1302 866 partem
1323 818 1491 854 hostium

378 881 534 917 tendere
553 881 601 917 ad
619 881 750 918 urbem
769 883 919 930 agmine
938 881 1092 925 infesto,
1114 882 1365 927 crediderant;
1398 895 1490 918 con-

379 958 604 995 cursumque
633 946 672 982 in
700 958 827 982 muros
857 952 928 988 est,
959 952 997 982 et
1025 952 1297 989 matronarum,
1325 958 1415 995 quas
1445 959 1492 983 ex

379 1009 496 1045 domo
524 1010 740 1046 conciverat
768 1008 940 1059 publicus
970 1022 1102 1059 pavor,
1133 1009 1413 1045 obsecrationes
1451 1010 1492 1046 in

379 1073 531 1123 templis
566 1074 677 1110 factae
696 1088 703 1110 :
749 1074 997 1123 precibusque
1034 1073 1080 1109 ab
1118 1073 1203 1109 Diis
1240 1074 1415 1123 petitum,
1449 1080 1492 1110 ut

379 1138 538 1175 exitium
558 1138 605 1175 ab
626 1139 728 1174 urbis
748 1139 858 1174 tectis
877 1137 1103 1188 templisque
1125 1151 1168 1174 ac
1191 1137 1378 1174 moenibus
1408 1137 1491 1175 Ro-

379 1203 500 1238 manis
520 1208 704 1245 arcerent,
725 1202 916 1251 Veiosque
938 1215 1021 1238 eum
1052 1208 1264 1238 averterent
1291 1208 1489 1245 terrorem,

379 1267 411 1302 si
429 1279 533 1303 sacra
554 1273 735 1303 renovata
753 1267 838 1310 rite,
855 1268 886 1302 si
905 1273 1107 1317 procurata
1125 1266 1297 1316 prodigia
1316 1272 1453 1302 esseut.

432 1330 548 1368 XIX.
578 1331 666 1368 Jam
682 1321 760 1367 ludi
775 1331 1000 1380 Latinaeque
1016 1332 1236 1367 instauratae
1256 1337 1382 1367 erant:
1405 1329 1490 1381 jam

379 1409 426 1432 ex
445 1395 531 1433 lacu
549 1395 702 1432 Albano
723 1409 819 1444 aqua
839 1397 976 1432 emissa
995 1397 1032 1432 in
1054 1408 1180 1445 agros,
1201 1395 1392 1443 Veiosque
1410 1394 1491 1431 fata

379 1460 621 1510 adpetebant.
680 1460 816 1509 Igitur,
836 1460 962 1497 fatalis
994 1460 1070 1496 dux
1099 1460 1144 1496 ad
1174 1459 1362 1495 excidium
1389 1459 1488 1495 illius

185 1528 344 1561 Camillus
380 1522 482 1558 urbis
503 1522 768 1571 servandaeque
797 1522 943 1572 patriae,
970 1521 1026 1557 M.
1046 1522 1181 1557 Furius
1203 1522 1383 1558 Camillus
1410 1523 1490 1559 dic-

182 1574 329 1607 dima‘o‘·
380 1593 483 1623 tator
501 1586 623 1623 dictus
650 1587 872 1635 magistrum
898 1587 1067 1634 equitnm
1097 1586 1139 1622 P.
1161 1586 1380 1622 Cornelium
1410 1588 1490 1623 Sci-

379 1652 533 1702 pionem
552 1651 659 1687 dixit.
716 1651 857 1686 Omnia
882 1657 1037 1700 repente
1055 1657 1266 1686 mutaverat
1285 1652 1491 1700 imperator

378 1722 546 1752 mutatus
563 1730 570 1750 :
604 1715 679 1751 alia
697 1728 795 1764 spes,
819 1714 914 1751 alius
938 1716 1084 1750 animus
1105 1715 1317 1756 hominum,
1336 1714 1491 1752 fortuna

379 1795 530 1832 quoque
550 1781 624 1818 alia
642 1781 745 1817 urbis
765 1781 895 1817 videri.
951 1781 1133 1816 Omnium
1163 1781 1324 1830 primum
1345 1781 1383 1816 in
1410 1793 1489 1824 eos,

379 1847 444 1897 qui
473 1860 496 1882 a
524 1846 627 1882 Veiis
658 1846 696 1881 in
723 1845 788 1881 illo
817 1858 957 1895 pavore
985 1845 1174 1893 fugerant,
1205 1857 1310 1881 more
1338 1844 1492 1881 militari

380 1910 661 1953 animadvertit,
694 1910 905 1958 effecitque,
936 1922 983 1945 ne
1010 1910 1129 1945 hostis
1162 1909 1325 1944 maxime
1353 1908 1490 1944 timen-

379 1974 447 2011 dus
474 1974 585 2010 militi
616 1980 740 2010 esset:
786 1974 935 2017 deinde,
970 1974 1113 2010 indicto
1143 1973 1290 2009 delectu
1318 1973 1358 2008 in
1390 1972 1490 2009 diem

379 2045 536 2080 certam,
567 2039 647 2088 ipse
678 2039 831 2074 interim
860 2039 979 2074 Veios
1009 2038 1055 2074 ad
1085 2037 1361 2074 confirmandos
1392 2037 1491 2073 mili-

378 2108 461 2139 tum
491 2102 638 2138 animos
670 2103 908 2137 intercurrit:
941 2101 1028 2137 inde
1057 2100 1221 2137 Romam
1251 2101 1297 2137 ad
1323 2101 1490 2137 scriben-

381 2167 469 2203 dum
488 2179 628 2202 novum
656 2168 864 2202 exercitum
892 2167 1002 2209 redit,
1031 2166 1136 2202 nullo
1162 2166 1397 2202 detractante
1419 2166 1490 2202 mi-

339 2262 341 2264 .
379 2230 512 2266 litiam.
569 2230 775 2279 Peregrina
798 2231 911 2266 etiam
934 2229 1130 2280 juventus,
1155 2230 1285 2265 Latini
1312 2229 1490 2266 Hernici-

378 2307 465 2343 que,
486 2307 640 2344 operam
660 2307 764 2330 suam
786 2294 1008 2344 pollicentes
1029 2294 1074 2330 ad
1100 2294 1136 2330 id
1154 2293 1308 2336 bellum,
1328 2306 1487 2329 venere:

378 2360 513 2409 quibus
535 2373 650 2410 quum
669 2361 810 2409 gratias
831 2361 870 2397 in
889 2368 1024 2397 senatu
1044 2349 1182 2410 egiSset
1201 2360 1378 2403 dictator,
1398 2359 1490 2395 satis
