1573 2598
387 127 542 156 mmm
566 125 613 155 v.
648 125 754 154 cAP.
777 125 906 154 XLII.
1120 125 1200 168 391

89 218 284 256 cunctatio
320 216 476 253 tenebat
505 221 648 266 aperta,
679 226 793 264 quam
821 213 961 256 clausa,
991 206 1399 285 invadendiggggg·

88 284 196 321 Adeo
217 282 318 319 haud
345 293 450 318 secus
471 292 583 330 quam
601 278 859 316 venerabtmdi
886 277 1137 314 intuebantur
1163 289 1205 314 m

89 348 224 384 aedium
256 346 452 384 vestibulis
489 344 661 381 sedentes
699 343 815 387 viros,
853 349 992 394 praeter
1028 347 1208 379 ornatum

87 412 334 462 habitumque
358 412 528 448 humano
554 409 829 458 augustiorem,
850 407 1052 458 majestate
1075 406 1206 449 etiam,

88 490 199 526 quam
219 477 343 514 vultus
373 476 613 526 gravitasque
639 474 716 510 oris
742 485 818 524 prae
847 485 887 509 se
905 471 1067 515 ferebat,
1088 469 1207 507 simil-

86 541 196 578 limos
216 541 314 578 Diis.
370 540 431 577 Ad
450 552 514 576 eos
533 538 639 575 velut
657 538 860 575 simulacra
874 537 973 573 versi
993 548 1107 586 quum
1129 540 1207 572 sta·

87 610 185 649 rent,
205 604 263 643 M.
282 605 455 656 Papirius
477 615 573 640 unus
592 615 639 640 ex
661 603 721 638 his
742 602 879 639 dicitur
899 599 1027 642 Gallo,
1048 598 1209 636 barbam

84 681 206 712 suam,
226 674 270 705 ut
296 674 380 704 tum
406 667 582 704 omnibus
608 666 797 717 promissa
821 671 916 709 erat,
941 662 1206 714 permulcenti,

86 732 255 782 scipione
287 731 456 769 eburneo
487 731 528 767 in
557 736 671 781 caput
702 731 855 766 incusso
887 729 984 765 iram
1011 727 1202 771 movisse3

63 799 65 802 ⁴
86 801 198 845 atque
225 795 272 832 ab
292 808 339 832 eo
358 796 510 832 initium
531 795 640 832 caedis
660 800 801 837 ortum,
822 798 967 830 ceteros
991 789 1032 828 in
1052 790 1204 828 sedibus

86 860 164 895 suis
191 860 413 897 trucidatos.
469 859 566 895 Post
600 859 815 910 principum
845 858 986 895 caedem
1013 854 1109 892 nulli
1137 855 1202 892 de·

87 922 175 959 inde
211 923 431 961 mortalium
465 923 584 974 parci,
618 922 731 975 diripi
765 927 882 965 tecta,
917 920 1110 958 exhaustis
1144 919 1204 955 in-

79 1000 151 1037 Jicr
171 1000 291 1037 ignes,

140 1051 274 1088 XLII.
306 1053 498 1094 Ceterum,
519 1063 586 1087 seu
606 1063 686 1088 nou
707 1048 883 1087 omnibus
910 1048 1075 1085 delendae
1102 1046 1207 1085 urbis

86 1113 206 1151 libido
228 1121 322 1159 erat,
347 1127 414 1150 seu
439 1115 494 1150 ita
517 1114 713 1164 placuerat
736 1112 971 1163 principibus
992 1111 1206 1155 Gallorum,

86 1185 125 1215 et
162 1180 348 1216 ostentari
384 1179 557 1228 quaedam
592 1178 769 1215 incendia
804 1176 960 1213 terroris
997 1188 1145 1219 caussa,
1176 1175 1210 1211 si

86 1243 264 1295 compelli
290 1244 337 1281 ad
363 1244 596 1280 deditionem
616 1243 774 1280 caritate
800 1241 945 1278 sedium
965 1252 1118 1278 suarum
1136 1239 1209 1277 ob-

86 1309 179 1344 sessi
207 1314 365 1359 possent
384 1325 395 1354 ;
415 1314 466 1360 *et
493 1320 573 1344 non
601 1308 732 1344 omnia
750 1306 986 1343 concremari
1011 1310 1128 1348 tecta,
1151 1309 1207 1347 ut,

84 1372 351 1423 quodcumque
369 1378 582 1424 superesset
605 1371 723 1415 urbis,
743 1372 782 1408 id
808 1371 945 1422 pignus
975 1369 1024 1406 ad
1051 1369 1207 1405 flecten-

1217 901 1290 934 Sors
1306 901 1406 933 mise-

1219 945 1316 977 randa
1331 946 1397 976 Ro—

1218 996 1406 1022 manorum.

85 1436 153 1473 dos
172 1437 343 1474 hostium
362 1438 508 1474 animos
536 1437 748 1482 haberent3
780 1447 1023 1485 nequaquam
1049 1432 1208 1484 perinde
1237 1483 1239 1485 ι

86 1506 200 1549 atque
219 1501 259 1537 in
279 1507 392 1553 capta
418 1501 512 1538 urbe
534 1501 658 1552 prima
682 1500 742 1537 die
771 1505 838 1536 aut
866 1499 1103 1549 passimam
1131 1496 1208 1533 late

84 1571 243 1613 vagatus
273 1572 330 1602 est
363 1566 475 1614 ignis.
531 1564 715 1608 Romani,
747 1577 794 1600 ex
823 1576 909 1600 arce
945 1562 1098 1613 plenam
1135 1561 1208 1597 ho-

87 1627 202 1664 stium
230 1629 363 1665 urbem
392 1636 604 1673 cernentes,
634 1641 828 1678 vagosque
864 1640 932 1678 per
962 1628 1041 1663 vias
1076 1636 1208 1662 omnes

87 1702 233 1735 cursus,
256 1705 371 1741 quum
400 1692 477 1729 alia
504 1698 619 1742 atque
639 1692 713 1728 alia
737 1698 846 1742 parte
865 1704 966 1727 nova
985 1690 1113 1739 aliqua
1131 1688 1209 1725 cla-

87 1754 151 1791 des
172 1757 348 1800 oriretur,
368 1769 448 1793 non
473 1757 664 1793 mentibus
693 1756 814 1792 solum
836 1755 1047 1806 consipere,
1069 1753 1134 1790 sed
1160 1764 1210 1789 ne

60 1845 65 1853 ,
88 1818 241 1855 auribus
263 1821 413 1869 quidem
434 1826 548 1870 atque
568 1820 687 1856 oculis
710 1820 802 1856 satis
821 1824 999 1856 constare
1018 1821 1209 1868 poterant.

87 1882 340 1933 Quocumque
370 1884 513 1921 clamor
542 1885 726 1928 hostium,
756 1883 957 1920 mulierum
985 1893 1210 1932 puerorum-

88 1958 161 1995 que
189 1948 374 1997 ploratus,
406 1950 553 1986 sonitus
581 1949 758 1992 flammae,
789 1954 828 1984 et
855 1947 987 1996 fragor
1017 1946 1211 1982 ruentium

87 2015 277 2048 tectorum
297 2014 508 2057 avertisset,
525 2018 706 2064 paventes
726 2012 774 2048 ad
793 2011 936 2054 omnia,
954 2010 1102 2046 animos
1123 2021 1210 2045 ora-

89 2085 162 2122 que
195 2081 233 2111 et
261 2077 391 2114 oculos
425 2077 644 2121 flectebant,
677 2076 783 2113 velut
814 2076 862 2113 ad
894 2073 1155 2125 spectaculum
1187 2085 1211 2110 a

90 2136 249 2175 fortuna
282 2142 398 2191 positi
426 2143 634 2178 occidentis
663 2143 811 2192 patriae,
840 2153 913 2177 nec
941 2138 1054 2175 ullius
1084 2149 1211 2174 rerum

93 2212 246 2238 suarum
288 2203 425 2248 relicti,
462 2211 715 2255 praeterquam
751 2215 969 2255 corporum,
1007 2200 1207 2238 vindices:

93 2271 204 2303 tanto
223 2272 312 2304 ante
337 2267 431 2305 alios
457 2270 659 2307 miserandi
681 2269 815 2319 magis,
837 2268 902 2318 qui
932 2278 1111 2317 umquam
1139 2264 1209 2302 ob-

617 2332 643 2368 S
662 2333 687 2368 4
