<?xml version="1.0" encoding="UTF-8"?>
<!DOCTYPE html PUBLIC "-//W3C//DTD XHTML 1.0 Transitional//EN"
    "http://www.w3.org/TR/xhtml1/DTD/xhtml1-transitional.dtd">
<html xmlns="http://www.w3.org/1999/xhtml" xml:lang="en" lang="en">
 <head>
  <title>
</title>
<meta http-equiv="Content-Type" content="text/html;charset=utf-8" />
  <meta name='ocr-system' content='tesseract 3.04.00' />
  <meta name='ocr-capabilities' content='ocr_page ocr_carea ocr_par ocr_line ocrx_word'/>
</head>
<body>
  <div class='ocr_page' id='page_1' title='image "./historiarumquaes01livyuoft/historiarumquaes01livyuoft_0497.png"; bbox 0 0 1573 2598; ppageno 0'>
   <div class='ocr_carea' id='block_1_1' title="bbox 0 217 7 1188">
    <p class='ocr_par' dir='ltr' id='par_1_1' title="bbox 0 217 7 1188">
     <span class='ocr_line' id='line_1_1' title="bbox 0 217 7 1188; baseline 0 0"><span class='ocrx_word' id='word_1_1' title='bbox 0 217 7 1188; x_wconf 95' lang='lat' dir='ltr'> </span> 
     </span>
    </p>
   </div>
   <div class='ocr_carea' id='block_1_2' title="bbox 394 193 1211 245">
    <p class='ocr_par' dir='ltr' id='par_1_2' title="bbox 394 193 1211 245">
     <span class='ocr_line' id='line_1_2' title="bbox 394 193 1211 245; baseline -0.006 -7"><span class='ocrx_word' id='word_1_2' title='bbox 394 207 551 238; x_wconf 58' lang='lat'>111131311</span> <span class='ocrx_word' id='word_1_3' title='bbox 574 206 670 236; x_wconf 80' lang='lat' dir='ltr'>vu.</span> <span class='ocrx_word' id='word_1_4' title='bbox 703 205 812 235; x_wconf 73' lang='lat' dir='ltr'>cAP.</span> <span class='ocrx_word' id='word_1_5' title='bbox 837 205 907 234; x_wconf 88' lang='lat' dir='ltr'>1x.</span> <span class='ocrx_word' id='word_1_6' title='bbox 1129 193 1211 245; x_wconf 81' lang='lat'>481</span> 
     </span>
    </p>
   </div>
   <div class='ocr_carea' id='block_1_3' title="bbox 77 292 1396 1384">
    <p class='ocr_par' dir='ltr' id='par_1_3' title="bbox 81 292 1396 608">
     <span class='ocr_line' id='line_1_3' title="bbox 84 292 1396 345; baseline -0.002 -9"><span class='ocrx_word' id='word_1_7' title='bbox 84 297 241 336; x_wconf 80' lang='lat' dir='ltr'>vocibus</span> <span class='ocrx_word' id='word_1_8' title='bbox 258 296 455 340; x_wconf 86' lang='lat' dir='ltr'>concitati,</span> <span class='ocrx_word' id='word_1_9' title='bbox 472 295 638 334; x_wconf 91' lang='lat' dir='ltr'>clamore</span> <span class='ocrx_word' id='word_1_10' title='bbox 649 300 849 338; x_wconf 86' lang='lat' dir='ltr'>renovato,</span> <span class='ocrx_word' id='word_1_11' title='bbox 861 292 1032 331; x_wconf 84' lang='lat' dir='ltr'>inferunt</span> <span class='ocrx_word' id='word_1_12' title='bbox 1045 293 1199 345; x_wconf 84' lang='lat' dir='ltr'>pedem:</span> <span class='ocrx_word' id='word_1_13' title='bbox 1216 302 1257 333; x_wconf 87' lang='lat' dir='ltr'>U.</span> <span class='ocrx_word' id='word_1_14' title='bbox 1271 302 1307 334; x_wconf 88' lang='lat' dir='ltr'>C.</span> <span class='ocrx_word' id='word_1_15' title='bbox 1322 309 1396 337; x_wconf 75' lang='lat'><strong>393.</strong></span> 
     </span>
     <span class='ocr_line' id='line_1_4' title="bbox 84 346 1393 414; baseline -0.005 -15"><span class='ocrx_word' id='word_1_16' title='bbox 84 369 124 399; x_wconf 89' lang='lat' dir='ltr'>et</span> <span class='ocrx_word' id='word_1_17' title='bbox 151 363 315 414; x_wconf 86' lang='lat' dir='ltr'>primum</span> <span class='ocrx_word' id='word_1_18' title='bbox 345 361 465 410; x_wconf 86' lang='lat' dir='ltr'>gradu</span> <span class='ocrx_word' id='word_1_19' title='bbox 493 364 694 397; x_wconf 87' lang='lat' dir='ltr'>moverunt</span> <span class='ocrx_word' id='word_1_20' title='bbox 723 358 889 402; x_wconf 87' lang='lat' dir='ltr'>hostem,</span> <span class='ocrx_word' id='word_1_21' title='bbox 920 358 1055 395; x_wconf 86' lang='lat' dir='ltr'>deinde</span> <span class='ocrx_word' id='word_1_22' title='bbox 1083 370 1203 409; x_wconf 90' lang='lat' dir='ltr'>pepu-</span> <span class='ocrx_word' id='word_1_23' title='bbox 1215 346 1393 380; x_wconf 72' lang='lat' dir='ltr'><strong>A·C·3⁵⁹·</strong></span> 
     </span>
     <span class='ocr_line' id='line_1_5' title="bbox 81 421 1396 495; baseline -0.004 -31"><span class='ocrx_word' id='word_1_24' title='bbox 81 427 227 473; x_wconf 80' lang='lat' dir='ltr'>leruut3</span> <span class='ocrx_word' id='word_1_25' title='bbox 260 433 454 478; x_wconf 88' lang='lat' dir='ltr'>postremo</span> <span class='ocrx_word' id='word_1_26' title='bbox 473 425 557 476; x_wconf 87' lang='lat' dir='ltr'>jam</span> <span class='ocrx_word' id='word_1_27' title='bbox 575 424 678 461; x_wconf 86' lang='lat' dir='ltr'>haud</span> <span class='ocrx_word' id='word_1_28' title='bbox 695 423 810 461; x_wconf 90' lang='lat' dir='ltr'>dubie</span> <span class='ocrx_word' id='word_1_29' title='bbox 831 429 1029 460; x_wconf 84' lang='lat' dir='ltr'>avertunt:</span> <span class='ocrx_word' id='word_1_30' title='bbox 1062 436 1198 473; x_wconf 88' lang='lat' dir='ltr'>neque,</span> <span class='ocrx_word' id='word_1_31' title='bbox 1213 421 1396 495; x_wconf 46' lang='lat' dir='ltr'>gincqmur</span> 
     </span>
     <span class='ocr_line' id='line_1_6' title="bbox 81 474 1356 542; baseline -0.004 -14"><span class='ocrx_word' id='word_1_32' title='bbox 81 498 162 528; x_wconf 88' lang='lat' dir='ltr'>tam</span> <span class='ocrx_word' id='word_1_33' title='bbox 181 492 276 528; x_wconf 87' lang='lat' dir='ltr'>vires</span> <span class='ocrx_word' id='word_1_34' title='bbox 296 503 404 542; x_wconf 87' lang='lat' dir='ltr'>pares</span> <span class='ocrx_word' id='word_1_35' title='bbox 424 503 507 540; x_wconf 88' lang='lat' dir='ltr'>quae</span> <span class='ocrx_word' id='word_1_36' title='bbox 527 488 759 540; x_wconf 85' lang='lat' dir='ltr'>superaverit</span> <span class='ocrx_word' id='word_1_37' title='bbox 777 500 851 532; x_wconf 88' lang='lat' dir='ltr'>res,</span> <span class='ocrx_word' id='word_1_38' title='bbox 870 486 981 525; x_wconf 91' lang='lat' dir='ltr'>facile</span> <span class='ocrx_word' id='word_1_39' title='bbox 1000 487 1101 524; x_wconf 87' lang='lat' dir='ltr'>dictu</span> <span class='ocrx_word' id='word_1_40' title='bbox 1127 494 1198 531; x_wconf 88' lang='lat' dir='ltr'>est,</span> <span class='ocrx_word' id='word_1_41' title='bbox 1247 474 1356 495; x_wconf 71' lang='lat' dir='ltr'>emm».</span> 
     </span>
     <span class='ocr_line' id='line_1_7' title="bbox 81 552 1199 608; baseline -0.004 -15"><span class='ocrx_word' id='word_1_42' title='bbox 81 556 155 593; x_wconf 90' lang='lat' dir='ltr'>nisi</span> <span class='ocrx_word' id='word_1_43' title='bbox 174 556 275 606; x_wconf 90' lang='lat' dir='ltr'>quod</span> <span class='ocrx_word' id='word_1_44' title='bbox 301 561 485 608; x_wconf 89' lang='lat' dir='ltr'>perpetua</span> <span class='ocrx_word' id='word_1_45' title='bbox 507 554 664 592; x_wconf 84' lang='lat' dir='ltr'>fortuna</span> <span class='ocrx_word' id='word_1_46' title='bbox 688 554 884 603; x_wconf 87' lang='lat' dir='ltr'>utriusque</span> <span class='ocrx_word' id='word_1_47' title='bbox 912 552 1045 605; x_wconf 89' lang='lat' dir='ltr'>populi</span> <span class='ocrx_word' id='word_1_48' title='bbox 1070 558 1109 589; x_wconf 87' lang='lat' dir='ltr'>et</span> <span class='ocrx_word' id='word_1_49' title='bbox 1133 566 1199 590; x_wconf 85' lang='lat' dir='ltr'>ex-</span> 
     </span>
    </p>

    <p class='ocr_par' dir='ltr' id='par_1_4' title="bbox 79 619 1204 800">
     <span class='ocr_line' id='line_1_8' title="bbox 80 619 1202 670; baseline -0.004 -12"><span class='ocrx_word' id='word_1_50' title='bbox 80 620 217 658; x_wconf 83' lang='lat' dir='ltr'>tollere</span> <span class='ocrx_word' id='word_1_51' title='bbox 235 622 397 665; x_wconf 88' lang='lat' dir='ltr'>animos,</span> <span class='ocrx_word' id='word_1_52' title='bbox 417 626 456 657; x_wconf 89' lang='lat' dir='ltr'>et</span> <span class='ocrx_word' id='word_1_53' title='bbox 474 620 644 657; x_wconf 90' lang='lat' dir='ltr'>minuere</span> <span class='ocrx_word' id='word_1_54' title='bbox 662 619 802 670; x_wconf 91' lang='lat' dir='ltr'>potuit.</span> <span class='ocrx_word' id='word_1_55' title='bbox 860 619 991 668; x_wconf 90' lang='lat' dir='ltr'>Usque</span> <span class='ocrx_word' id='word_1_56' title='bbox 1010 619 1057 655; x_wconf 89' lang='lat' dir='ltr'>ad</span> <span class='ocrx_word' id='word_1_57' title='bbox 1078 624 1202 655; x_wconf 83' lang='lat' dir='ltr'>eastra</span> 
     </span>
     <span class='ocr_line' id='line_1_9' title="bbox 79 683 1202 735; baseline -0.003 -13"><span class='ocrx_word' id='word_1_58' title='bbox 79 685 269 735; x_wconf 78' lang='lat' dir='ltr'>fugIentes</span> <span class='ocrx_word' id='word_1_59' title='bbox 298 684 489 722; x_wconf 87' lang='lat' dir='ltr'>Hernicos</span> <span class='ocrx_word' id='word_1_60' title='bbox 525 683 726 721; x_wconf 89' lang='lat' dir='ltr'>Romanus</span> <span class='ocrx_word' id='word_1_61' title='bbox 763 683 952 733; x_wconf 90' lang='lat' dir='ltr'>sequitur:</span> <span class='ocrx_word' id='word_1_62' title='bbox 990 689 1202 719; x_wconf 88' lang='lat' dir='ltr'>castrorum</span> 
     </span>
     <span class='ocr_line' id='line_1_10' title="bbox 80 747 1204 800; baseline -0.003 -14"><span class='ocrx_word' id='word_1_63' title='bbox 80 749 382 800; x_wconf 84' lang='lat' dir='ltr'>obpugnatione,</span> <span class='ocrx_word' id='word_1_64' title='bbox 402 749 492 799; x_wconf 85' lang='lat' dir='ltr'>quia</span> <span class='ocrx_word' id='word_1_65' title='bbox 509 761 636 786; x_wconf 90' lang='lat' dir='ltr'>serum</span> <span class='ocrx_word' id='word_1_66' title='bbox 654 755 735 786; x_wconf 89' lang='lat' dir='ltr'>erat</span> <span class='ocrx_word' id='word_1_67' title='bbox 754 749 843 792; x_wconf 88' lang='lat' dir='ltr'>diei,</span> <span class='ocrx_word' id='word_1_68' title='bbox 864 748 1093 785; x_wconf 87' lang='lat' dir='ltr'><strong>abstinuere.</strong></span> <span class='ocrx_word' id='word_1_69' title='bbox 1122 747 1204 784; x_wconf 92' lang='lat' dir='ltr'>Diu</span> 
     </span>
    </p>

    <p class='ocr_par' dir='ltr' id='par_1_5' title="bbox 78 812 1204 865">
     <span class='ocr_line' id='line_1_11' title="bbox 78 812 1204 865; baseline -0.002 -15"><span class='ocrx_word' id='word_1_70' title='bbox 78 827 158 851; x_wconf 91' lang='lat' dir='ltr'>non</span> <span class='ocrx_word' id='word_1_71' title='bbox 185 813 405 865; x_wconf 87' lang='lat' dir='ltr'>perlitatum</span> <span class='ocrx_word' id='word_1_72' title='bbox 432 819 609 850; x_wconf 87' lang='lat' dir='ltr'>tenuerat</span> <span class='ocrx_word' id='word_1_73' title='bbox 627 813 868 857; x_wconf 90' lang='lat' dir='ltr'>dictatorem,</span> <span class='ocrx_word' id='word_1_74' title='bbox 895 825 944 849; x_wconf 91' lang='lat' dir='ltr'>ne</span> <span class='ocrx_word' id='word_1_75' title='bbox 969 818 1060 849; x_wconf 87' lang='lat' dir='ltr'>ante</span> <span class='ocrx_word' id='word_1_76' title='bbox 1087 812 1204 848; x_wconf 91' lang='lat' dir='ltr'>meri-</span> 
     </span>
    </p>

    <p class='ocr_par' dir='ltr' id='par_1_6' title="bbox 78 878 1201 930">
     <span class='ocr_line' id='line_1_12' title="bbox 78 878 1201 930; baseline -0.002 -15"><span class='ocrx_word' id='word_1_77' title='bbox 78 878 178 916; x_wconf 88' lang='lat' dir='ltr'>diem</span> <span class='ocrx_word' id='word_1_78' title='bbox 207 879 359 928; x_wconf 88' lang='lat' dir='ltr'>signum</span> <span class='ocrx_word' id='word_1_79' title='bbox 392 879 481 916; x_wconf 89' lang='lat' dir='ltr'>dare</span> <span class='ocrx_word' id='word_1_80' title='bbox 509 884 661 930; x_wconf 86' lang='lat' dir='ltr'>posset:</span> <span class='ocrx_word' id='word_1_81' title='bbox 695 891 741 915; x_wconf 90' lang='lat' dir='ltr'>eo</span> <span class='ocrx_word' id='word_1_82' title='bbox 777 878 818 914; x_wconf 90' lang='lat' dir='ltr'>in</span> <span class='ocrx_word' id='word_1_83' title='bbox 846 883 1001 914; x_wconf 86' lang='lat' dir='ltr'>noctem</span> <span class='ocrx_word' id='word_1_84' title='bbox 1035 883 1201 914; x_wconf 88' lang='lat' dir='ltr'>tractum</span> 
     </span>
    </p>

    <p class='ocr_par' dir='ltr' id='par_1_7' title="bbox 78 942 1202 1123">
     <span class='ocr_line' id='line_1_13' title="bbox 78 942 1202 991; baseline -0.002 -11"><span class='ocrx_word' id='word_1_85' title='bbox 78 950 160 980; x_wconf 89' lang='lat' dir='ltr'>erat</span> <span class='ocrx_word' id='word_1_86' title='bbox 195 950 399 981; x_wconf 88' lang='lat' dir='ltr'>certamen.</span> <span class='ocrx_word' id='word_1_87' title='bbox 455 944 618 980; x_wconf 88' lang='lat' dir='ltr'>Postero</span> <span class='ocrx_word' id='word_1_88' title='bbox 656 943 717 979; x_wconf 86' lang='lat' dir='ltr'>die</span> <span class='ocrx_word' id='word_1_89' title='bbox 753 943 903 979; x_wconf 87' lang='lat' dir='ltr'>deserta</span> <span class='ocrx_word' id='word_1_90' title='bbox 937 942 1031 991; x_wconf 87' lang='lat' dir='ltr'>fuga</span> <span class='ocrx_word' id='word_1_91' title='bbox 1076 948 1202 979; x_wconf 85' lang='lat' dir='ltr'>castra</span> 
     </span>
     <span class='ocr_line' id='line_1_14' title="bbox 78 1006 1199 1056; baseline -0.002 -12"><span class='ocrx_word' id='word_1_92' title='bbox 78 1007 351 1052; x_wconf 86' lang='lat' dir='ltr'>Hernicorum,</span> <span class='ocrx_word' id='word_1_93' title='bbox 383 1014 422 1045; x_wconf 91' lang='lat' dir='ltr'>et</span> <span class='ocrx_word' id='word_1_94' title='bbox 446 1008 565 1045; x_wconf 83' lang='lat' dir='ltr'>saucii</span> <span class='ocrx_word' id='word_1_95' title='bbox 595 1006 720 1044; x_wconf 82' lang='lat' dir='ltr'>relicti</span> <span class='ocrx_word' id='word_1_96' title='bbox 749 1006 903 1056; x_wconf 86' lang='lat' dir='ltr'>quidam</span> <span class='ocrx_word' id='word_1_97' title='bbox 930 1007 1074 1042; x_wconf 87' lang='lat' dir='ltr'>inventi</span> <span class='ocrx_word' id='word_1_98' title='bbox 1088 1022 1099 1053; x_wconf 79' lang='lat'>5</span> <span class='ocrx_word' id='word_1_99' title='bbox 1131 1019 1199 1056; x_wconf 87' lang='lat' dir='ltr'>ag·</span> 
     </span>
     <span class='ocr_line' id='line_1_15' title="bbox 78 1071 1202 1123; baseline -0.003 -12"><span class='ocrx_word' id='word_1_100' title='bbox 78 1086 241 1123; x_wconf 89' lang='lat' dir='ltr'>menque</span> <span class='ocrx_word' id='word_1_101' title='bbox 260 1073 492 1123; x_wconf 86' lang='lat' dir='ltr'>fugientium</span> <span class='ocrx_word' id='word_1_102' title='bbox 520 1071 568 1109; x_wconf 90' lang='lat' dir='ltr'>ab</span> <span class='ocrx_word' id='word_1_103' title='bbox 589 1073 722 1122; x_wconf 87' lang='lat' dir='ltr'>signis,</span> <span class='ocrx_word' id='word_1_104' title='bbox 751 1084 868 1122; x_wconf 93' lang='lat' dir='ltr'>quum</span> <span class='ocrx_word' id='word_1_105' title='bbox 892 1077 1029 1123; x_wconf 86' lang='lat' dir='ltr'>praeter</span> <span class='ocrx_word' id='word_1_106' title='bbox 1056 1072 1202 1108; x_wconf 88' lang='lat' dir='ltr'>moenia</span> 
     </span>
    </p>

    <p class='ocr_par' dir='ltr' id='par_1_8' title="bbox 78 1136 1199 1188">
     <span class='ocr_line' id='line_1_16' title="bbox 78 1136 1199 1188; baseline -0.001 -14"><span class='ocrx_word' id='word_1_107' title='bbox 78 1150 210 1175; x_wconf 89' lang='lat' dir='ltr'>eorum</span> <span class='ocrx_word' id='word_1_108' title='bbox 238 1137 495 1187; x_wconf 85' lang='lat' dir='ltr'>infrequentia</span> <span class='ocrx_word' id='word_1_109' title='bbox 523 1143 731 1188; x_wconf 89' lang='lat' dir='ltr'>conspecta</span> <span class='ocrx_word' id='word_1_110' title='bbox 758 1137 869 1186; x_wconf 87' lang='lat' dir='ltr'>signa</span> <span class='ocrx_word' id='word_1_111' title='bbox 898 1142 1038 1181; x_wconf 89' lang='lat' dir='ltr'>essent,</span> <span class='ocrx_word' id='word_1_112' title='bbox 1057 1136 1199 1180; x_wconf 89' lang='lat' dir='ltr'>fusum,</span> 
     </span>
    </p>

    <p class='ocr_par' dir='ltr' id='par_1_9' title="bbox 77 1201 1200 1318">
     <span class='ocr_line' id='line_1_17' title="bbox 79 1201 1200 1254; baseline -0.001 -15"><span class='ocrx_word' id='word_1_113' title='bbox 79 1215 122 1240; x_wconf 90' lang='lat' dir='ltr'>ac</span> <span class='ocrx_word' id='word_1_114' title='bbox 141 1215 209 1254; x_wconf 89' lang='lat' dir='ltr'>per</span> <span class='ocrx_word' id='word_1_115' title='bbox 223 1215 336 1252; x_wconf 84' lang='lat' dir='ltr'>agros</span> <span class='ocrx_word' id='word_1_116' title='bbox 352 1202 501 1253; x_wconf 88' lang='lat' dir='ltr'>trepida</span> <span class='ocrx_word' id='word_1_117' title='bbox 511 1202 605 1252; x_wconf 84' lang='lat' dir='ltr'>fuga</span> <span class='ocrx_word' id='word_1_118' title='bbox 622 1201 792 1253; x_wconf 85' lang='lat' dir='ltr'>palatum</span> <span class='ocrx_word' id='word_1_119' title='bbox 807 1208 875 1239; x_wconf 87' lang='lat' dir='ltr'>est.</span> <span class='ocrx_word' id='word_1_120' title='bbox 912 1201 997 1238; x_wconf 90' lang='lat' dir='ltr'>Nec</span> <span class='ocrx_word' id='word_1_121' title='bbox 1012 1201 1200 1239; x_wconf 88' lang='lat' dir='ltr'>Romanis</span> 
     </span>
     <span class='ocr_line' id='line_1_18' title="bbox 77 1266 1196 1318; baseline -0.002 -14"><span class='ocrx_word' id='word_1_122' title='bbox 77 1269 277 1305; x_wconf 86' lang='lat' dir='ltr'>incruenta</span> <span class='ocrx_word' id='word_1_123' title='bbox 294 1268 455 1305; x_wconf 88' lang='lat' dir='ltr'>victoria</span> <span class='ocrx_word' id='word_1_124' title='bbox 473 1267 548 1304; x_wconf 88' lang='lat' dir='ltr'>fuit</span> <span class='ocrx_word' id='word_1_125' title='bbox 563 1282 570 1303; x_wconf 92' lang='lat'>:</span> <span class='ocrx_word' id='word_1_126' title='bbox 594 1274 730 1317; x_wconf 84' lang='lat' dir='ltr'>quarta</span> <span class='ocrx_word' id='word_1_127' title='bbox 749 1279 834 1318; x_wconf 87' lang='lat' dir='ltr'>pars</span> <span class='ocrx_word' id='word_1_128' title='bbox 851 1266 1015 1303; x_wconf 81' lang='lat' dir='ltr'>militum</span> <span class='ocrx_word' id='word_1_129' title='bbox 1035 1267 1173 1304; x_wconf 87' lang='lat' dir='ltr'>amissa</span> <span class='ocrx_word' id='word_1_130' title='bbox 1184 1282 1196 1313; x_wconf 77' lang='lat'><em>3</em></span> 
     </span>
    </p>

    <p class='ocr_par' dir='ltr' id='par_1_10' title="bbox 77 1331 1198 1384">
     <span class='ocr_line' id='line_1_19' title="bbox 77 1331 1198 1384; baseline 0 -14"><span class='ocrx_word' id='word_1_131' title='bbox 77 1340 129 1377; x_wconf 89' lang='lat' dir='ltr'>et,</span> <span class='ocrx_word' id='word_1_132' title='bbox 150 1332 215 1370; x_wconf 90' lang='lat' dir='ltr'>ubi</span> <span class='ocrx_word' id='word_1_133' title='bbox 233 1333 335 1370; x_wconf 82' lang='lat' dir='ltr'>haud</span> <span class='ocrx_word' id='word_1_134' title='bbox 358 1333 481 1370; x_wconf 82' lang='lat' dir='ltr'>minus</span> <span class='ocrx_word' id='word_1_135' title='bbox 494 1331 657 1384; x_wconf 78' lang='lat' dir='ltr'>jacturae</span> <span class='ocrx_word' id='word_1_136' title='bbox 676 1333 764 1377; x_wconf 90' lang='lat' dir='ltr'>fuit,</span> <span class='ocrx_word' id='word_1_137' title='bbox 785 1332 932 1382; x_wconf 82' lang='lat' dir='ltr'>aliquot</span> <span class='ocrx_word' id='word_1_138' title='bbox 951 1331 1095 1382; x_wconf 85' lang='lat' dir='ltr'>equites</span> <span class='ocrx_word' id='word_1_139' title='bbox 1114 1331 1198 1370; x_wconf 83' lang='lat' dir='ltr'>Ro-</span> 
     </span>
    </p>
   </div>
   <div class='ocr_carea' id='block_1_4' title="bbox 76 1396 377 1434">
    <p class='ocr_par' dir='ltr' id='par_1_11' title="bbox 76 1396 377 1434">
     <span class='ocr_line' id='line_1_20' title="bbox 76 1396 377 1434; baseline 0.003 -1"><span class='ocrx_word' id='word_1_140' title='bbox 76 1397 178 1434; x_wconf 90' lang='lat' dir='ltr'>mani</span> <span class='ocrx_word' id='word_1_141' title='bbox 198 1396 377 1434; x_wconf 89' lang='lat' dir='ltr'>cecidere.</span> 
     </span>
    </p>
   </div>
   <div class='ocr_carea' id='block_1_5' title="bbox 71 1458 1406 1901">
    <p class='ocr_par' dir='ltr' id='par_1_12' title="bbox 71 1458 1406 1836">
     <span class='ocr_line' id='line_1_21' title="bbox 131 1458 1390 1510; baseline -0.001 -13"><span class='ocrx_word' id='word_1_142' title='bbox 131 1460 205 1498; x_wconf 85' lang='lat' dir='ltr'>IX.</span> <span class='ocrx_word' id='word_1_143' title='bbox 236 1460 457 1509; x_wconf 87' lang='lat' dir='ltr'>Insequenti</span> <span class='ocrx_word' id='word_1_144' title='bbox 473 1473 590 1503; x_wconf 87' lang='lat' dir='ltr'>anno,</span> <span class='ocrx_word' id='word_1_145' title='bbox 604 1473 720 1509; x_wconf 89' lang='lat' dir='ltr'>quum</span> <span class='ocrx_word' id='word_1_146' title='bbox 738 1460 781 1497; x_wconf 89' lang='lat' dir='ltr'>C.</span> <span class='ocrx_word' id='word_1_147' title='bbox 800 1458 987 1510; x_wconf 85' lang='lat' dir='ltr'>Sulpicius</span> <span class='ocrx_word' id='word_1_148' title='bbox 1005 1466 1043 1496; x_wconf 93' lang='lat' dir='ltr'>et</span> <span class='ocrx_word' id='word_1_149' title='bbox 1063 1460 1106 1497; x_wconf 85' lang='lat' dir='ltr'>C.</span> <span class='ocrx_word' id='word_1_150' title='bbox 1126 1460 1193 1497; x_wconf 84' lang='lat' dir='ltr'>Li·</span> <span class='ocrx_word' id='word_1_151' title='bbox 1208 1463 1249 1494; x_wconf 86' lang='lat' dir='ltr'>U.</span> <span class='ocrx_word' id='word_1_152' title='bbox 1263 1465 1298 1495; x_wconf 88' lang='lat' dir='ltr'>C.</span> <span class='ocrx_word' id='word_1_153' title='bbox 1316 1471 1390 1499; x_wconf 77' lang='lat'><strong>394.</strong></span> 
     </span>
     <span class='ocr_line' id='line_1_22' title="bbox 76 1508 1387 1565; baseline -0.002 0"><span class='ocrx_word' id='word_1_154' title='bbox 76 1528 196 1565; x_wconf 89' lang='lat' dir='ltr'>cinius</span> <span class='ocrx_word' id='word_1_155' title='bbox 218 1527 354 1564; x_wconf 81' lang='lat' dir='ltr'>Calvus</span> <span class='ocrx_word' id='word_1_156' title='bbox 377 1527 549 1564; x_wconf 89' lang='lat' dir='ltr'>consules</span> <span class='ocrx_word' id='word_1_157' title='bbox 569 1528 609 1563; x_wconf 93' lang='lat' dir='ltr'>in</span> <span class='ocrx_word' id='word_1_158' title='bbox 628 1526 819 1563; x_wconf 85' lang='lat' dir='ltr'>Hernicos</span> <span class='ocrx_word' id='word_1_159' title='bbox 838 1527 1044 1563; x_wconf 85' lang='lat' dir='ltr'>exercitum</span> <span class='ocrx_word' id='word_1_160' title='bbox 1064 1528 1191 1564; x_wconf 81' lang='lat' dir='ltr'>duxis-</span> <span class='ocrx_word' id='word_1_161' title='bbox 1206 1508 1295 1552; x_wconf 43' lang='lat' dir='ltr'><strong>A&#39;sc‘</strong></span> <span class='ocrx_word' id='word_1_162' title='bbox 1313 1515 1387 1541; x_wconf 67' lang='lat'>3⁵8⁹</span> 
     </span>
     <span class='ocr_line' id='line_1_23' title="bbox 76 1591 1191 1642; baseline 0 -13"><span class='ocrx_word' id='word_1_163' title='bbox 76 1599 173 1636; x_wconf 88' lang='lat' dir='ltr'>sent,</span> <span class='ocrx_word' id='word_1_164' title='bbox 194 1605 317 1642; x_wconf 87' lang='lat' dir='ltr'>neque</span> <span class='ocrx_word' id='word_1_165' title='bbox 346 1592 510 1628; x_wconf 86' lang='lat' dir='ltr'>inventis</span> <span class='ocrx_word' id='word_1_166' title='bbox 533 1592 574 1628; x_wconf 90' lang='lat' dir='ltr'>in</span> <span class='ocrx_word' id='word_1_167' title='bbox 603 1604 696 1640; x_wconf 85' lang='lat' dir='ltr'>agro</span> <span class='ocrx_word' id='word_1_168' title='bbox 725 1591 914 1635; x_wconf 82' lang='lat' dir='ltr'>hostibus,</span> <span class='ocrx_word' id='word_1_169' title='bbox 945 1591 1191 1629; x_wconf 83' lang='lat' dir='ltr'>Ferentinum</span> 
     </span>
     <span class='ocr_line' id='line_1_24' title="bbox 73 1657 1331 1707; baseline -0.001 -13"><span class='ocrx_word' id='word_1_170' title='bbox 73 1657 206 1694; x_wconf 88' lang='lat' dir='ltr'>urbem</span> <span class='ocrx_word' id='word_1_171' title='bbox 225 1669 356 1693; x_wconf 87' lang='lat' dir='ltr'>eorum</span> <span class='ocrx_word' id='word_1_172' title='bbox 371 1657 408 1692; x_wconf 89' lang='lat' dir='ltr'>vi</span> <span class='ocrx_word' id='word_1_173' title='bbox 427 1657 629 1706; x_wconf 83' lang='lat' dir='ltr'>cepissent,</span> <span class='ocrx_word' id='word_1_174' title='bbox 646 1657 922 1693; x_wconf 75' lang='lat' dir='ltr'>revertentibus</span> <span class='ocrx_word' id='word_1_175' title='bbox 942 1657 1029 1693; x_wconf 88' lang='lat' dir='ltr'>inde</span> <span class='ocrx_word' id='word_1_176' title='bbox 1049 1658 1101 1693; x_wconf 89' lang='lat' dir='ltr'>eis</span> <span class='ocrx_word' id='word_1_177' title='bbox 1121 1657 1188 1693; x_wconf 85' lang='lat' dir='ltr'>Ti-</span> <span class='ocrx_word' id='word_1_178' title='bbox 1203 1659 1331 1707; x_wconf 59' lang='lat' dir='ltr'>Bellum</span> 
     </span>
     <span class='ocr_line' id='line_1_25' title="bbox 71 1702 1406 1776; baseline 0 -19"><span class='ocrx_word' id='word_1_179' title='bbox 71 1722 201 1757; x_wconf 87' lang='lat' dir='ltr'>burtes</span> <span class='ocrx_word' id='word_1_180' title='bbox 218 1727 347 1770; x_wconf 86' lang='lat' dir='ltr'>portas</span> <span class='ocrx_word' id='word_1_181' title='bbox 365 1720 544 1756; x_wconf 86' lang='lat' dir='ltr'>clausere.</span> <span class='ocrx_word' id='word_1_182' title='bbox 589 1720 649 1756; x_wconf 83' lang='lat' dir='ltr'>Ea</span> <span class='ocrx_word' id='word_1_183' title='bbox 668 1720 801 1757; x_wconf 81' lang='lat' dir='ltr'>ultima</span> <span class='ocrx_word' id='word_1_184' title='bbox 816 1720 890 1757; x_wconf 88' lang='lat' dir='ltr'>fuit</span> <span class='ocrx_word' id='word_1_185' title='bbox 909 1733 1055 1763; x_wconf 83' lang='lat' dir='ltr'>caussa,</span> <span class='ocrx_word' id='word_1_186' title='bbox 1071 1734 1187 1770; x_wconf 86' lang='lat' dir='ltr'>quum</span> <span class='ocrx_word' id='word_1_187' title='bbox 1200 1702 1406 1776; x_wconf 40' lang='lat' dir='ltr'>tcissffijnbur&#39;</span> 
     </span>
     <span class='ocr_line' id='line_1_26' title="bbox 73 1784 1187 1836; baseline 0.001 -14"><span class='ocrx_word' id='word_1_188' title='bbox 73 1784 202 1822; x_wconf 85' lang='lat' dir='ltr'>multae</span> <span class='ocrx_word' id='word_1_189' title='bbox 228 1790 341 1821; x_wconf 86' lang='lat' dir='ltr'>antea</span> <span class='ocrx_word' id='word_1_190' title='bbox 363 1785 608 1833; x_wconf 71' lang='lat' dir='ltr'>querimoniae</span> <span class='ocrx_word' id='word_1_191' title='bbox 638 1785 738 1821; x_wconf 80' lang='lat' dir='ltr'>ultro</span> <span class='ocrx_word' id='word_1_192' title='bbox 763 1786 934 1835; x_wconf 84' lang='lat' dir='ltr'>citroque</span> <span class='ocrx_word' id='word_1_193' title='bbox 948 1784 1106 1836; x_wconf 83' lang='lat' dir='ltr'>jactatae</span> <span class='ocrx_word' id='word_1_194' title='bbox 1129 1799 1187 1823; x_wconf 91' lang='lat' dir='ltr'>es-</span> 
     </span>
    </p>

    <p class='ocr_par' dir='ltr' id='par_1_13' title="bbox 71 1848 1189 1901">
     <span class='ocr_line' id='line_1_27' title="bbox 71 1848 1189 1901; baseline 0 -14"><span class='ocrx_word' id='word_1_195' title='bbox 71 1857 170 1894; x_wconf 88' lang='lat' dir='ltr'>sent,</span> <span class='ocrx_word' id='word_1_196' title='bbox 191 1862 271 1893; x_wconf 89' lang='lat' dir='ltr'>cur,</span> <span class='ocrx_word' id='word_1_197' title='bbox 291 1861 358 1899; x_wconf 91' lang='lat' dir='ltr'>per</span> <span class='ocrx_word' id='word_1_198' title='bbox 376 1848 528 1886; x_wconf 86' lang='lat' dir='ltr'>feciales</span> <span class='ocrx_word' id='word_1_199' title='bbox 543 1850 654 1886; x_wconf 89' lang='lat' dir='ltr'>rebus</span> <span class='ocrx_word' id='word_1_200' title='bbox 671 1851 856 1901; x_wconf 81' lang='lat' dir='ltr'>repetitis,</span> <span class='ocrx_word' id='word_1_201' title='bbox 876 1850 1018 1887; x_wconf 90' lang='lat' dir='ltr'>bellum</span> <span class='ocrx_word' id='word_1_202' title='bbox 1037 1851 1189 1888; x_wconf 88' lang='lat' dir='ltr'>Tiburti</span> 
     </span>
    </p>
   </div>
   <div class='ocr_carea' id='block_1_6' title="bbox 66 1913 1377 2094">
    <p class='ocr_par' dir='ltr' id='par_1_14' title="bbox 66 1913 1377 2094">
     <span class='ocr_line' id='line_1_28' title="bbox 70 1913 1377 1966; baseline 0.001 -14"><span class='ocrx_word' id='word_1_203' title='bbox 70 1914 213 1966; x_wconf 89' lang='lat' dir='ltr'>populo</span> <span class='ocrx_word' id='word_1_204' title='bbox 229 1913 470 1951; x_wconf 85' lang='lat' dir='ltr'>indiceretur.</span> <span class='ocrx_word' id='word_1_205' title='bbox 525 1914 767 1952; x_wconf 80' lang='lat' dir='ltr'>Dictatoren]</span> <span class='ocrx_word' id='word_1_206' title='bbox 781 1915 827 1952; x_wconf 91' lang='lat' dir='ltr'>T.</span> <span class='ocrx_word' id='word_1_207' title='bbox 845 1915 1069 1955; x_wconf 88' lang='lat' dir='ltr'>Quinctium</span> <span class='ocrx_word' id='word_1_208' title='bbox 1083 1915 1184 1953; x_wconf 90' lang='lat' dir='ltr'>Pen-</span> <span class='ocrx_word' id='word_1_209' title='bbox 1198 1921 1236 1950; x_wconf 90' lang='grc' dir='ltr'>Τ.</span> <span class='ocrx_word' id='word_1_210' title='bbox 1255 1920 1377 1953; x_wconf 65' lang='lat' dir='ltr'>Quinc-</span> 
     </span>
     <span class='ocr_line' id='line_1_29' title="bbox 1193 1965 1365 2039; baseline -0.023 -2"><span class='ocrx_word' id='word_1_211' title='bbox 1193 1970 1257 2038; x_wconf 60' lang='grc' dir='ltr'>ἓξὲξ</span> <span class='ocrx_word' id='word_1_212' title='bbox 1268 1965 1365 2039; x_wconf 65' lang='grc' dir='ltr'>ἐῖἰὶζ.</span> 
     </span>
     <span class='ocr_line' id='line_1_30' title="bbox 66 2042 1250 2094; baseline 0.002 -14"><span class='ocrx_word' id='word_1_213' title='bbox 66 2044 215 2094; x_wconf 89' lang='lat' dir='ltr'>quitum</span> <span class='ocrx_word' id='word_1_214' title='bbox 235 2043 314 2080; x_wconf 87' lang='lat' dir='ltr'>Ser.</span> <span class='ocrx_word' id='word_1_215' title='bbox 345 2042 564 2080; x_wconf 88' lang='lat' dir='ltr'>Cornelium</span> <span class='ocrx_word' id='word_1_216' title='bbox 586 2043 905 2093; x_wconf 61' lang='lat' dir='ltr'>Blaluginensem.</span> <span class='ocrx_word' id='word_1_217' title='bbox 960 2044 1094 2081; x_wconf 88' lang='lat' dir='ltr'>Macer</span> <span class='ocrx_word' id='word_1_218' title='bbox 1110 2045 1179 2081; x_wconf 91' lang='lat' dir='ltr'>Li-</span> <span class='ocrx_word' id='word_1_219' title='bbox 1190 2058 1250 2082; x_wconf 84' lang='lat' dir='ltr'>tor.</span> 
     </span>
    </p>
   </div>
   <div class='ocr_carea' id='block_1_7' title="bbox 11 2108 1180 2352">
    <p class='ocr_par' dir='ltr' id='par_1_15' title="bbox 11 2108 1180 2352">
     <span class='ocr_line' id='line_1_31' title="bbox 68 2108 1180 2152; baseline 0.002 -8"><span class='ocrx_word' id='word_1_220' title='bbox 68 2108 190 2145; x_wconf 87' lang='lat' dir='ltr'>einins</span> <span class='ocrx_word' id='word_1_221' title='bbox 209 2108 453 2145; x_wconf 89' lang='lat' dir='ltr'>comitiorum</span> <span class='ocrx_word' id='word_1_222' title='bbox 463 2108 726 2146; x_wconf 87' lang='lat' dir='ltr'>habendorum</span> <span class='ocrx_word' id='word_1_223' title='bbox 741 2121 887 2152; x_wconf 88' lang='lat' dir='ltr'>caussa,</span> <span class='ocrx_word' id='word_1_224' title='bbox 907 2114 946 2145; x_wconf 86' lang='lat' dir='ltr'>et</span> <span class='ocrx_word' id='word_1_225' title='bbox 964 2109 1010 2145; x_wconf 87' lang='lat' dir='ltr'>ab</span> <span class='ocrx_word' id='word_1_226' title='bbox 1026 2108 1180 2146; x_wconf 88' lang='lat' dir='ltr'>Licinio</span> 
     </span>
     <span class='ocr_line' id='line_1_32' title="bbox 68 2172 1179 2222; baseline 0.002 -14"><span class='ocrx_word' id='word_1_227' title='bbox 68 2172 231 2217; x_wconf 56' lang='lat' dir='ltr'>consule,</span> <span class='ocrx_word' id='word_1_228' title='bbox 248 2172 392 2209; x_wconf 89' lang='lat' dir='ltr'>dictum</span> <span class='ocrx_word' id='word_1_229' title='bbox 420 2172 565 2217; x_wconf 88' lang='lat' dir='ltr'>scribit,</span> <span class='ocrx_word' id='word_1_230' title='bbox 586 2173 688 2222; x_wconf 91' lang='lat' dir='ltr'>quia,</span> <span class='ocrx_word' id='word_1_231' title='bbox 718 2172 866 2221; x_wconf 83' lang='lat' dir='ltr'>collega</span> <span class='ocrx_word' id='word_1_232' title='bbox 894 2173 1049 2209; x_wconf 88' lang='lat' dir='ltr'>comitia</span> <span class='ocrx_word' id='word_1_233' title='bbox 1077 2173 1179 2210; x_wconf 90' lang='lat' dir='ltr'>bello</span> 
     </span>
     <span class='ocr_line' id='line_1_33' title="bbox 66 2234 1178 2287; baseline 0.002 -15"><span class='ocrx_word' id='word_1_234' title='bbox 66 2234 243 2287; x_wconf 85' lang='lat' dir='ltr'>praeferre</span> <span class='ocrx_word' id='word_1_235' title='bbox 260 2235 479 2280; x_wconf 84' lang='lat' dir='ltr'>festinante,</span> <span class='ocrx_word' id='word_1_236' title='bbox 501 2242 544 2273; x_wconf 91' lang='lat' dir='ltr'>ut</span> <span class='ocrx_word' id='word_1_237' title='bbox 568 2237 810 2273; x_wconf 83' lang='lat' dir='ltr'>continuaret</span> <span class='ocrx_word' id='word_1_238' title='bbox 835 2236 1088 2281; x_wconf 88' lang='lat' dir='ltr'>consulatum,</span> <span class='ocrx_word' id='word_1_239' title='bbox 1108 2237 1178 2274; x_wconf 90' lang='lat' dir='ltr'>ob-</span> 
     </span>
     <span class='ocr_line' id='line_1_34' title="bbox 11 2300 1178 2352; baseline 0.003 -16"><span class='ocrx_word' id='word_1_240' title='bbox 11 2347 17 2350; x_wconf 28' lang='grc'>,</span> <span class='ocrx_word' id='word_1_241' title='bbox 66 2302 166 2337; x_wconf 82' lang='lat' dir='ltr'>viam</span> <span class='ocrx_word' id='word_1_242' title='bbox 192 2300 357 2336; x_wconf 90' lang='lat' dir='ltr'>eundum</span> <span class='ocrx_word' id='word_1_243' title='bbox 381 2313 506 2351; x_wconf 85' lang='lat' dir='ltr'>pravae</span> <span class='ocrx_word' id='word_1_244' title='bbox 532 2302 731 2352; x_wconf 89' lang='lat' dir='ltr'>cupiditati</span> <span class='ocrx_word' id='word_1_245' title='bbox 755 2301 881 2339; x_wconf 89' lang='lat' dir='ltr'>fuerit.</span> <span class='ocrx_word' id='word_1_246' title='bbox 938 2302 1110 2341; x_wconf 86' lang='lat' dir='ltr'>Quaesita</span> <span class='ocrx_word' id='word_1_247' title='bbox 1134 2315 1178 2339; x_wconf 82' lang='lat' dir='ltr'>ea</span> 
     </span>
    </p>
   </div>
   <div class='ocr_carea' id='block_1_8' title="bbox 63 2364 1177 2468">
    <p class='ocr_par' dir='ltr' id='par_1_16' title="bbox 63 2364 1177 2468">
     <span class='ocr_line' id='line_1_35' title="bbox 63 2364 1177 2416; baseline 0.003 -15"><span class='ocrx_word' id='word_1_248' title='bbox 63 2364 228 2416; x_wconf 85' lang='lat' dir='ltr'>propriae</span> <span class='ocrx_word' id='word_1_249' title='bbox 256 2364 410 2402; x_wconf 84' lang='lat' dir='ltr'>familiae</span> <span class='ocrx_word' id='word_1_250' title='bbox 441 2365 523 2403; x_wconf 88' lang='lat' dir='ltr'>laus</span> <span class='ocrx_word' id='word_1_251' title='bbox 551 2365 734 2403; x_wconf 89' lang='lat' dir='ltr'>leviorem</span> <span class='ocrx_word' id='word_1_252' title='bbox 763 2372 957 2404; x_wconf 89' lang='lat' dir='ltr'>auctorem</span> <span class='ocrx_word' id='word_1_253' title='bbox 985 2366 1177 2404; x_wconf 88' lang='lat' dir='ltr'>Licinium</span> 
     </span>
     <span class='ocr_line' id='line_1_36' title="bbox 112 2428 646 2468; baseline 0.006 -3"><span class='ocrx_word' id='word_1_254' title='bbox 112 2429 214 2467; x_wconf 83' lang='lat' dir='ltr'>VoL.</span> <span class='ocrx_word' id='word_1_255' title='bbox 235 2428 267 2467; x_wconf 91' lang='grc' dir='ltr'>Ι.</span> <span class='ocrx_word' id='word_1_256' title='bbox 606 2430 646 2468; x_wconf 90' lang='lat' dir='ltr'>Y</span> 
     </span>
    </p>
   </div>
   <div class='ocr_carea' id='block_1_9' title="bbox 67 1978 1181 2029">
    <p class='ocr_par' dir='ltr' id='par_1_17' title="bbox 67 1978 1181 2029">
     <span class='ocr_line' id='line_1_37' title="bbox 67 1978 1181 2029; baseline 0 -12"><span class='ocrx_word' id='word_1_257' title='bbox 67 1992 160 2017; x_wconf 89' lang='lat' dir='ltr'>num</span> <span class='ocrx_word' id='word_1_258' title='bbox 179 1991 224 2015; x_wconf 88' lang='lat' dir='ltr'>eo</span> <span class='ocrx_word' id='word_1_259' title='bbox 251 1991 352 2015; x_wconf 84' lang='lat' dir='ltr'>anno</span> <span class='ocrx_word' id='word_1_260' title='bbox 370 1978 501 2023; x_wconf 88' lang='lat' dir='ltr'>fuisse,</span> <span class='ocrx_word' id='word_1_261' title='bbox 522 1979 611 2015; x_wconf 84' lang='lat' dir='ltr'>satis</span> <span class='ocrx_word' id='word_1_262' title='bbox 639 1986 804 2023; x_wconf 84' lang='lat' dir='ltr'>constat,</span> <span class='ocrx_word' id='word_1_263' title='bbox 832 1986 870 2015; x_wconf 89' lang='lat' dir='ltr'>et</span> <span class='ocrx_word' id='word_1_264' title='bbox 894 1979 1116 2029; x_wconf 85' lang='lat' dir='ltr'>magistrum</span> <span class='ocrx_word' id='word_1_265' title='bbox 1141 1993 1181 2017; x_wconf 87' lang='lat' dir='ltr'>e-</span> 
     </span>
    </p>
   </div>
  </div>
 </body>
</html>
