1573 2598
320 151 406 195 554
776 153 822 183 Τ.
848 114 980 184 mvn
1021 173 1024 176 Δ

128 245 169 275 U.
183 243 219 274 C.
237 250 310 279 417.
325 241 496 278 Nostrum
511 239 596 291 fuit
614 240 766 291 efficere,
786 247 828 279 ut
847 243 1003 279 omnium
1021 254 1141 278 rernm
1159 242 1254 279 vo'bis
1280 244 1328 279 ad
1346 254 1428 280 con-

128 288 217 320 A‘C'
236 295 508 342 ³³⁵·sulendum
534 311 692 354 potestas
720 312 832 344 esset:
859 312 1013 343 vestrum
1042 312 1095 343 est
1122 308 1319 351 decernere,
1342 306 1436 356 quod

321 372 495 419 optimum
514 371 608 407 robis
626 372 746 420 reique
759 372 912 420 publicae
928 374 987 408 sit.

377 434 489 471 XIV.
529 434 727 486 Principes
757 442 910 472 senatus
941 435 1165 472 relationem
1194 433 1359 472 consulis
1388 434 1436 471 de

319 511 467 536 summa
490 511 614 535 rerum
645 499 824 545 laudare;
856 500 936 543 sed,
966 512 1082 549 quum
1112 499 1272 536 aliorum
1302 511 1435 536 caussa

319 563 395 599 alia
419 569 532 607 esset,
561 564 615 600 ita
645 564 813 615 expediri
841 577 952 615 posse
981 563 1196 607 consilium,
1227 564 1364 606 dicere,
1391 569 1434 598 ut

318 640 389 678 pro
415 629 552 665 merito
572 627 755 679 cujusque
783 634 1026 672 statueretur,
1048 628 1080 664 si
1099 627 1145 665 de
1174 626 1332 676 singulis
1360 639 1432 664 no-

124 701 277 732 Senatus-
318 691 494 728 min-atim
506 689 696 729 'referrent
713 691 875 743 populis.
903 690 1086 729 Relatum
1104 691 1222 740 igitur
1236 691 1282 727 de
1300 690 1432 740 singu·

123 744 363 819 g‘gnfiffffiisuis
401 756 680 806 decretumque.
718 756 928 793 Lanuvinis
960 756 1092 792 civitas
1128 755 1217 792 data
1250 767 1431 804 sacraque

114 832 117 836 ·
318 832 386 857 sua
405 820 552 857 reddita
567 833 651 856 cum
672 833 732 863 eo,
749 826 790 856 ut
811 820 906 856 aedes
926 818 1106 868 lucusque
1127 819 1288 868 Sospitae
1306 818 1332 854 J
1335 831 1430 855 uno-

317 884 378 920 nis
405 883 616 920 communis
642 882 852 919 Lanuvinis
884 881 1139 932 municipibus
1171 893 1256 918 cum
1289 881 1431 931 populo

317 948 499 987 Romano
533 954 643 985 esset.
681 948 829 985 Aricini
867 947 1178 996 Nomentanique
1215 953 1253 983 et
1288 946 1432 984 Pedani

319 1013 453 1049 eodem
483 1011 586 1063 jure,
609 1025 687 1062 quo
723 1011 931 1055 Lanuvini,
969 1011 1010 1047 in
1046 1011 1239 1048 civitatem
1275 1012 1434 1062 accepti.

319 1076 546 1114 Tusculanis
567 1082 717 1113 servata
735 1076 884 1118 civitas,
897 1088 1010 1125 quam
1028 1075 1247 1121 habebant3
1270 1075 1431 1112 crimen-

319 1154 392 1190 que
409 1139 628 1177 rebellionis
655 1153 677 1176 a
702 1139 856 1191 publica
873 1139 1005 1176 fraude
1026 1139 1063 1176 in
1092 1151 1232 1189 paucos
1259 1145 1432 1176 auctores

319 1217 480 1241 versum.
510 1203 556 1240 In
576 1203 810 1247 Veliternos,
828 1210 970 1240 veteres
985 1204 1083 1239 cives
1101 1203 1314 1246 Romanos,
1330 1203 1432 1252 quod

314 1268 431 1304 toties
460 1267 723 1311 rebellassent,
754 1267 920 1315 graviter
949 1267 1144 1302 saevitum:
1177 1272 1214 1303 et
1242 1267 1340 1302 muri
1368 1266 1434 1303 de·

310 1330 420 1383 jecti,
441 1338 480 1368 et
500 1338 652 1368 senatus
674 1332 760 1368 inde
780 1331 980 1375 abductus,
995 1330 1169 1381 jussique
1194 1337 1297 1366 trans
1317 1330 1434 1368 Tibe·-

317 1397 388 1432 rim
414 1395 610 1432 habitare:
644 1402 686 1432 ut
712 1394 807 1445 ejus,
829 1395 894 1445 qni
913 1395 966 1432 cis
992 1395 1162 1431 Tiberim
1182 1395 1433 1445 deprehensus

319 1465 431 1503 esset,
463 1472 579 1509 usque
614 1460 659 1495 ad
689 1459 792 1496 mille
825 1459 951 1509 pondo
981 1458 1181 1507 clarigatio
1209 1464 1330 1502 esset3
1361 1471 1433 1494 nec

320 1524 438 1574 prius,
465 1536 578 1572 quam
610 1536 681 1559 cere
711 1522 921 1573 persoluto,
954 1523 998 1566 is,
1021 1522 1083 1571 qui
1119 1522 1295 1572 cepisset,
1325 1527 1433 1558 extra

319 1587 471 1624 vincula
497 1593 649 1637 captum
678 1587 848 1623 haberet.
892 1586 939 1622 In
968 1599 1101 1635 agrum
1130 1591 1348 1622 senatorum
1368 1599 1432 1622 co-

320 1650 401 1688 loni
421 1652 548 1688 missi:
581 1650 717 1700 quibus
746 1651 959 1700 adscriptiS,
984 1650 1148 1700 speciem
1173 1650 1338 1698 antiquae
1358 1649 1431 1686 fre-

321 1715 486 1765 quentiae
504 1715 660 1750 Velitrae
688 1720 924 1764 receperunt.
954 1714 1006 1750 Et
1025 1714 1183 1749 Antium
1210 1725 1309 1748 nova
1329 1712 1433 1749 colo-

320 1780 387 1816 nia
414 1780 530 1816 missa
558 1791 643 1816 curn
672 1791 732 1822 eo,
762 1784 806 1814 ut
833 1777 1054 1814 Antiatibus
1080 1777 1374 1827 permitteretur,
1404 1777 1436 1814 si

322 1849 361 1879 et
393 1843 465 1893 ipsi
495 1841 657 1879 adscribi
691 1842 818 1879 coloni
853 1841 1014 1878 vellent:
1051 1852 1164 1877 naves
1198 1840 1284 1876 inde
1311 1840 1436 1890 longae

322 1907 481 1950 abactae,
503 1907 820 1955 interdictumque
848 1907 944 1942 mari
963 1906 1113 1942 Antiati
1133 1904 1276 1955 populo
1305 1911 1375 1947 est,
1397 1910 1436 1941 et
1531 1910 1553 1988 ἓ

323 1970 456 2007 civitas
483 1970 580 2006 data.
619 1970 798 2006 Tiburtes
827 1971 1127 2019 Praenestinique
1153 1982 1245 2018 agro
1270 1969 1435 2011 multati,
1524 1998 1554 2210 ζ

322 2047 445 2084 neque
464 2034 514 2070 ob
538 2047 666 2070 recens
692 2040 842 2071 tantum
868 2035 1099 2077 rebellionis,
1121 2045 1322 2071 commune
1349 2045 1435 2070 cum

323 2099 405 2136 aliis
425 2098 590 2142 Latinis,
614 2099 756 2135 crimen
770 2115 780 2145 5
813 2100 876 2135 sed
897 2099 1013 2148 quod,
1040 2098 1154 2134 taedio
1180 2097 1327 2147 imperii
1353 2096 1437 2134 Ro-

322 2162 439 2206 mani,
467 2175 552 2198 cum
585 2161 720 2206 Gallis,
750 2169 863 2212 gente
897 2162 1065 2204 efferata,
1102 2173 1207 2198 arma
1242 2160 1433 2210 quondam

323 2227 618 2264 consociassent.
667 2227 813 2263 Ceteris
850 2226 1002 2263 Latinis
1047 2226 1196 2277 populis
1243 2223 1436 2261 connubia

322 2292 622 2344 commerciaque
642 2297 680 2329 et
699 2291 861 2330 concilia
880 2291 978 2329 inter
998 2304 1037 2328 se
1055 2291 1288 2328 ademerunt.
1318 2288 1431 2326 Cam·
