1573 2598
360 180 440 224 186
656 207 660 211 -
831 190 875 217 T.
901 189 1035 218 mvn

229 301 235 308 .
255 286 329 313 293-
353 280 471 323 dicto,
497 290 577 315 non
603 277 708 314 facto
732 288 959 326 quemquam
984 274 1232 319 obfen‘disset,
1259 282 1301 312 ut
1325 276 1469 314 condo·

222 346 229 353 .
247 331 320 357 459.

350 350 486 381 natent
515 343 648 385 filium,
679 341 825 378 orabat,
883 341 956 377 Sed
986 340 1050 377 alii
1083 339 1352 378 aversabantur
1383 354 1468 391 pre-

351 421 426 451 ces,
465 412 531 444 aut
564 405 802 449 verecundia,
840 411 907 442 aut
943 410 1074 440 metu:
1113 402 1201 447 alii,
1229 415 1270 440 se
1305 416 1468 454 suosque

349 471 535 508 mulcatos
558 476 771 520 querentes,
793 469 913 506 atroci
938 480 1123 519 responso
1141 466 1330 518 judicium
1358 481 1466 506 suum

348 534 613 586 praeferebant.

403 598 521 635 XIII.
551 596 754 634 Premebat
773 609 892 639 reum,
913 602 1048 646 praeter
1060 595 1254 644 vulgatam
1272 595 1466 640 invidiam,

349 663 491 699 crimen
523 674 668 706 unum3
701 660 803 709 quod
831 659 888 696 M.
913 659 1088 696 Volscius
1111 659 1255 704 Fictor,
1286 659 1351 708 qui
1379 666 1468 696 ante

348 725 495 775 aliquot
520 737 640 762 annos
665 723 841 760 tribunus
866 723 987 775 plebis
1011 723 1150 767 fuerat,
1176 724 1284 760 testis
1310 724 1467 760 exstite-
1499 746 1502 749 >

345 796 418 833 rat,
440 791 489 827 Se
507 790 607 826 haud
627 790 741 826 multo
761 793 858 838 post,
878 801 986 837 quam
1007 790 1214 837 pestilentia
1231 790 1269 824 in
1295 789 1381 825 urbe
1395 787 1468 837 fu-

346 859 438 897 erat,
463 856 499 892 in
519 853 759 902 juventutem,
784 859 1008 901 grassantem
1033 854 1070 888 z'n
1094 853 1251 895 Subura,
1277 853 1442 888 incidisse
1455 868 1468 888 .-

345 918 393 953 ibi
411 920 527 953 rixam
543 923 671 954 natam
697 929 780 959 esse,
795 916 1027 965 fratremque
1046 929 1151 953 suum
1171 915 1342 963 majorem
1362 921 1466 959 natu,

343 982 496 1017 necdum
523 993 565 1016 ex
590 980 711 1016 morbo
737 982 824 1016 satis
845 981 1020 1023 validum,
1037 992 1163 1029 pugno
1182 982 1294 1017 ictum
1318 979 1363 1015 ab
1381 980 1467 1016 Καε-

342 1056 427 1081 sone
454 1046 619 1081 cecidisse
640 1045 892 1079 semianimem.
951 1044 1052 1080 Inter
1075 1055 1203 1080 manus
1230 1044 1376 1080 demum
1403 1043 1467 1080 ab·

344 1109 472 1152 latum,
493 1113 743 1156 mortuumque
766 1109 848 1144 inde
867 1108 1051 1151 arbitrari,
1070 1120 1135 1144 nec
1151 1108 1217 1144 sibi
1233 1120 1309 1144 rem
1327 1109 1468 1157 exsequi

342 1178 418 1209 tam
437 1178 593 1210 atrocem
614 1185 682 1222 per
701 1174 858 1209 consules
877 1174 1099 1222 superiorum
1119 1185 1296 1209 annorum
1315 1174 1463 1210 licuisse.

340 1235 438 1273 Haec
472 1237 629 1273 Volscio
664 1236 899 1279 clamitante,
938 1236 1033 1272 adeo
1070 1237 1252 1272 concitati
1288 1236 1462 1272 homines

340 1307 443 1344 sunt,
465 1307 507 1336 ut
532 1301 635 1338 haud
661 1300 823 1337 multum
850 1300 1028 1343 abfuerit,
1049 1301 1141 1349 quin
1169 1301 1302 1350 inpetu
1330 1299 1463 1350 populi

339 1365 459 1402 Kaeso
489 1366 672 1402 interiret.
730 1365 925 1414 Virginius
955 1365 1075 1415 adripi
1101 1364 1215 1415 jubet
1250 1365 1460 1407 hominem,

339 1435 378 1465 et
402 1430 442 1465 iu
461 1429 612 1466 vincula
638 1429 721 1466 duci
743 1445 750 1465 :
782 1429 933 1479 patricii
953 1435 1089 1466 contra
1105 1429 1142 1464 vi
1165 1429 1358 1465 resistunt.
1413 1428 1461 1465 T.

337 1493 542 1532 Quinctius
569 1493 752 1536 clamitat,
776 1494 843 1530 Cui
867 1495 920 1530 rei
938 1492 1105 1541 capitalis
1131 1494 1205 1529 dies
1224 1494 1323 1529 dieta
1345 1494 1405 1535 sit,
1426 1498 1463 1529 et

337 1558 382 1593 de
409 1569 478 1604 quo
495 1557 673 1606 futurum
696 1570 812 1607 prope
837 1559 931 1594 diem
949 1556 1146 1604 judicium,
1167 1569 1248 1593 eum
1272 1557 1460 1594 indemna-

337 1625 413 1657 tum
433 1622 570 1658 indicta
589 1635 714 1659 caussa
731 1634 803 1658 non
823 1622 948 1658 debere
964 1623 1105 1658 violari.
1161 1620 1354 1658 Tribunus
1373 1624 1458 1670 sup-

331 1685 484 1733 plicium
504 1692 619 1734 negat
637 1691 838 1722 sumturum
854 1697 891 1722 se
910 1686 954 1722 cle
971 1686 1179 1721 indemnato
1193 1701 1205 1729 ,·
1233 1689 1459 1722 servaturum

335 1753 456 1785 tamen
481 1751 519 1785 z'n
545 1750 696 1786 vinculis
723 1763 794 1786 esse
814 1751 864 1786 ad
883 1748 1016 1796 judicii
1041 1751 1135 1786 diem
1152 1765 1164 1786 .·
1191 1754 1245 1792 ut,
1265 1751 1327 1798 qui
1345 1750 1458 1786 homi.-

333 1824 415 1848 nem
442 1816 633 1857 necaverit,
662 1815 705 1850 dc
737 1826 778 1850 eo
807 1815 976 1862 supplicii
1006 1814 1170 1850 sumendi
1193 1815 1297 1862 copia
1320 1814 1459 1862 populo

335 1876 502 1913 Romano
515 1879 604 1927 fiat.
660 1877 853 1927 Adpellati
889 1878 1033 1914 tribuni
1063 1878 1187 1914 medio
1216 1878 1368 1913 decreto
1390 1875 1455 1927 jus

333 1939 464 1975 auxilii
504 1942 562 1976 sui
595 1942 826 1990 expediunt:
867 1943 905 1978 in
943 1942 1094 1978 vincula
1127 1941 1266 1992 conjici
1297 1947 1451 1978 vetant:

333 2004 415 2038 sisti
441 2016 560 2046 reum,
587 2006 874 2054 pecuniamque,
901 2007 974 2041 nisi
1002 2007 1172 2049 sistatur,
1199 2004 1341 2055 populo
1365 2017 1453 2054 pro-

331 2067 447 2110 mitti,
464 2068 612 2117 placcre
631 2070 898 2118 pronunciant.
930 2070 1123 2106 Summam
1142 2070 1312 2120 pecuniae
1333 2082 1452 2119 quan-

330 2137 410 2167 tam
436 2145 584 2181 aequum
607 2140 705 2169 esset
731 2135 917 2183 promitti,
938 2133 1115 2170 veniebat
1137 2134 1177 2170 in
1203 2133 1382 2170 dubium:
1414 2133 1453 2169 id

331 2195 379 2231 ad
397 2202 570 2232 senatum
590 2196 770 2247 rejicitur.
827 2197 948 2240 Reus,
969 2198 1056 2234 dum
1076 2197 1363 2234 consulerentur
1377 2197 1451 2234 Pa-

329 2266 421 2302 tres,
450 2266 618 2296 retentus
648 2261 686 2296 in
721 2261 874 2311 publico
903 2269 987 2298 cst:
1019 2261 1130 2298 vades
1161 2261 1250 2297 dare
1278 2259 1447 2311 placuit:

331 2334 445 2358 unum
467 2323 598 2361 vadem
626 2323 747 2361 tribus
777 2324 941 2362 millibus
968 2325 1050 2361 aeris
1076 2323 1321 2374 obligarunt:
1352 2330 1447 2373 quot
