1573 2598
432 174 584 204 LIBER
611 173 668 202 11.
701 173 807 201 CAP.
833 173 878 201 X.
1160 173 1214 215 99

96 262 166 300 niis
205 263 335 300 habita
369 277 471 307 cura,
501 269 539 300 et
575 261 621 298 ad
657 260 890 298 frumentum
918 260 1213 311 comparandum
1225 267 1267 298 U.
1285 267 1320 299 C.
1339 273 1414 300 246.

95 329 214 372 missi,
253 328 317 365 alii
353 330 393 365 in
421 327 595 370 Volscos,
626 325 691 362 alii
720 326 873 362 Cumas,
930 325 1026 362 Salis
1063 339 1215 376 quoque

93 393 280 430 vendendi
308 393 520 435 arbitrium,
541 391 629 440 quia
653 390 814 440 inpenso
839 389 964 439 pretio
983 388 1151 433 venibat,
1176 390 1215 425 in

93 458 287 511 publicum
316 458 420 494 omni
449 462 589 499 sumtu,
620 455 813 491 ademtum
849 455 1018 504 privatis.
1073 454 1215 491 Porto-

91 521 231 570 riisque
260 527 298 557 et
322 520 467 556 tributo
493 518 620 571 plebes
647 517 821 561 liberata,
842 524 885 553 ut
908 518 1040 554 divites
1064 517 1215 554 confer-

91 592 190 629 rent,
220 586 283 634 qui
308 585 415 621 oneri
444 584 601 620 ferendo
630 590 778 619 essent:
811 596 994 634 pauperes
1025 584 1115 619 satis
1146 585 1216 620 sti-

91 651 216 702 pendii
245 650 420 701 pendere,
452 650 483 685 si
519 648 658 686 liberos
690 649 907 686 educarent.
965 649 1100 700 Itaque
1132 652 1216 689 haec

91 714 327 765 indulgentia
363 714 534 758 Patrum,
573 714 713 764 asperis
752 715 997 765 postmodum
1026 715 1136 752 rebus
1173 718 1214 755 in

93 780 290 818 obsidione
326 793 370 816 ac
398 778 513 822 fame,
544 779 638 816 adeo
669 780 898 816 concordem
927 782 1120 819 civitatem
1157 790 1215 820 te-

89 844 188 888 nuit,
208 851 251 880 ut
270 844 415 893 regium
439 855 580 880 nomen
606 855 684 880 non
711 845 847 881 summi
866 844 1000 894 magis,
1022 858 1135 894 quam
1154 847 1215 883 in·

91 911 184 956 fimi,
213 912 436 948 horrerent:
477 922 546 945 nec
575 909 775 958 quisquam
803 922 900 946 unus
930 909 1039 946 malis
1069 912 1214 949 artibus

89 976 225 1027 postea
250 979 331 1010 tam
358 971 550 1024 popularis
574 978 687 1016 esset,
715 986 828 1023 quam
856 979 939 1011 tum
966 973 1066 1010 bene
1093 975 1214 1027 impe-

90 1041 210 1078 rando
230 1040 424 1076 universus
445 1044 597 1074 senatus
616 1037 702 1074 fuit.

144 1105 196 1142 X.
225 1105 355 1145 Quum
381 1105 510 1141 hostes
535 1104 723 1148 adessent,
750 1118 820 1156 pro
846 1119 886 1143 se
912 1107 1070 1158 quisque
1090 1109 1129 1146 in
1150 1124 1214 1147 ur·

88 1169 175 1207 bem
195 1182 241 1206 ex
260 1169 359 1218 agris
380 1169 594 1218 demigrant
611 1184 619 1205 x
651 1169 784 1206 urbem
803 1171 925 1220 ipsam
944 1174 1096 1223 sepiunt
1114 1187 1212 1224 prae-

89 1234 219 1272 sidiis:
252 1233 327 1270 alia
361 1233 492 1276 muris,
532 1233 607 1269 alia
634 1231 765 1271 Tiberi
802 1234 957 1286 objecto
985 1237 1213 1276 videbantur

88 1305 184 1336 tuta.
239 1297 343 1335 Pons
370 1296 550 1334 sublicius
580 1297 653 1335 iter
680 1311 778 1349 pene
805 1299 981 1337 hostibus
1011 1301 1139 1339 dedit:
1172 1304 1213 1341 ni

1225 313 1264 344 A.
1282 312 1318 344 C.
1337 318 1410 346 ⁵06.

87 1374 185 1400 unus
218 1362 275 1398 vir
297 1361 445 1405 fuisset,
472 1361 658 1398 Horatius
694 1362 857 1409 Cocles;
904 1365 960 1415 (id
993 1367 1207 1405 munimen·
1220 1374 1300 1406 Hor.
1317 1376 1422 1409 Cocli-

88 1434 171 1463 tum
205 1426 273 1463 illo
307 1426 368 1463 die
403 1426 559 1463 fortuna
588 1426 690 1464 urbis
719 1427 908 1465 Romanae
941 1429 1094 1479 habuit)
1127 1433 1204 1482 qui,

86 1492 233 1543 positus
251 1491 352 1528 forte
370 1491 410 1528 in
430 1492 596 1529 statione
614 1493 742 1543 pontis
763 1506 879 1543 quum
899 1501 1053 1546 captum
1071 1509 1206 1547 repen-

86 1555 169 1592 tino
184 1556 316 1606 inpetu
334 1554 566 1600 Janiculum,
587 1562 701 1606 atque
726 1558 814 1594 inde
844 1559 981 1595 citatos
1009 1560 1208 1599 decurrere

84 1620 214 1657 hostes
242 1619 411 1664 vid1sset,
448 1620 710 1671 trepidamque
737 1621 890 1659 turbam
919 1636 1074 1661 suorum
1103 1634 1209 1663 arma

85 1684 311 1734 ordinesque
346 1684 571 1735 relinquere,
605 1687 878 1736 reprehensans
917 1688 1102 1738 singuIOS,
1136 1690 1205 1727 ob-

87 1749 237 1792 sistens,
260 1744 531 1799 obtestansque
552 1750 680 1787 Deum
705 1757 743 1787 et
767 1751 967 1789 hominum
994 1753 1120 1798 fidem,
1147 1761 1204 1791 te-

84 1811 256 1849 stabatur
272 1828 280 1849 :
312 1810 550 1862 nequidquam
565 1815 700 1851 deserto
714 1816 880 1863 praesidio
899 1829 955 1852 eos
961 1816 1106 1866 fugere.
1164 1819 1206 1855 Si

83 1879 272 1918 transitum
299 1885 446 1928 pontem
477 1893 500 1916 a
531 1886 628 1928 tergo
658 1882 891 1929 reliquissent,
918 1881 1000 1927 jam
1027 1884 1112 1932 plus
1141 1884 1204 1921 ho-

80 1946 187 1982 stium
208 1945 246 1980 in
265 1943 412 1979 Palatio
433 1943 691 1992 Capitolioque,
712 1957 820 1993 quam
845 1946 882 1981 z'n
900 1946 1082 1990 Jam'culo,
1102 1947 1201 1997 fore.

82 2007 209 2056 Itaque
231 2018 383 2049 monere,
405 2008 610 2055 proedicere,
630 2012 671 2043 ut
695 2013 840 2056 pontem
856 2008 976 2057 ferro,
1002 2011 1088 2057 igni,
1110 2023 1200 2060 qua-

79 2081 226 2118 cumque
241 2071 277 2106 vi
290 2074 443 2118 possent,
459 2071 731 2119 interrumpunt.
789 2071 837 2107 Se
854 2072 1012 2120 inpetum
1031 2073 1196 2118 hostium,

79 2136 251 2181 quantum
269 2146 412 2182 corpore
428 2146 499 2170 uno
513 2139 630 2182 posset
646 2134 776 2177 obsisti,
797 2139 1035 2184 excepturum.
1082 2136 1197 2174 Vadit

78 2195 167 2232 inde
198 2196 238 2231 in
273 2197 436 2246 primum
467 2197 609 2233 aditum
644 2198 797 2248 pontis:
831 2198 1064 2248 insignisque
1097 2200 1197 2237 inter

78 2268 283 2313 conspecta
314 2262 526 2299 cedentium
555 2274 691 2313 pugnae
723 2269 844 2312 terga,
879 2262 1046 2300 obversis
1075 2265 1194 2302 comi-

79 2337 148 2361 nus
168 2324 214 2361 ad
239 2325 444 2362 ineundum
469 2325 644 2377 proelium
668 2326 797 2370 armis,
816 2325 899 2377 ipso
924 2326 1105 2364 miraculo
1125 2340 1191 2365 au-

593 2387 668 2425 1⁰2

1219 1419 1257 1449 tis
1274 1421 1361 1452 forti·

1221 1464 1308 1494 tudo.
