1573 2598
106 244 203 279 U.C.
219 253 294 284 375.

109 291 149 322 Δ.
165 291 202 322 C.
220 297 294 328 377.

98 1468 284 1500 Vincuntur

99 1512 295 1543 Praenestini.

306 141 390 194 448
737 151 782 181 T.
808 152 939 182 mvn

309 243 416 279 noxia
453 242 643 278 tenuerint.
700 241 850 284 Locum,
881 243 1054 291 insignem
1089 246 1264 282 memoria
1290 246 1418 290 cladis,

307 310 539 346 irritatur-um
553 319 589 344 se
603 308 725 356 potius
736 309 785 344 ad
799 309 990 344 delendam
1003 310 1213 345 memoriam
1225 310 1420 354 dedecoris,

305 385 414 422 quam
429 377 469 408 ut
489 364 648 408 timorem
659 371 799 421 faciat,
819 385 863 409 ne
882 384 954 421 qua
979 377 1080 408 terra
1105 374 1153 409 sit
1178 373 1322 422 nefasta
1348 376 1434 411 vic-·

305 438 405 474 toriae
422 448 506 474 suae.
564 437 660 478 Quin
677 438 746 485 ipsi
762 437 828 473 sibi
852 438 952 473 Galli
968 438 998 473 si
1013 436 1224 486 olfferantur
1242 439 1306 474 illo
1332 439 1422 481 loco,

303 513 341 538 se
359 503 413 538 ita
434 506 670 550 pugnaturos,
687 506 729 538 ut
747 502 871 539 Romae
893 503 1138 551 pugnaverint
1165 503 1203 538 in
1230 503 1425 551 repetenda

302 568 443 615 patria,
464 571 505 602 ut
528 570 671 614 postero
700 567 759 602 die
785 567 835 602 ad
857 566 989 602 Gabios
1003 583 1016 610 ,·
1047 571 1142 609 tunc,
1163 579 1273 615 quum
1300 568 1424 617 effece-

306 631 395 673 rint,
415 622 460 666 ne
479 631 556 678 quis
574 629 696 672 host-is,
714 631 776 678 qui
797 632 927 666 moenia
945 630 1114 667 Romana
1131 632 1313 675 intrasset,
1331 642 1425 669 nun·

308 696 402 731 ciam
415 695 580 731 secztndae
598 685 823 743 aduersaeque
833 693 1003 743 fortunae
1020 696 1165 732 domum
1180 689 1373 745 perferret.

361 758 522 795 XXIX.
551 757 624 794 His
655 758 845 808 utrimque
870 759 1006 795 animis
1033 759 1080 796 ad
1108 759 1250 796 Alliam
1269 765 1426 796 ventum

308 828 379 860 est.
433 822 615 858 Dictator
650 822 867 866 Romanus,
901 829 1105 872 postquam
1140 824 1180 860 in
1218 829 1427 872 conspectu

307 888 438 923 hostes
459 892 567 922 erant
593 886 770 922 instructi
790 886 1017 935 intentique,
1043 888 1194 924 Videsne
1212 892 1266 930 tu,
1287 887 1426 936 inquit,

310 951 356 987 Α.
377 950 580 998 Semproni,
602 950 670 986 loci
687 949 847 998 fortuna
872 951 957 986 illos
973 949 1096 999 fretos
1114 951 1165 988 ad
1181 951 1324 988 Alliam
1342 963 1426 987 con-

309 1015 439 1050 stitisse
455 1015 476 1050 ,9
510 1025 574 1050 nec
607 1014 681 1049 illis
707 1014 780 1061 Dii
805 1014 1015 1050 inmortales
1043 1016 1205 1051 cert-ioris
1231 1015 1429 1064 quidquam

299 1078 462 1128 fiducioe,
489 1076 676 1124 majorisve
702 1078 797 1126 quod
823 1079 870 1114 sit
897 1079 1036 1120 auxilii,
1063 1079 1238 1115 dederint.
1293 1079 1346 1115 At
1374 1083 1426 1122 tu,

301 1140 428 1190 fretus
446 1142 556 1177 armis
573 1142 783 1189 animisque,
805 1143 992 1177 concitatis
1011 1142 1109 1190 equis
1125 1143 1256 1178 invade
1273 1142 1428 1178 mediam

310 1207 452 1242 aciem:
480 1217 544 1253 ego
562 1217 642 1241 cum
670 1206 862 1252 legionibus
888 1207 925 1242 in
956 1207 1114 1242 turbatos
1140 1207 1428 1254 trepidantesque

309 1268 467 1318 inferam
483 1269 598 1316 signa.
655 1269 800 1312 Adeste,
822 1269 891 1305 Dii
919 1274 1020 1305 testes
1038 1269 1203 1318 foecleris,
1224 1273 1260 1305 et
1277 1270 1430 1316 expetite

308 1345 445 1382 poenas,
467 1332 602 1368 debitas
627 1333 735 1368 simul
761 1332 857 1368 vobis
884 1334 1040 1375 violatis,
1067 1333 1234 1381 nobisque
1258 1345 1326 1381 per
1352 1345 1429 1386 ves-

316 1403 411 1434 trum
440 1408 570 1434 namen
598 1397 764 1444 decepti-3.
820 1395 913 1434 Non
943 1397 1122 1445 equitem,
1152 1409 1234 1433 non
1261 1396 1428 1446 peditem

315 1462 526 1498 sustinuere
563 1460 813 1496 Praenestini:
855 1460 977 1509 primo
1014 1461 1147 1510 inpetu
1183 1473 1226 1496 ac
1263 1459 1429 1496 clamore

316 1525 487 1575 dissipati
516 1524 666 1560 ordines
696 1530 796 1560 sunt.
852 1523 969 1567 Dein,
990 1530 1192 1574 postquam
1215 1523 1320 1561 nullo
1339 1523 1427 1561 loco

315 1590 517 1627 constabat
550 1589 663 1632 acies,
692 1594 802 1637 terga
829 1594 1002 1634 vertunt3
1035 1589 1359 1637 consternatique,
1388 1595 1427 1625 et

314 1660 451 1705 praeter
477 1659 601 1689 castra
629 1652 742 1688 etiam
773 1665 840 1688 sua
868 1664 1008 1702 pavore
1036 1651 1197 1702 praelati,
1218 1664 1296 1688 non
1324 1653 1427 1702 prius

315 1731 355 1755 se
382 1718 430 1754 ab
457 1717 574 1754 effuso
595 1729 706 1753 cursu
731 1717 885 1759 sistunt,
906 1728 1019 1765 quam
1040 1717 1079 1752 in
1099 1722 1306 1766 conspectu
1323 1715 1427 1753 Prae·

313 1789 421 1820 ueste
440 1782 525 1819 fuit.
582 1781 642 1817 lbi
668 1793 714 1816 ex
741 1780 832 1829 fuga
851 1780 1036 1830 dissipati,
1065 1780 1206 1824 locum,
1227 1792 1338 1830 quem
1366 1787 1428 1818 tu-

316 1847 520 1884 multuario
548 1858 662 1896 opere
691 1846 983 1889 communirent,
1005 1846 1185 1895 capiunt:
1217 1857 1280 1889 ne,
1308 1845 1340 1881 si
1366 1845 1426 1881 in·

315 1917 374 1946 tra
401 1911 545 1946 moenia
569 1923 609 1946 se
637 1911 890 1960 recepissent,
909 1911 1101 1961 extempio
1127 1916 1298 1947 ureretur
1322 1922 1425 1959 ager,

314 1973 626 2024 depopulatisque
670 1975 846 2010 omnibus
893 1975 1043 2012 obsidio
1082 1974 1164 2010 urbi
1209 1973 1425 2011 inferretur.

315 2038 401 2081 Sed,
434 2044 650 2087 postquam,
684 2038 839 2087 direptis
873 2039 919 2074 ad
952 2038 1093 2075 Alliam
1123 2038 1271 2079 castris,
1304 2038 1426 2074 victor

315 2101 512 2138 Romanus
533 2101 675 2144 aderat,
698 2101 733 2137 id
753 2114 903 2150 quoque
923 2102 1199 2137 munimentum
1224 2100 1397 2137 relictum
1415 2115 1423 2138 :

316 2172 367 2209 et,
395 2166 456 2201 vix
481 2166 620 2201 moenia
642 2171 725 2201 tuta
751 2166 837 2208 rati,
865 2165 1005 2215 oppido
1029 2177 1068 2202 se
1088 2165 1280 2201 Praeneste
1306 2164 1428 2202 inclu-

315 2229 420 2265 dunt.
451 2228 552 2264 Octo
572 2235 753 2279 praeterea
779 2229 918 2278 oppida
941 2234 1049 2265 erant
1068 2227 1138 2264 sub
1162 2228 1306 2264 ditione
1325 2228 1427 2265 1³1·ae-

313 2293 575 2330 ncstinorum:
613 2293 659 2330 ad
683 2305 727 2330 ea
746 2292 1006 2330 circumlatum
1026 2293 1192 2330 bellum:
1231 2292 1426 2344 deinceps-
