1573 2598
431 144 587 172 LIBER
613 143 669 171 11.
702 142 809 171 CAP.
834 144 948 171 XLV.
1168 143 1244 187 143

128 231 219 268 hello
239 233 274 266 in
299 232 375 279 ipsa
394 232 482 273 acie,
502 232 539 266 in
562 231 636 278 ipso
663 231 866 271 certamine,
888 241 1050 265 consensu
1079 231 1248 266 exercitus
1259 235 1302 265 U.
1319 234 1355 265 C.
1370 241 1447 270 ⁴274.

128 297 301 333 traditam
330 297 426 332 ultro
452 296 638 332 victoriam
660 296 763 330 victis
787 294 944 342 AEquis:
970 297 1073 342 signa
1094 280 1297 337 deserta,A·
1315 278 1352 309 C·
1369 285 1445 314 ⁴²⁷⁰·

125 364 376 411 imperatorem
404 362 440 397 in
472 362 548 396 acie
573 360 751 401 relictum,
781 359 913 406 injussu
936 363 973 397 in
1003 367 1121 398 castra
1152 365 1248 400 redi-

128 430 216 461 tum.
275 423 457 472 Profecto,
485 425 516 459 si
544 425 704 465 instetur,
734 435 798 459 suo
825 425 939 460 milite
972 427 1065 462 vinci
1094 425 1248 463 Romam

122 499 235 536 posse.
292 487 396 522 Nihil
430 487 532 522 aliud
559 499 646 534 opus
672 498 754 529 esse,
777 499 881 534 quam
912 488 1021 523 indici
1048 489 1249 536 ostendique

127 552 255 589 bellum
273 568 285 588 .·
313 556 429 587 cetera
451 563 516 587 sua
540 556 664 599 sponte
680 550 772 599 fata
794 555 829 586 et
847 552 947 587 Deos
961 556 1131 599 gesturos.
1187 552 1249 588 Ea.

125 628 211 667 spes
240 616 422 651 Etruscos
452 621 677 658 armaverat,
711 613 839 651 multis
877 616 918 651 in
947 616 1067 651 vicem
1096 616 1245 652 casibus

125 681 246 716 victos
267 680 514 728 victoresque.

179 742 304 779 XLV.
335 743 520 779 Consules
551 756 701 793 quoque
729 741 898 778 Romani
933 741 1029 778 nihil
1064 748 1249 792 praeterea

126 803 242 848 aliud,
273 818 385 854 quam
414 818 499 842 suas
520 807 630 850 vires,
655 819 723 842 sua
752 819 870 849 arma,
901 805 1136 841 horrebant:
1168 816 1248 840 me-

127 870 250 905 moria
277 870 430 920 pessimi
459 871 636 920 proximo
663 869 766 906 bello
797 869 959 920 exempli
987 868 1168 911 terrebat,
1198 879 1248 903 ne

125 945 202 974 rem
223 936 505 972 committerent
523 949 584 979 eo,
604 935 671 972 ubi
693 935 776 972 duae
805 934 917 971 simul
941 935 1040 970 acies
1070 932 1246 969 timendae

125 1007 263 1038 essent.
320 1000 455 1050 Itaque
474 1001 606 1036 castris
627 1013 667 1036 se
684 999 883 1042 tenebant,
903 1005 984 1035 tam
1002 999 1160 1049 ancipiti
1179 1011 1245 1048 pe-
1258 1004 1346 1054 Coss.
1363 1014 1417 1037 oa-

125 1067 244 1105 riculo
265 1068 386 1103 aversi
403 1082 411 1104 :
444 1067 543 1103 diem
561 1073 788 1116 tempusque
812 1065 973 1101 forsitan
1000 1064 1124 1114 ipsum
1141 1063 1245 1116 =leui·
1257 1055 1327 1078 “¹¹⁵
1342 1058 1375 1078 ἐ
1391 1055 1436 1081 ‘²‘

123 1138 251 1167 turum
271 1131 358 1173 iras,
380 1130 657 1178 sanitatemque
676 1129 810 1165 animis
832 1127 1057 1164 adlaturum.
1100 1125 1242 1162 Veiens

125 1193 246 1229 hostis
268 1193 499 1242 Etruscique
527 1205 573 1229 eo
602 1192 722 1240 magis
750 1203 990 1241 praepropere
1020 1201 1132 1238 agere
1148 1204 1159 1233 3
1191 1187 1248 1223 la-

124 1272 271 1297 cessere
290 1259 337 1295 ad
356 1271 523 1309 pugnam
542 1273 550 1294 :
582 1258 705 1307 primo
723 1255 984 1304 obequitando
1004 1254 1136 1290 castris
1156 1265 1247 1302 pro·

124 1322 404 1371 vocandoque3
454 1326 664 1371 postremo,
702 1324 745 1353 ut
780 1315 878 1352 nihil
914 1315 1134 1358 movebant,
1172 1327 1249 1363 qua

125 1387 298 1425 consules
331 1388 450 1438 ipsos,
484 1398 560 1435 qua
591 1385 799 1421 exercitum
832 1382 1091 1431 increpando:
1125 1382 1250 1418 Simu-

124 1451 293 1486 lationem
327 1451 501 1485 intestinae
528 1449 711 1484 discordiae
738 1446 933 1481 remedium
962 1445 1098 1481 timoris
1127 1445 1249 1480 invem-

124 1521 225 1565 tumg
252 1520 287 1551 et
313 1515 467 1551 consules
493 1514 610 1561 ‘magis
635 1525 705 1548 non
735 1512 918 1560 covficlere,
939 1523 1046 1559 quam
1073 1522 1142 1546 non
1173 1522 1250 1548 cre·

122 1579 216 1620 dere,
237 1579 307 1614 suis
324 1576 504 1613 militibus.
563 1576 703 1611 Novum
721 1575 903 1610 seditionis
923 1586 1047 1621 genus,
1066 1574 1251 1618 silentium„

121 1644 303 1691 otiumque
320 1644 411 1678 inter
428 1646 610 1678 armatos:
638 1641 685 1677 ad
712 1640 794 1676 haec
822 1639 863 1675 in
890 1640 1101 1676 novitatem
1127 1652 1248 1689 gene-

120 1708 171 1744 ris
201 1708 449 1757 originisque,
477 1719 552 1755 qua
579 1705 688 1748 falsa,
716 1719 791 1754 qua
808 1717 910 1749 vera,
931 1705 1074 1756 jacere.
1131 1706 1247 1751 Haec,

121 1784 236 1820 quum
257 1770 326 1807 sub
346 1771 430 1820 ipso
445 1769 545 1806 vasso
565 1770 761 1819 portisque
775 1775 1002 1819 streperent,
1022 1771 1124 1808 haud
1137 1785 1246 1821 aegre

120 1832 294 1870 consules
315 1833 421 1883 pati:
453 1838 493 1868 at
511 1832 684 1882 inperitae
709 1830 964 1867 multitudinis
990 1844 1092 1868 nunc
1117 1833 1246 1881 indig-

119 1896 241 1938 natio,
262 1908 364 1931 nunc
388 1895 524 1945 pudor,
552 1901 709 1944 pectora
726 1907 890 1938 versare,
911 1899 950 1929 et
976 1893 1024 1930 ab
1050 1894 1246 1931 intestInis

106 1970 289 1997 *avertere
313 1959 451 1997 malis:
483 1959 586 1996 nolle
613 1959 756 1996 inultos
785 1960 930 2003 hostes,
959 1959 1062 1996 nolle
1092 1974 1246 1998 succes-

118 2034 215 2065 sum,
236 2035 315 2059 non
334 2022 526 2065 Patribus,
556 2035 634 2058 non
660 2022 878 2059 consulibus
899 2037 906 2057 :
939 2028 1097 2058 externa
1116 2029 1153 2058 et
1173 2023 1243 2059 do-

119 2085 276 2120 mestica
304 2085 392 2121 odia
417 2091 562 2122 certare
588 2085 626 2120 in
653 2085 800 2121 animis.
856 2084 1030 2120 Tandem
1060 2091 1244 2134 superant

1258 1097 1349 1124 nem·

119 2155 302 2186 externa:
337 2149 432 2186 adeo
461 2150 621 2200 superbe
649 2150 932 2199 insolenterque
960 2150 1083 2187 hostis
1113 2151 1242 2188 elude-

117 2214 212 2252 bat:
244 2215 457 2265 frequentes
487 2217 526 2252 in
555 2217 775 2267 praetorium
801 2217 1049 2258 conveniunt,
1076 2219 1399 2266 poscuntPugnam

116 2277 301 2331 pugnam,
338 2279 548 2331 postulant,
587 2287 630 2318 ut
665 2282 818 2330 signum
855 2281 977 2318 detur.
1036 2265 1429 2338 Consulesffef‘gzssj‘
