1573 2598
273 152 358 200 252
729 157 775 187 Τ.
800 153 943 188 mvn·

60 255 104 288 U.
118 254 156 286 C.
172 261 247 289 309,
276 247 357 282 tuit.
415 245 526 287 Quem
554 245 698 282 tandem
725 247 943 294 ignavissimi
972 246 1124 283 hostium
1151 249 1394 285 contemsere?

58 300 100 330 A·
115 299 156 330 c·
170 305 245 331 ‘²⁴³'
274 322 337 347 nos
358 310 547 347 consules?
573 322 621 346 an
641 322 702 347 vos
722 312 876 353 Quirites
892 313 912 348 ,9
941 312 983 347 Si
1005 311 1112 360 culpa
1139 312 1177 347 in
1203 312 1300 348 nobis
1326 316 1392 355 est,

275 374 419 425 auferte
437 376 625 424 imperium
643 376 799 424 indignis
810 393 821 419 ,·
851 381 897 419 et,
917 377 948 412 si
967 377 1005 412 id
1021 387 1151 424 parum
1170 381 1233 420 est,
1255 378 1396 425 insuper

271 450 395 488 poenas
421 440 598 487 expetite:
624 440 655 475 si
683 441 719 475 in
745 440 854 483 vobis,
881 452 981 476 nemo
998 440 1163 476 Deorum
1189 451 1253 476 nec
1281 440 1394 477 homi·

274 515 360 540 num
387 504 447 546 sit,
478 504 540 551 qui
565 508 684 539 vestra
706 505 837 552 puniat
861 508 1024 552 peccata,
1057 504 1213 544 Quirites
1223 520 1236 548 ,-
1263 509 1397 541 vosmet

278 572 418 604 tantum
448 579 569 604 eorum
593 569 777 617 poeniteat.
835 568 919 605 Non
949 569 1006 604 illi
1033 573 1186 605 vestram
1215 570 1396 616 ignaviam

279 636 502 675 contemsere,
523 636 592 668 'nec
617 644 690 668 suae
715 634 840 669 virtuti
868 634 987 683 confisi
1009 638 1113 678 sunt,-
1143 635 1273 682 quippe
1297 635 1398 670 toties

268 695 352 745 fusi
367 696 578 746 fugatique,
603 698 728 733 castris
755 699 864 741 exuti,
888 711 975 746 agro
1002 699 1160 742 multati,
1185 698 1248 735 sub
1265 697 1397 746 jugum

278 762 389 804 missi,
410 766 497 798 etse
522 767 557 798 et
578 774 637 798 vos
661 751 796 799 novere.
853 763 1052 799 Discordia
1075 763 1239 799 ordinum
1264 768 1313 799 est
1337 775 1396 799 ve-

279 836 410 861 nenum
427 825 522 861 urbis
540 824 642 872 hujus
652 842 666 869 ,-
696 826 851 862 Patrum
870 839 912 862 ac
933 827 1045 875 plebis
1063 828 1282 863 certamina:
1313 828 1399 863 dum

278 900 344 925 nec
363 889 460 925 nobis
485 890 639 937 imperii,
665 901 728 925 nec
754 889 849 926 vobis
878 889 1050 926 libertatis
1077 895 1128 926 est
1154 891 1292 933 modus,
1314 892 1399 927 dum

282 953 386 990 taedet
411 965 471 989 vos
495 955 745 1001 patriciorum,
779 953 839 990 hos
864 954 1080 1002 plebeiorum
1108 957 1398 1002 magistratuum,

279 1017 450 1054 sustulere
481 1017 537 1053 illi
572 1018 719 1053 animos.
777 1017 852 1053 Pro
879 1017 1003 1054 Deum
1025 1018 1155 1068 fidem,
1189 1020 1276 1066 quid
1307 1019 1401 1055 vobis

280 1084 422 1120 vultis?
455 1083 627 1120 Tribunos
657 1083 770 1132 plebis
798 1085 1032 1131 concupistis:
1067 1084 1262 1119 concordiae
1293 1095 1401 1119 causa

282 1149 518 1186 concessimus.
576 1148 806 1184 Decemviros
825 1149 1070 1184 desiderastis:
1099 1149 1214 1184 creari
1227 1149 1324 1196 passi
1341 1160 1400 1184 su-

282 1225 369 1249 mus.
426 1212 720 1249 Decemvirorum
746 1225 805 1248 vos
827 1218 1016 1261 pertaesum
1041 1218 1116 1248 est:
1143 1213 1318 1260 coegimus
1339 1213 1401 1249 ab·

279 1279 336 1313 ire
354 1278 580 1326 magistratu.
622 1278 792 1313 Manente
811 1279 847 1314 in
867 1279 1003 1314 eosdem
1021 1279 1179 1326 privatos
1200 1279 1254 1313 ira
1271 1283 1400 1322 vestra,

284 1344 376 1379 mori
401 1346 508 1391 atque
536 1343 696 1378 exsulare
721 1342 952 1379 nobilissimos
978 1344 1071 1379 viros
1099 1343 1401 1379 honoratissimos-

287 1418 354 1455 que
378 1409 476 1455 passi
503 1419 632 1443 sumus.
695 1407 865 1444 Tribunos
892 1407 1004 1455 plebis
1033 1419 1152 1443 creare
1180 1409 1309 1443 iterum
1341 1420 1403 1444 vo·

289 1472 426 1508 luistis:
458 1473 611 1508 creastis.
671 1471 834 1508 Consules
851 1472 980 1520 facere
1006 1477 1200 1508 vestrarum
1229 1474 1400 1520 partium,

287 1537 352 1571 etsi
384 1536 555 1572 Patribus
588 1536 795 1572 videbamus
825 1538 1009 1584 iniquum5
1043 1537 1235 1584 patricium
1270 1549 1404 1584 quoque

286 1601 536 1648 magistratum
558 1601 654 1648 plebi
680 1602 807 1636 donum
826 1601 915 1650 fieri
939 1603 1115 1637 vidimus:
1143 1602 1315 1637 auxilium
1337 1604 1401 1637 tri-

288 1664 477 1707 bunicium,
502 1667 789 1713 provocationem
815 1667 863 1701 ad
889 1667 1075 1714 populum,
1099 1668 1189 1702 scita.
1213 1666 1326 1714 plebis
1346 1667 1401 1701 ⁴in-

277 1727 410 1775 juncta
428 1729 625 1765 Patribus:
652 1729 714 1772 sub
734 1731 838 1766 titulo
857 1731 1113 1778 aequaudarum
1133 1732 1264 1778 legum,
1284 1735 1403 1767 nostra

278 1791 366 1839 jura
395 1793 558 1842 obpressa
584 1795 730 1830 tulimus
758 1800 793 1831 d
809 1794 978 1844 ferimus.
1037 1796 1214 1844 Qui‘finis
1234 1797 1303 1831 erit
1331 1796 1402 1831 dis-

288 1858 490 1893 cordiarum
507 1859 528 1893 .9
557 1857 753 1906 Ecquando
778 1871 887 1895 unam
912 1859 1030 1895 urbem
1057 1859 1194 1901 habere,
1223 1860 1402 1906 ecquando

288 1932 506 1957 communem
523 1921 614 1957 hanc
632 1934 702 1957 esse
721 1924 883 1971 patriam
909 1923 1024 1959 licebit
1040 1924 1060 1958 .9
1093 1923 1185 1959 Victi
1209 1934 1271 1958 nos
1295 1924 1403 1970 aequi-

290 1996 349 2020 ore
369 1986 488 2020 animo
508 1986 724 2033 quiescimus,
747 1999 854 2034 quam
878 1998 937 2022 vos
961 1988 1117 2023 victores.
1174 1986 1316 2023 Satisne
1339 1991 1403 2028 est,

289 2048 387 2084 nobis
403 2061 463 2084 vos
480 2050 679 2085 metuendos
698 2062 766 2085 esse
782 2051 803 2085 .9
829 2050 1008 2086 Adversus
1024 2063 1086 2086 nos
1105 2051 1318 2086 Aventinum
1343 2063 1404 2086 ca-

286 2113 402 2162 pitur,
429 2114 593 2149 adversus
620 2125 681 2149 nos
700 2114 810 2150 Sacer
838 2119 1032 2163 occupatur
1058 2127 1167 2151 mons.
1225 2115 1406 2162 Esquilias

292 2177 431 2224 quidem
458 2177 501 2212 ab
521 2177 617 2213 hoste
636 2190 750 2226 prope
772 2183 909 2226 captas,
931 2184 965 2214 et
988 2181 1211 2215 scandentem
1235 2181 1273 2215 in
1296 2190 1404 2227 agge-

289 2251 364 2276 rem
397 2240 559 2277 Volscum
587 2233 720 2279 hostem
748 2254 849 2279 nemo
875 2242 1070 2281 submovit:
1104 2245 1142 2280 in
1168 2256 1231 2281 nos
1256 2244 1338 2287 viri,
1367 2244 1406 2279 in

289 2316 352 2341 nos
369 2307 503 2342 armati
531 2306 622 2343 estis.
731 2297 736 2300 ”
