<?xml version="1.0" encoding="UTF-8"?>
<!DOCTYPE html PUBLIC "-//W3C//DTD XHTML 1.0 Transitional//EN"
    "http://www.w3.org/TR/xhtml1/DTD/xhtml1-transitional.dtd">
<html xmlns="http://www.w3.org/1999/xhtml" xml:lang="en" lang="en">
 <head>
  <title>
</title>
<meta http-equiv="Content-Type" content="text/html;charset=utf-8" />
  <meta name='ocr-system' content='tesseract 3.04.00' />
  <meta name='ocr-capabilities' content='ocr_page ocr_carea ocr_par ocr_line ocrx_word'/>
</head>
<body>
  <div class='ocr_page' id='page_1' title='image "./historiarumquaes01livyuoft/historiarumquaes01livyuoft_0519.png"; bbox 0 0 1573 2598; ppageno 0'>
   <div class='ocr_carea' id='block_1_1' title="bbox 318 167 1146 218">
    <p class='ocr_par' dir='ltr' id='par_1_1' title="bbox 318 167 1146 218">
     <span class='ocr_line' id='line_1_1' title="bbox 318 167 1146 218; baseline 0.001 -17"><span class='ocrx_word' id='word_1_1' title='bbox 318 170 474 202; x_wconf 81' lang='lat' dir='ltr'>LIBER</span> <span class='ocrx_word' id='word_1_2' title='bbox 496 169 592 201; x_wconf 81' lang='lat' dir='ltr'>vn.</span> <span class='ocrx_word' id='word_1_3' title='bbox 623 168 732 200; x_wconf 73' lang='lat' dir='ltr'>CAP·</span> <span class='ocrx_word' id='word_1_4' title='bbox 755 169 875 201; x_wconf 75' lang='lat' dir='ltr'><strong>XXV·</strong></span> <span class='ocrx_word' id='word_1_5' title='bbox 1063 167 1146 218; x_wconf 67' lang='lat'>503</span> 
     </span>
    </p>
   </div>
   <div class='ocr_carea' id='block_1_2' title="bbox 30 258 1392 2378">
    <p class='ocr_par' dir='ltr' id='par_1_2' title="bbox 30 258 1349 441">
     <span class='ocr_line' id='line_1_2' title="bbox 30 258 1346 310; baseline 0 -14"><span class='ocrx_word' id='word_1_6' title='bbox 30 259 165 297; x_wconf 84' lang='lat' dir='ltr'>Annus</span> <span class='ocrx_word' id='word_1_7' title='bbox 184 258 312 296; x_wconf 88' lang='lat' dir='ltr'>multis</span> <span class='ocrx_word' id='word_1_8' title='bbox 333 261 521 310; x_wconf 84' lang='lat' dir='ltr'>variisque</span> <span class='ocrx_word' id='word_1_9' title='bbox 540 258 708 297; x_wconf 86' lang='lat' dir='ltr'>motibus</span> <span class='ocrx_word' id='word_1_10' title='bbox 724 259 798 296; x_wconf 87' lang='lat' dir='ltr'>fuit</span> <span class='ocrx_word' id='word_1_11' title='bbox 816 258 989 309; x_wconf 85' lang='lat' dir='ltr'>insignis.</span> <span class='ocrx_word' id='word_1_12' title='bbox 1046 259 1148 297; x_wconf 88' lang='lat' dir='ltr'>Galli</span> <span class='ocrx_word' id='word_1_13' title='bbox 1161 263 1203 294; x_wconf 89' lang='lat' dir='ltr'>U.</span> <span class='ocrx_word' id='word_1_14' title='bbox 1214 262 1252 294; x_wconf 89' lang='lat' dir='ltr'>c.</span> <span class='ocrx_word' id='word_1_15' title='bbox 1267 267 1346 296; x_wconf 74' lang='lat'>406.</span> 
     </span>
     <span class='ocr_line' id='line_1_3' title="bbox 30 306 1349 375; baseline 0.001 -15"><span class='ocrx_word' id='word_1_16' title='bbox 30 336 79 360; x_wconf 85' lang='lat' dir='ltr'>ex</span> <span class='ocrx_word' id='word_1_17' title='bbox 97 323 256 361; x_wconf 87' lang='lat' dir='ltr'>Albanis</span> <span class='ocrx_word' id='word_1_18' title='bbox 276 324 484 368; x_wconf 88' lang='lat' dir='ltr'>montibus,</span> <span class='ocrx_word' id='word_1_19' title='bbox 506 325 594 375; x_wconf 86' lang='lat' dir='ltr'>quia</span> <span class='ocrx_word' id='word_1_20' title='bbox 620 325 755 361; x_wconf 89' lang='lat' dir='ltr'>hiemis</span> <span class='ocrx_word' id='word_1_21' title='bbox 775 324 851 361; x_wconf 82' lang='lat' dir='ltr'>vim</span> <span class='ocrx_word' id='word_1_22' title='bbox 870 325 950 375; x_wconf 85' lang='lat' dir='ltr'>pati</span> <span class='ocrx_word' id='word_1_23' title='bbox 968 325 1148 374; x_wconf 84' lang='lat' dir='ltr'>nequive-</span> <span class='ocrx_word' id='word_1_24' title='bbox 1159 308 1200 339; x_wconf 73' lang='lat' dir='ltr'>A·</span> <span class='ocrx_word' id='word_1_25' title='bbox 1217 306 1254 338; x_wconf 78' lang='lat' dir='ltr'>C·</span> <span class='ocrx_word' id='word_1_26' title='bbox 1270 311 1349 338; x_wconf 71' lang='lat'>3⁴⁶⁶</span> 
     </span>
     <span class='ocr_line' id='line_1_4' title="bbox 32 388 1153 441; baseline 0.002 -16"><span class='ocrx_word' id='word_1_27' title='bbox 32 396 133 432; x_wconf 89' lang='lat' dir='ltr'>rant,</span> <span class='ocrx_word' id='word_1_28' title='bbox 153 401 220 440; x_wconf 92' lang='lat' dir='ltr'>per</span> <span class='ocrx_word' id='word_1_29' title='bbox 239 402 390 440; x_wconf 86' lang='lat' dir='ltr'>campos</span> <span class='ocrx_word' id='word_1_30' title='bbox 412 390 677 439; x_wconf 82' lang='lat' dir='ltr'>maritimaque</span> <span class='ocrx_word' id='word_1_31' title='bbox 695 388 783 426; x_wconf 90' lang='lat' dir='ltr'>loca</span> <span class='ocrx_word' id='word_1_32' title='bbox 807 390 893 439; x_wconf 80' lang='lat' dir='ltr'>vagi</span> <span class='ocrx_word' id='word_1_33' title='bbox 914 389 1153 441; x_wconf 86' lang='lat' dir='ltr'>populaban-</span> 
     </span>
    </p>

    <p class='ocr_par' dir='ltr' id='par_1_3' title="bbox 30 452 1153 497">
     <span class='ocr_line' id='line_1_5' title="bbox 30 452 1153 497; baseline 0.001 -8"><span class='ocrx_word' id='word_1_34' title='bbox 30 457 106 490; x_wconf 88' lang='lat' dir='ltr'><strong>tur.</strong></span> <span class='ocrx_word' id='word_1_35' title='bbox 161 452 272 489; x_wconf 89' lang='lat' dir='ltr'>Mare</span> <span class='ocrx_word' id='word_1_36' title='bbox 297 453 476 490; x_wconf 74' lang='lat' dir='ltr'>infestum</span> <span class='ocrx_word' id='word_1_37' title='bbox 502 453 682 491; x_wconf 82' lang='lat' dir='ltr'>classibus</span> <span class='ocrx_word' id='word_1_38' title='bbox 703 453 926 491; x_wconf 86' lang='lat' dir='ltr'>Graecorum</span> <span class='ocrx_word' id='word_1_39' title='bbox 951 461 1046 497; x_wconf 89' lang='lat' dir='ltr'>erat,</span> <span class='ocrx_word' id='word_1_40' title='bbox 1066 466 1153 490; x_wconf 89' lang='lat' dir='ltr'>ora-</span> 
     </span>
    </p>

    <p class='ocr_par' dir='ltr' id='par_1_4' title="bbox 31 516 1151 568">
     <span class='ocr_line' id='line_1_6' title="bbox 31 516 1151 568; baseline 0.001 -14"><span class='ocrx_word' id='word_1_41' title='bbox 31 528 107 566; x_wconf 90' lang='lat' dir='ltr'>que</span> <span class='ocrx_word' id='word_1_42' title='bbox 134 516 256 554; x_wconf 89' lang='lat' dir='ltr'>litoris</span> <span class='ocrx_word' id='word_1_43' title='bbox 276 519 459 562; x_wconf 85' lang='lat' dir='ltr'><strong>Antiatis,</strong></span> <span class='ocrx_word' id='word_1_44' title='bbox 479 517 726 568; x_wconf 87' lang='lat' dir='ltr'><strong>Laurensque</strong></span> <span class='ocrx_word' id='word_1_45' title='bbox 753 524 912 562; x_wconf 84' lang='lat' dir='ltr'>tractus,</span> <span class='ocrx_word' id='word_1_46' title='bbox 938 524 977 554; x_wconf 85' lang='lat' dir='ltr'>et</span> <span class='ocrx_word' id='word_1_47' title='bbox 999 517 1151 556; x_wconf 81' lang='lat' dir='ltr'>Tiberis</span> 
     </span>
    </p>

    <p class='ocr_par' dir='ltr' id='par_1_5' title="bbox 32 581 1156 633">
     <span class='ocr_line' id='line_1_7' title="bbox 32 581 1156 633; baseline 0.002 -16"><span class='ocrx_word' id='word_1_48' title='bbox 32 581 156 618; x_wconf 86' lang='lat' dir='ltr'>ostia:</span> <span class='ocrx_word' id='word_1_49' title='bbox 189 589 232 618; x_wconf 88' lang='lat' dir='ltr'>ut</span> <span class='ocrx_word' id='word_1_50' title='bbox 250 583 445 633; x_wconf 85' lang='lat' dir='ltr'>praedones</span> <span class='ocrx_word' id='word_1_51' title='bbox 472 583 667 626; x_wconf 78' lang='lat' dir='ltr'>maritimi,</span> <span class='ocrx_word' id='word_1_52' title='bbox 689 595 776 619; x_wconf 91' lang='lat' dir='ltr'>cum</span> <span class='ocrx_word' id='word_1_53' title='bbox 802 582 1042 619; x_wconf 81' lang='lat' dir='ltr'>terrestribus</span> <span class='ocrx_word' id='word_1_54' title='bbox 1063 595 1156 619; x_wconf 87' lang='lat' dir='ltr'>con-</span> 
     </span>
    </p>

    <p class='ocr_par' dir='ltr' id='par_1_6' title="bbox 33 647 1158 755">
     <span class='ocr_line' id='line_1_8' title="bbox 33 647 1158 698; baseline 0.001 -15"><span class='ocrx_word' id='word_1_55' title='bbox 33 647 166 696; x_wconf 84' lang='lat' dir='ltr'>gressi,</span> <span class='ocrx_word' id='word_1_56' title='bbox 200 648 358 698; x_wconf 86' lang='lat' dir='ltr'>ancipiti</span> <span class='ocrx_word' id='word_1_57' title='bbox 389 648 505 685; x_wconf 90' lang='lat' dir='ltr'>semel</span> <span class='ocrx_word' id='word_1_58' title='bbox 537 648 674 698; x_wconf 82' lang='lat' dir='ltr'>proelio</span> <span class='ocrx_word' id='word_1_59' title='bbox 703 648 946 691; x_wconf 84' lang='lat' dir='ltr'>decertarint,</span> <span class='ocrx_word' id='word_1_60' title='bbox 977 647 1158 697; x_wconf 88' lang='lat' dir='ltr'>dubiique</span> 
     </span>
     <span class='ocr_line' id='line_1_9' title="bbox 34 710 1156 755; baseline 0.001 -9"><span class='ocrx_word' id='word_1_61' title='bbox 34 710 276 747; x_wconf 72' lang='lat' dir='ltr'>(ilscesserint</span> <span class='ocrx_word' id='word_1_62' title='bbox 301 712 340 747; x_wconf 90' lang='lat' dir='ltr'>in</span> <span class='ocrx_word' id='word_1_63' title='bbox 369 718 494 748; x_wconf 81' lang='lat' dir='ltr'>castra</span> <span class='ocrx_word' id='word_1_64' title='bbox 522 711 639 755; x_wconf 87' lang='lat' dir='ltr'>Galli,</span> <span class='ocrx_word' id='word_1_65' title='bbox 670 712 795 748; x_wconf 84' lang='lat' dir='ltr'>Graeci</span> <span class='ocrx_word' id='word_1_66' title='bbox 820 717 922 747; x_wconf 91' lang='lat' dir='ltr'>retro</span> <span class='ocrx_word' id='word_1_67' title='bbox 951 711 998 747; x_wconf 89' lang='lat' dir='ltr'>ad</span> <span class='ocrx_word' id='word_1_68' title='bbox 1025 724 1156 755; x_wconf 82' lang='lat' dir='ltr'>naves,</span> 
     </span>
    </p>

    <p class='ocr_par' dir='ltr' id='par_1_7' title="bbox 33 774 1158 889">
     <span class='ocr_line' id='line_1_10' title="bbox 33 774 1158 826; baseline 0 -16"><span class='ocrx_word' id='word_1_69' title='bbox 33 775 157 811; x_wconf 84' lang='lat' dir='ltr'>victos</span> <span class='ocrx_word' id='word_1_70' title='bbox 183 786 237 818; x_wconf 90' lang='lat' dir='ltr'>se,</span> <span class='ocrx_word' id='word_1_71' title='bbox 267 787 315 811; x_wconf 87' lang='lat' dir='ltr'>an</span> <span class='ocrx_word' id='word_1_72' title='bbox 344 776 522 819; x_wconf 84' lang='lat' dir='ltr'>victores,</span> <span class='ocrx_word' id='word_1_73' title='bbox 552 781 744 826; x_wconf 85' lang='lat' dir='ltr'>putarent.</span> <span class='ocrx_word' id='word_1_74' title='bbox 800 774 908 810; x_wconf 88' lang='lat' dir='ltr'>Inter</span> <span class='ocrx_word' id='word_1_75' title='bbox 935 774 1005 810; x_wconf 87' lang='lat' dir='ltr'>hos</span> <span class='ocrx_word' id='word_1_76' title='bbox 1043 774 1158 823; x_wconf 89' lang='lat' dir='ltr'>longe</span> 
     </span>
     <span class='ocr_line' id='line_1_11' title="bbox 36 837 1157 889; baseline 0 -14"><span class='ocrx_word' id='word_1_77' title='bbox 36 839 222 875; x_wconf 84' lang='lat' dir='ltr'>maximus</span> <span class='ocrx_word' id='word_1_78' title='bbox 242 839 389 876; x_wconf 87' lang='lat' dir='ltr'>exstitit</span> <span class='ocrx_word' id='word_1_79' title='bbox 408 846 544 883; x_wconf 89' lang='lat' dir='ltr'>terror,</span> <span class='ocrx_word' id='word_1_80' title='bbox 566 839 729 876; x_wconf 89' lang='lat' dir='ltr'>concilia</span> <span class='ocrx_word' id='word_1_81' title='bbox 747 838 976 889; x_wconf 84' lang='lat' dir='ltr'>populorum</span> <span class='ocrx_word' id='word_1_82' title='bbox 994 837 1157 875; x_wconf 85' lang='lat' dir='ltr'>Latino-</span> 
     </span>
    </p>

    <p class='ocr_par' dir='ltr' id='par_1_8' title="bbox 38 903 1158 953">
     <span class='ocr_line' id='line_1_12' title="bbox 38 903 1158 953; baseline 0.001 -14"><span class='ocrx_word' id='word_1_83' title='bbox 38 915 123 939; x_wconf 88' lang='lat' dir='ltr'>rum</span> <span class='ocrx_word' id='word_1_84' title='bbox 159 903 206 940; x_wconf 90' lang='lat' dir='ltr'>ad</span> <span class='ocrx_word' id='word_1_85' title='bbox 242 903 369 940; x_wconf 91' lang='lat' dir='ltr'>lucum</span> <span class='ocrx_word' id='word_1_86' title='bbox 404 904 619 940; x_wconf 70' lang='lat' dir='ltr'>Ferentinae</span> <span class='ocrx_word' id='word_1_87' title='bbox 664 903 821 939; x_wconf 86' lang='lat' dir='ltr'>habita:</span> <span class='ocrx_word' id='word_1_88' title='bbox 860 915 1158 953; x_wconf 87' lang='lat' dir='ltr'>responsumque</span> 
     </span>
    </p>

    <p class='ocr_par' dir='ltr' id='par_1_9' title="bbox 39 966 1158 1020">
     <span class='ocr_line' id='line_1_13' title="bbox 39 966 1158 1020; baseline 0.001 -16"><span class='ocrx_word' id='word_1_89' title='bbox 39 966 141 1004; x_wconf 81' lang='lat' dir='ltr'>haud</span> <span class='ocrx_word' id='word_1_90' title='bbox 167 967 387 1017; x_wconf 81' lang='lat' dir='ltr'>ambiguum</span> <span class='ocrx_word' id='word_1_91' title='bbox 416 968 690 1020; x_wconf 83' lang='lat' dir='ltr'>imperantibus</span> <span class='ocrx_word' id='word_1_92' title='bbox 720 968 858 1004; x_wconf 83' lang='lat' dir='ltr'>milites</span> <span class='ocrx_word' id='word_1_93' title='bbox 884 967 1071 1004; x_wconf 85' lang='lat' dir='ltr'>Romanis</span> <span class='ocrx_word' id='word_1_94' title='bbox 1091 969 1158 1005; x_wconf 86' lang='lat' dir='ltr'>da-</span> 
     </span>
    </p>

    <p class='ocr_par' dir='ltr' id='par_1_10' title="bbox 43 1034 1159 1082">
     <span class='ocr_line' id='line_1_14' title="bbox 43 1034 1159 1082; baseline 0.001 -13"><span class='ocrx_word' id='word_1_95' title='bbox 43 1040 139 1076; x_wconf 77' lang='lat' dir='ltr'>tum,</span> <span class='ocrx_word' id='word_1_96' title='bbox 166 1034 373 1070; x_wconf 77' lang='lat' dir='ltr'>absisterent</span> <span class='ocrx_word' id='word_1_97' title='bbox 399 1036 574 1082; x_wconf 80' lang='lat' dir='ltr'>imperare</span> <span class='ocrx_word' id='word_1_98' title='bbox 598 1036 654 1077; x_wconf 74' lang='lat' dir='ltr'>iis,</span> <span class='ocrx_word' id='word_1_99' title='bbox 676 1046 825 1082; x_wconf 80' lang='lat' dir='ltr'>qnorum</span> <span class='ocrx_word' id='word_1_100' title='bbox 850 1035 986 1070; x_wconf 66' lang='lat' dir='ltr'>auxilio</span> <span class='ocrx_word' id='word_1_101' title='bbox 1006 1038 1159 1082; x_wconf 77' lang='lat' dir='ltr'>egerent.</span> 
     </span>
    </p>

    <p class='ocr_par' dir='ltr' id='par_1_11' title="bbox 41 1097 1160 1148">
     <span class='ocr_line' id='line_1_15' title="bbox 41 1097 1160 1148; baseline 0 -13"><span class='ocrx_word' id='word_1_102' title='bbox 41 1097 195 1135; x_wconf 82' lang='lat' dir='ltr'>Latinos</span> <span class='ocrx_word' id='word_1_103' title='bbox 209 1111 277 1147; x_wconf 83' lang='lat' dir='ltr'>pro</span> <span class='ocrx_word' id='word_1_104' title='bbox 304 1111 371 1135; x_wconf 79' lang='lat' dir='ltr'>sua</span> <span class='ocrx_word' id='word_1_105' title='bbox 400 1099 564 1135; x_wconf 77' lang='lat' dir='ltr'>libertate</span> <span class='ocrx_word' id='word_1_106' title='bbox 578 1101 711 1147; x_wconf 73' lang='lat' dir='ltr'>potius,</span> <span class='ocrx_word' id='word_1_107' title='bbox 734 1112 839 1147; x_wconf 80' lang='lat' dir='ltr'>quam</span> <span class='ocrx_word' id='word_1_108' title='bbox 857 1111 927 1148; x_wconf 85' lang='lat' dir='ltr'>pro</span> <span class='ocrx_word' id='word_1_109' title='bbox 947 1100 1063 1135; x_wconf 78' lang='lat' dir='ltr'>alieno</span> <span class='ocrx_word' id='word_1_110' title='bbox 1091 1100 1160 1135; x_wconf 79' lang='lat' dir='ltr'>im-</span> 
     </span>
    </p>

    <p class='ocr_par' dir='ltr' id='par_1_12' title="bbox 38 1163 1163 1278">
     <span class='ocr_line' id='line_1_16' title="bbox 38 1163 1161 1212; baseline 0.002 -14"><span class='ocrx_word' id='word_1_111' title='bbox 38 1165 154 1212; x_wconf 82' lang='lat' dir='ltr'>perio,</span> <span class='ocrx_word' id='word_1_112' title='bbox 177 1164 311 1200; x_wconf 80' lang='lat' dir='ltr'>laturos</span> <span class='ocrx_word' id='word_1_113' title='bbox 334 1177 448 1201; x_wconf 84' lang='lat' dir='ltr'>arma.</span> <span class='ocrx_word' id='word_1_114' title='bbox 506 1163 613 1200; x_wconf 87' lang='lat' dir='ltr'>Inter</span> <span class='ocrx_word' id='word_1_115' title='bbox 633 1163 708 1200; x_wconf 91' lang='lat' dir='ltr'>duo</span> <span class='ocrx_word' id='word_1_116' title='bbox 728 1163 840 1199; x_wconf 87' lang='lat' dir='ltr'>simul</span> <span class='ocrx_word' id='word_1_117' title='bbox 866 1163 966 1200; x_wconf 84' lang='lat' dir='ltr'>bella</span> <span class='ocrx_word' id='word_1_118' title='bbox 990 1170 1161 1208; x_wconf 77' lang='lat' dir='ltr'>externa,</span> 
     </span>
     <span class='ocr_line' id='line_1_17' title="bbox 43 1216 1163 1278; baseline 0.001 -15"><span class='ocrx_word' id='word_1_119' title='bbox 43 1227 256 1265; x_wconf 89' lang='lat' dir='ltr'>defectione</span> <span class='ocrx_word' id='word_1_120' title='bbox 272 1229 386 1265; x_wconf 85' lang='lat' dir='ltr'>etiam</span> <span class='ocrx_word' id='word_1_121' title='bbox 403 1229 593 1265; x_wconf 90' lang='lat' dir='ltr'>sociorum</span> <span class='ocrx_word' id='word_1_122' title='bbox 610 1216 763 1265; x_wconf 75' lang='lat' dir='ltr'>senatus</span> <span class='ocrx_word' id='word_1_123' title='bbox 781 1229 928 1272; x_wconf 85' lang='lat' dir='ltr'>anxius,</span> <span class='ocrx_word' id='word_1_124' title='bbox 946 1241 1063 1278; x_wconf 86' lang='lat' dir='ltr'>quum</span> <span class='ocrx_word' id='word_1_125' title='bbox 1082 1241 1163 1265; x_wconf 83' lang='lat' dir='ltr'>cer-</span> 
     </span>
    </p>

    <p class='ocr_par' dir='ltr' id='par_1_13' title="bbox 42 1292 1163 1342">
     <span class='ocr_line' id='line_1_18' title="bbox 42 1292 1163 1342; baseline 0.003 -15"><span class='ocrx_word' id='word_1_126' title='bbox 42 1298 150 1328; x_wconf 84' lang='lat' dir='ltr'>neret</span> <span class='ocrx_word' id='word_1_127' title='bbox 177 1299 282 1329; x_wconf 90' lang='lat' dir='ltr'>metu</span> <span class='ocrx_word' id='word_1_128' title='bbox 309 1293 508 1337; x_wconf 86' lang='lat' dir='ltr'>tenendos,</span> <span class='ocrx_word' id='word_1_129' title='bbox 529 1306 623 1342; x_wconf 87' lang='lat' dir='ltr'>quos</span> <span class='ocrx_word' id='word_1_130' title='bbox 644 1292 734 1329; x_wconf 88' lang='lat' dir='ltr'>fides</span> <span class='ocrx_word' id='word_1_131' title='bbox 759 1305 838 1329; x_wconf 87' lang='lat' dir='ltr'>non</span> <span class='ocrx_word' id='word_1_132' title='bbox 867 1294 1066 1337; x_wconf 90' lang='lat' dir='ltr'>tenuisset,</span> <span class='ocrx_word' id='word_1_133' title='bbox 1096 1306 1163 1330; x_wconf 84' lang='lat' dir='ltr'>ex·</span> 
     </span>
    </p>

    <p class='ocr_par' dir='ltr' id='par_1_14' title="bbox 45 1356 1164 1409">
     <span class='ocr_line' id='line_1_19' title="bbox 45 1356 1164 1409; baseline 0.004 -18"><span class='ocrx_word' id='word_1_134' title='bbox 45 1356 200 1393; x_wconf 89' lang='lat' dir='ltr'>tendere</span> <span class='ocrx_word' id='word_1_135' title='bbox 214 1370 345 1394; x_wconf 91' lang='lat' dir='ltr'>omnes</span> <span class='ocrx_word' id='word_1_136' title='bbox 365 1358 513 1409; x_wconf 88' lang='lat' dir='ltr'>imperii</span> <span class='ocrx_word' id='word_1_137' title='bbox 529 1358 624 1394; x_wconf 88' lang='lat' dir='ltr'>vires</span> <span class='ocrx_word' id='word_1_138' title='bbox 639 1357 811 1395; x_wconf 90' lang='lat' dir='ltr'>consules</span> <span class='ocrx_word' id='word_1_139' title='bbox 827 1357 975 1394; x_wconf 89' lang='lat' dir='ltr'>delectu</span> <span class='ocrx_word' id='word_1_140' title='bbox 986 1357 1164 1395; x_wconf 84' lang='lat' dir='ltr'>habendo</span> 
     </span>
    </p>

    <p class='ocr_par' dir='ltr' id='par_1_15' title="bbox 39 1418 1164 1472">
     <span class='ocr_line' id='line_1_20' title="bbox 39 1418 1164 1472; baseline 0.002 -16"><span class='ocrx_word' id='word_1_141' title='bbox 39 1418 178 1470; x_wconf 85' lang='lat' dir='ltr'>jussit:</span> <span class='ocrx_word' id='word_1_142' title='bbox 211 1421 311 1457; x_wconf 88' lang='lat' dir='ltr'>civili</span> <span class='ocrx_word' id='word_1_143' title='bbox 331 1423 468 1472; x_wconf 86' lang='lat' dir='ltr'>quippe</span> <span class='ocrx_word' id='word_1_144' title='bbox 494 1422 670 1459; x_wconf 86' lang='lat' dir='ltr'>standum</span> <span class='ocrx_word' id='word_1_145' title='bbox 697 1422 864 1458; x_wconf 84' lang='lat' dir='ltr'>exercitu</span> <span class='ocrx_word' id='word_1_146' title='bbox 891 1434 984 1465; x_wconf 86' lang='lat' dir='ltr'>esse,</span> <span class='ocrx_word' id='word_1_147' title='bbox 1011 1422 1164 1471; x_wconf 89' lang='lat' dir='ltr'>quando</span> 
     </span>
    </p>

    <p class='ocr_par' dir='ltr' id='par_1_16' title="bbox 45 1485 1386 1730">
     <span class='ocr_line' id='line_1_21' title="bbox 45 1485 1369 1541; baseline 0.002 -21"><span class='ocrx_word' id='word_1_148' title='bbox 45 1485 193 1521; x_wconf 87' lang='lat' dir='ltr'>socialis</span> <span class='ocrx_word' id='word_1_149' title='bbox 215 1492 335 1523; x_wconf 82' lang='lat' dir='ltr'>coetus</span> <span class='ocrx_word' id='word_1_150' title='bbox 351 1487 550 1524; x_wconf 85' lang='lat' dir='ltr'>desereret.</span> <span class='ocrx_word' id='word_1_151' title='bbox 607 1487 800 1536; x_wconf 88' lang='lat' dir='ltr'>Undique,</span> <span class='ocrx_word' id='word_1_152' title='bbox 816 1499 895 1522; x_wconf 90' lang='lat' dir='ltr'>non</span> <span class='ocrx_word' id='word_1_153' title='bbox 914 1486 1060 1523; x_wconf 90' lang='lat' dir='ltr'>urbana</span> <span class='ocrx_word' id='word_1_154' title='bbox 1078 1493 1163 1523; x_wconf 84' lang='lat' dir='ltr'>tan·</span> <span class='ocrx_word' id='word_1_155' title='bbox 1176 1490 1369 1541; x_wconf 65' lang='lat' dir='ltr'>Scribuntur</span> 
     </span>
     <span class='ocr_line' id='line_1_22' title="bbox 47 1535 1386 1609; baseline 0.001 -24"><span class='ocrx_word' id='word_1_156' title='bbox 47 1556 142 1594; x_wconf 86' lang='lat' dir='ltr'>tum,</span> <span class='ocrx_word' id='word_1_157' title='bbox 172 1551 238 1587; x_wconf 87' lang='lat' dir='ltr'>sed</span> <span class='ocrx_word' id='word_1_158' title='bbox 266 1552 381 1587; x_wconf 89' lang='lat' dir='ltr'>etiam</span> <span class='ocrx_word' id='word_1_159' title='bbox 409 1551 550 1600; x_wconf 79' lang='lat' dir='ltr'>agresti</span> <span class='ocrx_word' id='word_1_160' title='bbox 571 1549 790 1600; x_wconf 76' lang='lat' dir='ltr'>juventute,</span> <span class='ocrx_word' id='word_1_161' title='bbox 829 1550 958 1586; x_wconf 84' lang='lat' dir='ltr'>decem</span> <span class='ocrx_word' id='word_1_162' title='bbox 993 1549 1162 1600; x_wconf 86' lang='lat' dir='ltr'>legiones</span> <span class='ocrx_word' id='word_1_163' title='bbox 1176 1535 1289 1609; x_wconf 52' lang='lat' dir='ltr'><strong>gffeesfn</strong></span> <span class='ocrx_word' id='word_1_164' title='bbox 1307 1535 1386 1576; x_wconf 53' lang='lat'><strong>&#39;⁶5¹‘</strong></span> 
     </span>
     <span class='ocr_line' id='line_1_23' title="bbox 49 1614 1167 1666; baseline 0.003 -16"><span class='ocrx_word' id='word_1_165' title='bbox 49 1615 197 1666; x_wconf 82' lang='lat' dir='ltr'>scriptae</span> <span class='ocrx_word' id='word_1_166' title='bbox 226 1615 402 1652; x_wconf 90' lang='lat' dir='ltr'>dicuntur</span> <span class='ocrx_word' id='word_1_167' title='bbox 428 1615 656 1664; x_wconf 68' lang='lat' dir='ltr'>quaternum</span> <span class='ocrx_word' id='word_1_168' title='bbox 683 1614 844 1651; x_wconf 89' lang='lat' dir='ltr'>millium</span> <span class='ocrx_word' id='word_1_169' title='bbox 871 1621 908 1650; x_wconf 90' lang='lat' dir='ltr'>et</span> <span class='ocrx_word' id='word_1_170' title='bbox 933 1615 1167 1653; x_wconf 89' lang='lat' dir='ltr'>ducenorum</span> 
     </span>
     <span class='ocr_line' id='line_1_24' title="bbox 50 1679 1170 1730; baseline 0.002 -15"><span class='ocrx_word' id='word_1_171' title='bbox 50 1679 232 1730; x_wconf 81' lang='lat' dir='ltr'>peditum,</span> <span class='ocrx_word' id='word_1_172' title='bbox 254 1681 498 1729; x_wconf 85' lang='lat' dir='ltr'>equitumque</span> <span class='ocrx_word' id='word_1_173' title='bbox 517 1687 770 1716; x_wconf 78' lang='lat' dir='ltr'>trecenorum.</span> <span class='ocrx_word' id='word_1_174' title='bbox 827 1679 953 1718; x_wconf 86' lang='lat' dir='ltr'>Quem</span> <span class='ocrx_word' id='word_1_175' title='bbox 977 1691 1078 1717; x_wconf 88' lang='lat' dir='ltr'>nunc</span> <span class='ocrx_word' id='word_1_176' title='bbox 1097 1692 1170 1717; x_wconf 89' lang='lat' dir='ltr'>no-</span> 
     </span>
    </p>

    <p class='ocr_par' dir='ltr' id='par_1_17' title="bbox 49 1743 1169 1793">
     <span class='ocr_line' id='line_1_25' title="bbox 49 1743 1169 1793; baseline 0 -13"><span class='ocrx_word' id='word_1_177' title='bbox 49 1756 138 1780; x_wconf 85' lang='lat' dir='ltr'>vum</span> <span class='ocrx_word' id='word_1_178' title='bbox 157 1744 378 1787; x_wconf 87' lang='lat' dir='ltr'>exercitum,</span> <span class='ocrx_word' id='word_1_179' title='bbox 399 1745 430 1780; x_wconf 88' lang='lat' dir='ltr'>si</span> <span class='ocrx_word' id='word_1_180' title='bbox 450 1757 525 1793; x_wconf 83' lang='lat' dir='ltr'>qua</span> <span class='ocrx_word' id='word_1_181' title='bbox 551 1750 709 1780; x_wconf 79' lang='lat' dir='ltr'>externa</span> <span class='ocrx_word' id='word_1_182' title='bbox 731 1744 787 1779; x_wconf 81' lang='lat' dir='ltr'>vis</span> <span class='ocrx_word' id='word_1_183' title='bbox 808 1743 974 1791; x_wconf 85' lang='lat' dir='ltr'>ingruat,</span> <span class='ocrx_word' id='word_1_184' title='bbox 994 1743 1053 1779; x_wconf 83' lang='lat' dir='ltr'>hae</span> <span class='ocrx_word' id='word_1_185' title='bbox 1075 1744 1169 1780; x_wconf 85' lang='lat' dir='ltr'>vires</span> 
     </span>
    </p>

    <p class='ocr_par' dir='ltr' id='par_1_18' title="bbox 51 1807 1171 1860">
     <span class='ocr_line' id='line_1_26' title="bbox 51 1807 1171 1860; baseline 0 -15"><span class='ocrx_word' id='word_1_186' title='bbox 51 1809 182 1860; x_wconf 89' lang='lat' dir='ltr'>populi</span> <span class='ocrx_word' id='word_1_187' title='bbox 202 1808 384 1853; x_wconf 89' lang='lat' dir='ltr'>Romani,</span> <span class='ocrx_word' id='word_1_188' title='bbox 404 1822 497 1858; x_wconf 88' lang='lat' dir='ltr'>quas</span> <span class='ocrx_word' id='word_1_189' title='bbox 523 1810 587 1845; x_wconf 83' lang='lat' dir='ltr'>vix</span> <span class='ocrx_word' id='word_1_190' title='bbox 604 1814 793 1845; x_wconf 88' lang='lat' dir='ltr'>terrarum</span> <span class='ocrx_word' id='word_1_191' title='bbox 818 1808 920 1858; x_wconf 86' lang='lat' dir='ltr'>capit</span> <span class='ocrx_word' id='word_1_192' title='bbox 938 1807 1056 1852; x_wconf 87' lang='lat' dir='ltr'>orbis,</span> <span class='ocrx_word' id='word_1_193' title='bbox 1078 1820 1171 1845; x_wconf 90' lang='lat' dir='ltr'>con-</span> 
     </span>
    </p>

    <p class='ocr_par' dir='ltr' id='par_1_19' title="bbox 49 1872 1392 2179">
     <span class='ocr_line' id='line_1_27' title="bbox 51 1872 1172 1922; baseline -0.003 -11"><span class='ocrx_word' id='word_1_194' title='bbox 51 1880 183 1911; x_wconf 83' lang='lat' dir='ltr'>tractae</span> <span class='ocrx_word' id='word_1_195' title='bbox 212 1875 252 1911; x_wconf 91' lang='lat' dir='ltr'>in</span> <span class='ocrx_word' id='word_1_196' title='bbox 280 1887 398 1911; x_wconf 90' lang='lat' dir='ltr'>unum</span> <span class='ocrx_word' id='word_1_197' title='bbox 425 1874 527 1911; x_wconf 89' lang='lat' dir='ltr'>haud</span> <span class='ocrx_word' id='word_1_198' title='bbox 544 1873 655 1910; x_wconf 78' lang='lat' dir='ltr'>facile</span> <span class='ocrx_word' id='word_1_199' title='bbox 685 1873 871 1910; x_wconf 87' lang='lat' dir='ltr'>efficiant:</span> <span class='ocrx_word' id='word_1_200' title='bbox 905 1872 999 1909; x_wconf 91' lang='lat' dir='ltr'>adeo</span> <span class='ocrx_word' id='word_1_201' title='bbox 1028 1873 1068 1909; x_wconf 90' lang='lat' dir='ltr'>in</span> <span class='ocrx_word' id='word_1_202' title='bbox 1087 1885 1172 1922; x_wconf 81' lang='lat' dir='ltr'>quae</span> 
     </span>
     <span class='ocr_line' id='line_1_28' title="bbox 49 1936 1367 1986; baseline -0.001 -10"><span class='ocrx_word' id='word_1_203' title='bbox 49 1939 266 1977; x_wconf 88' lang='lat' dir='ltr'>laboramus</span> <span class='ocrx_word' id='word_1_204' title='bbox 285 1938 367 1976; x_wconf 88' lang='lat' dir='ltr'>sola</span> <span class='ocrx_word' id='word_1_205' title='bbox 385 1939 584 1983; x_wconf 86' lang='lat' dir='ltr'>crevimus,</span> <span class='ocrx_word' id='word_1_206' title='bbox 604 1938 768 1981; x_wconf 84' lang='lat' dir='ltr'>divitias,</span> <span class='ocrx_word' id='word_1_207' title='bbox 787 1937 1062 1986; x_wconf 88' lang='lat' dir='ltr'>luxuriamque.</span> <span class='ocrx_word' id='word_1_208' title='bbox 1103 1936 1169 1974; x_wconf 88' lang='lat' dir='ltr'>In·</span> <span class='ocrx_word' id='word_1_209' title='bbox 1182 1943 1273 1976; x_wconf 81' lang='lat' dir='ltr'>Alter</span> <span class='ocrx_word' id='word_1_210' title='bbox 1287 1954 1367 1980; x_wconf 85' lang='lat' dir='ltr'>con-</span> 
     </span>
     <span class='ocr_line' id='line_1_29' title="bbox 51 1987 1392 2055; baseline -0.002 -13"><span class='ocrx_word' id='word_1_211' title='bbox 51 2011 112 2042; x_wconf 88' lang='lat' dir='ltr'>ter</span> <span class='ocrx_word' id='word_1_212' title='bbox 129 2011 255 2042; x_wconf 85' lang='lat' dir='ltr'>cetera</span> <span class='ocrx_word' id='word_1_213' title='bbox 271 2005 397 2041; x_wconf 84' lang='lat' dir='ltr'>tristia</span> <span class='ocrx_word' id='word_1_214' title='bbox 412 2003 491 2055; x_wconf 88' lang='lat' dir='ltr'>ejus</span> <span class='ocrx_word' id='word_1_215' title='bbox 512 2004 616 2047; x_wconf 85' lang='lat' dir='ltr'>anni,</span> <span class='ocrx_word' id='word_1_216' title='bbox 634 2001 768 2040; x_wconf 88' lang='lat' dir='ltr'>consul</span> <span class='ocrx_word' id='word_1_217' title='bbox 786 2001 881 2038; x_wconf 86' lang='lat' dir='ltr'>alter</span> <span class='ocrx_word' id='word_1_218' title='bbox 894 2002 968 2052; x_wconf 89' lang='lat' dir='ltr'>Ap.</span> <span class='ocrx_word' id='word_1_219' title='bbox 989 2000 1170 2039; x_wconf 87' lang='lat' dir='ltr'>Claudius</span> <span class='ocrx_word' id='word_1_220' title='bbox 1181 1987 1233 2018; x_wconf 75' lang='lat'>⁵¹²¹</span> <span class='ocrx_word' id='word_1_221' title='bbox 1246 1993 1392 2027; x_wconf 76' lang='lat' dir='ltr'>moritur.</span> 
     </span>
     <span class='ocr_line' id='line_1_30' title="bbox 51 2066 1175 2120; baseline -0.003 -14"><span class='ocrx_word' id='word_1_222' title='bbox 51 2069 94 2106; x_wconf 86' lang='lat' dir='ltr'>in</span> <span class='ocrx_word' id='word_1_223' title='bbox 113 2069 196 2119; x_wconf 88' lang='lat' dir='ltr'>ipso</span> <span class='ocrx_word' id='word_1_224' title='bbox 220 2068 311 2105; x_wconf 88' lang='lat' dir='ltr'>belli</span> <span class='ocrx_word' id='word_1_225' title='bbox 329 2069 512 2120; x_wconf 85' lang='lat' dir='ltr'>adparatu</span> <span class='ocrx_word' id='word_1_226' title='bbox 540 2067 723 2104; x_wconf 88' lang='lat' dir='ltr'>moritur:</span> <span class='ocrx_word' id='word_1_227' title='bbox 755 2066 1020 2115; x_wconf 86' lang='lat' dir='ltr'>redierantque</span> <span class='ocrx_word' id='word_1_228' title='bbox 1039 2077 1097 2102; x_wconf 92' lang='lat' dir='ltr'>res</span> <span class='ocrx_word' id='word_1_229' title='bbox 1127 2066 1175 2103; x_wconf 91' lang='lat' dir='ltr'>ad</span> 
     </span>
     <span class='ocr_line' id='line_1_31' title="bbox 56 2129 1173 2179; baseline -0.003 -10"><span class='ocrx_word' id='word_1_230' title='bbox 56 2133 282 2179; x_wconf 70' lang='lat' dir='ltr'>Camillum,</span> <span class='ocrx_word' id='word_1_231' title='bbox 305 2134 365 2169; x_wconf 89' lang='lat' dir='ltr'>cui</span> <span class='ocrx_word' id='word_1_232' title='bbox 386 2134 500 2170; x_wconf 87' lang='lat' dir='ltr'>unico</span> <span class='ocrx_word' id='word_1_233' title='bbox 519 2132 681 2175; x_wconf 89' lang='lat' dir='ltr'>consuli,</span> <span class='ocrx_word' id='word_1_234' title='bbox 702 2130 762 2167; x_wconf 92' lang='lat' dir='ltr'>vel</span> <span class='ocrx_word' id='word_1_235' title='bbox 781 2130 830 2167; x_wconf 94' lang='lat' dir='ltr'>ob</span> <span class='ocrx_word' id='word_1_236' title='bbox 851 2130 964 2166; x_wconf 87' lang='lat' dir='ltr'>aliam</span> <span class='ocrx_word' id='word_1_237' title='bbox 980 2129 1173 2178; x_wconf 86' lang='lat' dir='ltr'>dignatio-</span> 
     </span>
    </p>

    <p class='ocr_par' dir='ltr' id='par_1_20' title="bbox 55 2193 1172 2248">
     <span class='ocr_line' id='line_1_32' title="bbox 55 2193 1172 2248; baseline -0.004 -14"><span class='ocrx_word' id='word_1_238' title='bbox 55 2210 145 2234; x_wconf 89' lang='lat' dir='ltr'>nem</span> <span class='ocrx_word' id='word_1_239' title='bbox 163 2197 263 2233; x_wconf 88' lang='lat' dir='ltr'>haud</span> <span class='ocrx_word' id='word_1_240' title='bbox 282 2196 556 2248; x_wconf 84' lang='lat' dir='ltr'>subjiciendam</span> <span class='ocrx_word' id='word_1_241' title='bbox 575 2197 786 2239; x_wconf 83' lang='lat' dir='ltr'>dictaturae,</span> <span class='ocrx_word' id='word_1_242' title='bbox 807 2193 867 2230; x_wconf 81' lang='lat' dir='ltr'>vel</span> <span class='ocrx_word' id='word_1_243' title='bbox 886 2194 935 2230; x_wconf 93' lang='lat' dir='ltr'>ob</span> <span class='ocrx_word' id='word_1_244' title='bbox 956 2206 1069 2229; x_wconf 86' lang='lat' dir='ltr'>omen</span> <span class='ocrx_word' id='word_1_245' title='bbox 1088 2193 1172 2230; x_wconf 88' lang='lat' dir='ltr'>fau-</span> 
     </span>
    </p>

    <p class='ocr_par' dir='ltr' id='par_1_21' title="bbox 48 2260 1367 2378">
     <span class='ocr_line' id='line_1_33' title="bbox 58 2260 1315 2311; baseline -0.002 -11"><span class='ocrx_word' id='word_1_246' title='bbox 58 2271 160 2301; x_wconf 79' lang='lat' dir='ltr'>stum</span> <span class='ocrx_word' id='word_1_247' title='bbox 179 2264 226 2300; x_wconf 88' lang='lat' dir='ltr'>ad</span> <span class='ocrx_word' id='word_1_248' title='bbox 243 2263 432 2300; x_wconf 87' lang='lat' dir='ltr'>Gallicum</span> <span class='ocrx_word' id='word_1_249' title='bbox 450 2262 656 2300; x_wconf 86' lang='lat' dir='ltr'>tumultum</span> <span class='ocrx_word' id='word_1_250' title='bbox 672 2261 928 2311; x_wconf 86' lang='lat' dir='ltr'>cognominis,</span> <span class='ocrx_word' id='word_1_251' title='bbox 946 2260 1173 2297; x_wconf 85' lang='lat' dir='ltr'>dictatorem</span> <span class='ocrx_word' id='word_1_252' title='bbox 1187 2276 1315 2308; x_wconf 82' lang='lat' dir='ltr'>Bellum</span> 
     </span>
     <span class='ocr_line' id='line_1_34' title="bbox 48 2319 1367 2378; baseline -0.003 -12"><span class='ocrx_word' id='word_1_253' title='bbox 48 2328 234 2378; x_wconf 69' lang='lat' dir='ltr'>,adrogari</span> <span class='ocrx_word' id='word_1_254' title='bbox 261 2328 365 2366; x_wconf 87' lang='lat' dir='ltr'>haud</span> <span class='ocrx_word' id='word_1_255' title='bbox 396 2329 488 2366; x_wconf 84' lang='lat' dir='ltr'>satis</span> <span class='ocrx_word' id='word_1_256' title='bbox 516 2328 696 2366; x_wconf 85' lang='lat' dir='ltr'>decorum</span> <span class='ocrx_word' id='word_1_257' title='bbox 731 2327 854 2364; x_wconf 78' lang='lat' dir='ltr'>visum</span> <span class='ocrx_word' id='word_1_258' title='bbox 889 2331 947 2364; x_wconf 82' lang='lat' dir='ltr'>est</span> <span class='ocrx_word' id='word_1_259' title='bbox 981 2319 1367 2364; x_wconf 61' lang='lat' dir='ltr'>Patribusssallicumv</span> 
     </span>
    </p>
   </div>
  </div>
 </body>
</html>
