1573 2598
91 2058 132 2087 U.
151 2057 189 2087 C.
209 2063 260 2091 87.

90 2103 128 2131 A.
147 2100 182 2131 C.
201 2105 274 2130 665.

87 2143 292 2175 Albadiruta.

299 166 356 204 44
755 168 799 195 Τ.
824 169 962 197 mvn

302 254 437 289 Mettus
445 252 595 302 foederis
614 253 770 291 Romani
788 257 987 306 Albanique
1003 263 1138 306 ruptor.
1194 261 1337 297 Audeat
1357 263 1418 298 de-

301 320 383 354 inde
402 319 492 354 talia
513 319 617 360 alius,
644 320 712 354 nisi
736 321 773 356 in
796 320 886 356 hunc
911 323 1046 370 insigne
1062 322 1144 369 jam
1173 325 1419 362 documentum

300 382 507 419 mortalibus
525 383 663 419 dedero.
721 383 972 421 Centuriones
1000 387 1136 422 armati
1154 386 1323 424 Mettum
1345 389 1417 424 cir·

300 446 527 481 cumsistunt
549 460 556 481 :
605 458 672 482 rex
716 453 853 489 cetera,
891 454 934 483 ut
970 461 1076 484 orsus
1116 456 1211 492 erat,
1255 452 1418 500 peragit.

303 510 407 551 Quod
431 510 570 552 bonum,
590 509 771 558 faustum,
790 510 955 559 felixque
977 514 1024 548 sit
1042 515 1174 561 populo
1193 514 1358 551 Romano
1376 528 1419 551 ac

300 574 401 617 mihi,
424 574 596 621 vobisque,
616 574 750 609 Albani
765 591 777 617 ,-
795 576 970 622 populum
989 589 1124 613 omnem
1144 579 1322 615 Albanum
1341 579 1418 616 Ro-

301 651 397 674 mam
428 639 612 674 traducere
644 639 681 674 in
713 639 833 674 animo
860 644 911 676 est
923 656 937 684 ,-
967 642 1146 678 civitatem
1179 644 1265 679 dare
1298 644 1419 691 plebi,-

295 705 472 752 primores
501 703 537 737 in
565 706 689 750 patres
719 703 832 750 legere
842 719 855 747 ,-
888 716 998 740 unam
1024 705 1157 748 urbem,
1190 719 1299 743 unam
1327 719 1420 743 rem·-

296 766 479 814 publicam
496 764 636 814 facere.
699 766 747 802 Ut
775 778 817 802 ex
839 779 909 802 uno
934 769 1111 816 quondam
1135 771 1170 805 in
1195 771 1281 806 duos
1303 783 1420 819 popu-

302 832 353 866 los
386 832 499 866 divisa
527 830 670 866 Albana
697 842 751 866 res
779 835 842 873 est,
871 833 922 867 sic
948 844 1040 868 nunc
1076 834 1113 868 in
1144 845 1252 870 unum
1286 836 1422 871 redeat.

301 896 363 933 Ad
391 897 472 932 haec
491 896 643 932 Albana
670 896 803 946 pubes,
824 897 977 933 inermis
998 897 1045 933 ab
1066 899 1218 934 armatis
1239 907 1360 948 septa,
1380 898 1420 934 in

302 961 414 997 variis
434 960 708 1004 voluntatibus,
730 962 923 997 communi
950 967 1080 998 tamen
1108 968 1214 997 metu
1242 968 1419 1010 cogente,

301 1026 494 1062 silentium
530 1032 647 1061 tenet.
702 1025 803 1061 Tum
839 1024 1003 1061 Tullus:
1040 1025 1155 1060 Mette
1182 1025 1323 1074 Fzgffest,
1362 1026 1422 1061 in-

301 1089 397 1138 quit,
417 1091 448 1125 si
468 1091 538 1137 ipse
557 1090 688 1124 discere
701 1101 818 1137 posses
823 1089 940 1137 fidem
958 1101 1001 1124 ac
1012 1087 1157 1136 soedera
1173 1100 1323 1132 servare,
1344 1090 1422 1126 vivo

304 1153 366 1188 tibi
385 1164 426 1188 ea
444 1153 631 1200 disciplina
651 1165 674 1188 α
694 1164 747 1188 me
765 1152 927 1188 adhibita
941 1156 1037 1188 esset.
1067 1152 1173 1188 Nunc
1184 1153 1349 1200 quoniam
1365 1157 1421 1188 tu-

301 1229 362 1253 um
382 1217 575 1252 insanabile
595 1218 772 1264 ingenium
790 1221 853 1259 est,
870 1221 909 1251 at
928 1221 966 1251 tu
983 1220 1042 1251 tuo
1059 1217 1232 1264 supplicio
1251 1217 1335 1252 doce
1353 1216 1418 1252 hu-

303 1293 447 1317 manum
464 1293 572 1328 genus
591 1293 633 1316 ea
651 1285 773 1316 sancta
793 1281 943 1323 credere,
965 1292 1041 1328 quae
1065 1293 1088 1316 a
1114 1285 1147 1316 te
1170 1281 1305 1316 violata
1329 1285 1421 1316 sunt.

310 1346 358 1381 Ut
386 1347 497 1393 igitur
519 1345 646 1393 paullo
671 1349 753 1380 ante
772 1346 929 1380 animum
948 1346 1039 1380 inter
1057 1345 1268 1380 Fidenatem
1287 1343 1425 1380 Roma-

302 1422 454 1458 namque
477 1422 552 1445 rem
576 1411 765 1458 ancipitem
787 1411 936 1457 gessisti,
963 1411 1016 1446 ita
1031 1408 1113 1455 jam
1143 1421 1267 1457 corpus
1289 1410 1424 1457 passim

305 1474 571 1511 distrahendum
600 1473 709 1509 (labis.
765 1472 930 1516 Exinde,
965 1473 1109 1509 duabus
1140 1473 1300 1509 admotis
1331 1485 1423 1521 qua-

304 1538 435 1586 drigis,
463 1537 499 1573 in
528 1549 656 1573 currus
685 1549 813 1573 earum
842 1537 1049 1573 distentum
1076 1536 1212 1586 inligat
1229 1536 1420 1572 Mettum:

302 1601 436 1637 deinde
465 1601 503 1636 in
534 1601 721 1636 diversum
750 1601 821 1636 iter
850 1601 936 1649 equi
965 1601 1162 1643 concitati,
1190 1600 1354 1636 lacerum
1382 1600 1422 1636 iu

302 1672 464 1714 utroque
484 1677 595 1700 curru
614 1677 764 1714 corpus,
786 1678 860 1713 qua
876 1666 1105 1701 inhaeserant
1125 1664 1283 1700 vinculis
1305 1676 1424 1699 mem-

303 1729 385 1773 bra,
421 1735 630 1779 portantes,
686 1729 870 1765 Avertere
900 1741 1030 1765 omnes
1061 1742 1083 1765 a
1110 1734 1220 1765 tanta
1250 1727 1425 1765 foeditate

304 1793 508 1844 spectaculi
538 1792 681 1829 oculos.
738 1793 907 1829 Primum
936 1793 1186 1842 ultimumque
1213 1791 1305 1828 illud
1334 1804 1423 1841 sup-

303 1858 458 1908 plicium
495 1858 594 1907 apud
630 1857 827 1894 Romanos
865 1858 1027 1907 exempli
1070 1870 1204 1908 parum
1246 1855 1422 1892 memoris

303 1921 430 1970 legum
460 1922 709 1957 humanarum
737 1921 832 1957 fuit:
865 1922 904 1957 in
923 1921 1006 1957 aliis
1026 1921 1181 1969 gloriari
1206 1919 1308 1963 licet,
1328 1918 1423 1956 nulli

305 1985 475 2034 gentium
495 1985 664 2020 mitiores
684 1983 870 2033 placuisse
889 1997 1034 2033 poenas.

360 2049 518 2086 XXIX.
556 2048 662 2084 Inter
698 2048 778 2084 haec
807 2047 891 2098 jam
927 2048 1108 2097 praemissi
1141 2047 1280 2083 Albam
1318 2052 1426 2082 erant

307 2115 466 2163 equites,
487 2114 550 2162 qui
571 2112 852 2148 multitudinem
871 2112 1112 2148 traducerent
1131 2111 1308 2147 Romam.
1347 2110 1424 2146 Le-

307 2182 438 2231 giones
470 2179 603 2215 deinde
637 2179 758 2214 <luctae
791 2179 838 2214 ad
871 2178 1090 2215 diruendam
1129 2175 1271 2212 urbem.
1327 2174 1424 2213 Quae

308 2244 370 2280 ubi
393 2245 578 2281 intravere
601 2250 743 2294 portam,
765 2257 842 2279 non
863 2243 1013 2292 quidem
1033 2243 1105 2278 fuit
1132 2240 1316 2277 tumultus
1344 2239 1422 2282 ille,

309 2315 382 2346 ncc'
421 2321 551 2358 pavor,
590 2306 709 2358 qualis
748 2313 943 2357 captarum
983 2318 1063 2343 csse
1108 2305 1256 2341 urbium
1293 2302 1390 2339 sobet
1409 2318 1420 2348 ς
