1573 2598
130 773 173 803 U.
190 771 226 802 C.
244 778 318 802 254.

129 816 168 846 A.
186 816 223 846 C.
241 821 314 848 498.

129 1028 258 1060 Bellum

129 1082 208 1121 curn
225 1073 286 1103 La-

130 1123 216 1146 txms.

131 1190 176 1219 U.
192 1187 229 1218 C.
241 1193 317 1217 θῦε.

128 1233 168 1263 Α.
185 1230 222 1261 C.
240 1235 314 1264 497·

132 1802 245 1841 Pugna
261 1800 299 1831 ad

133 1845 297 1885 Regillum

132 1889 253 1920 lacum.

345 164 426 195 110
813 161 858 191 Τ.
882 160 1015 191 mvn

343 259 604 301 senatumque,
637 254 681 286 ut
707 248 856 286 veniam
885 249 1022 286 erroris
1054 248 1273 287 hominibus
1306 248 1457 288 adoles-

344 316 516 354 centibus
553 315 699 357 darent,
736 325 987 363 responsum;
1019 315 1154 363 ignosci
1184 315 1456 352 adolescentibus

339 393 453 430 posse,
479 379 613 416 senibus
639 390 710 414 non
731 390 842 426 posse,
874 379 934 426 qui
960 378 1051 414 bella
1076 390 1117 414 er
1145 378 1243 415 bellis
1276 384 1455 416 sererent:

343 452 471 481 actum
503 449 631 478 tamen
665 446 722 477 est
749 440 794 476 de
823 453 940 490 pace:
973 442 1237 492 inpetrataque
1264 441 1378 486 foret,
1408 443 1454 486 si,

342 510 445 558 quod
473 509 640 559 inpensae
664 507 807 544 factum
835 509 874 544 in
898 508 1039 545 bellum
1063 516 1157 552 erat,
1185 516 1363 559 praestare
1389 510 1458 546 Sa-

341 573 422 610 bini
449 573 503 620 (id
533 573 634 609 enim
664 571 896 622 postulatum
927 574 1024 619 erat)
1055 574 1094 609 in
1124 574 1291 610 animum
1321 573 1457 610 indux-

341 639 472 674 issent.
531 637 680 674 Bellum
708 637 917 673 indictum:
949 637 1076 674 tacitae
1105 638 1264 674 induciae
1290 639 1459 688 quietum

343 716 486 739 annum
504 709 671 738 tenuere.

398 766 513 803 XIX.
545 765 729 801 Consules
750 765 828 801 Ser.
850 763 1052 815 Sulpicius,
1071 764 1140 801 Μ’.
1161 764 1332 801 Tullius:
1364 765 1460 802 nihil

345 832 502 880 d‘gnum
527 831 710 866 memoria
738 838 876 866 actum.
933 828 977 865 Τ.
999 829 1180 865 Ᾱίὺυῑίιιε
1205 829 1339 866 deinde
1358 837 1395 866 et
1416 831 1459 867 C.

344 896 537 932 Vetusius,
594 894 667 930 His
691 893 908 930 consulibus
929 893 1081 930 Fidenae
1101 894 1278 937 obsessae,
1301 895 1459 931 Crustu-

346 961 464 997 meria
492 966 617 1009 capta,
640 959 831 994 Praeneste
860 958 907 994 ab
930 958 1080 994 Latinis
1107 959 1153 994 ad
1175 958 1373 995 Romanos
1397 959 1460 995 de-

347 1026 456 1061 scivit
474 1040 480 1059 :
513 1037 583 1060 nec
603 1023 700 1059 ultra
719 1022 862 1058 bellum
879 1022 1077 1066 Latinum,
1098 1022 1260 1071 gliscens
1283 1022 1367 1073 jam
1394 1036 1461 1074 per

345 1089 491 1138 aliquot
517 1099 652 1130 annos,
681 1086 851 1123 dilatum.
907 1086 954 1121 A.
975 1085 1194 1122 Postumius
1217 1086 1394 1130 dictator,
1413 1087 1461 1124 T.

346 1153 528 1190 AEbutius
552 1152 731 1200 magister
757 1151 939 1199 equitum,
964 1150 1110 1198 maguis
1141 1151 1259 1200 copiis
1292 1151 1462 1201 peditum

347 1219 590 1268 equitumque
622 1217 798 1266 profecti,
829 1217 876 1252 ad
911 1216 1035 1252 lacum
1063 1216 1256 1265 Regillum
1292 1218 1332 1253 in
1368 1230 1461 1267 agro

346 1282 565 1320 Tusculano
602 1281 744 1330 agmini
782 1280 950 1316 hostium
980 1279 1251 1316 obcurrerunt:
1292 1287 1343 1324 et,
1373 1282 1462 1330 quia

345 1347 574 1396 Tarquinios
595 1358 675 1382 esse
698 1346 736 1381 in
760 1344 929 1381 exercitu
948 1344 1176 1381 Latinorum
1196 1345 1366 1382 auditum
1389 1354 1459 1389 est,

344 1411 522 1448 sustineri
542 1411 602 1446 ira
616 1422 695 1446 non
716 1410 858 1460 potuit,
879 1409 968 1458 quin
989 1408 1181 1459 extemplo
1202 1409 1461 1458 confligerent.

344 1476 451 1524 Ergo
481 1475 600 1511 etiam*
625 1472 801 1524 proelium
831 1472 1040 1522 aliquanto,
1068 1484 1184 1522 quam
1207 1480 1345 1516 cetera,
1376 1486 1462 1522 gra-

345 1540 427 1575 vius
448 1545 561 1587 atque
581 1538 746 1573 atrocius
765 1536 838 1573 fuit
857 1550 867 1572 t
897 1549 974 1572 non
996 1537 1097 1572 enim
1119 1535 1232 1572 duces
1255 1536 1303 1572 ad
1327 1549 1463 1586 regen-

347 1604 434 1640 dam
461 1602 576 1639 modo
601 1601 766 1638 consilio
789 1613 869 1638 rem
895 1601 1060 1644 adfuere,
1083 1600 1161 1644 sed,
1186 1601 1344 1638 suismet
1370 1602 1462 1652 ipsis

347 1665 570 1717 corporibus
613 1665 851 1708 dimicantes,
887 1666 1070 1701 miscuere
1108 1665 1344 1701 certamina:
1393 1677 1463 1702 nec

347 1730 544 1779 quisquam
571 1742 771 1779 procerum
789 1728 906 1765 ferme
930 1729 1002 1765 hac
1031 1734 1102 1765 aut
1126 1727 1191 1764 illa
1209 1740 1256 1764 ex
1278 1728 1358 1764 acie
1384 1729 1464 1764 sine

347 1795 514 1838 vulnere,
535 1801 671 1845 praeter
691 1794 915 1830 dictatorem
935 1792 1168 1837 Romanum,
1189 1793 1360 1829 excessit.
1417 1792 1464 1830 In

348 1859 601 1901 Postumium,
623 1858 745 1908 prima
764 1858 803 1893 in
823 1858 903 1893 acie
923 1869 1010 1893 suos
1031 1856 1297 1893 adhortantem
1322 1856 1463 1892 instru-

348 1929 562 1972 entemque,
582 1922 811 1970 Tarquinius
836 1921 1046 1970 Superbus,
1066 1932 1291 1970 quamquam
1311 1918 1394 1970 jam
1415 1934 1465 1956 ae-

348 1994 428 2024 tate
446 1993 485 2023 et
503 1985 645 2022 viribus
665 1992 746 2022 erat
765 1986 929 2034 gravior,
951 1997 1088 2034 equum
1108 1984 1268 2021 infestus
1289 1984 1461 2021 admisit:

348 2052 521 2100 ictusque
541 2050 588 2086 ab
609 2049 739 2092 latere,
761 2061 948 2086 concursu
966 2061 1119 2085 suorum
1139 2056 1312 2098 receptus
1338 2049 1378 2085 in
1403 2055 1465 2085 tu-

348 2124 430 2152 tum
459 2121 528 2151 est.
585 2114 638 2151 Et
667 2113 715 2149 ad
743 2113 903 2150 alterum
932 2126 1052 2150 cornu
1074 2113 1256 2150 AEbutius
1286 2114 1467 2162 magister

349 2180 518 2229 equitum
548 2180 586 2215 in
612 2178 815 2215 Octavium
841 2178 1055 2215 Mamilium
1086 2179 1257 2229 inpetum
1287 2177 1464 2214 dederat:

347 2256 418 2280 nec
454 2242 590 2279 fefellit
625 2243 779 2279 veniens
817 2242 1075 2279 Tusculanum
1115 2242 1278 2279 ducem:
1329 2247 1464 2279 contra

348 2319 460 2357 quem
490 2313 527 2344 et
556 2306 619 2346 iue
642 2307 812 2345 concitat
833 2319 994 2358 equum:
1027 2313 1210 2356 tantaque
1232 2307 1286 2343 vis
1316 2304 1463 2343 infestis
