1573 2598
346 155 501 184 LIBER
527 154 596 182 ιν.
628 153 738 181 cAr.
761 151 896 180 xxu.
1102 134 1180 189 287

70 245 232 283 secratio
265 244 392 293 itaque
422 257 445 280 a
475 241 632 293 populo,
664 240 870 276 duumviris
908 237 1180 289 praeeuntibus,

72 316 130 346 est
157 308 271 345 facta.
326 306 571 344 Pestilentior
592 305 679 341 inde
699 316 834 347 annus,
857 304 900 339 C.
920 302 1025 338 Julio
1044 302 1182 338 iterum
1195 296 1237 368 Ξ·
1253 295 1291 370 g*
1307 301 1383 370 {gg-

71 379 110 409 et
127 372 174 409 L.
193 371 371 420 Virginio
397 369 629 411 consulibus,
649 373 800 404 tantum
829 373 972 402 metum
992 365 1181 402 vastitatis
1227 361 1234 368 ’
1282 360 1290 369 ’
1373 360 1380 366 ’

71 437 111 473 in
131 436 223 473 urbe
243 436 418 484 agrisque
437 434 542 477 fecit,
558 438 600 469 ut
614 445 692 468 non
708 432 822 467 modo
842 430 1034 481 praedandi
1051 442 1186 466 caussa

72 501 270 550 quisquam
290 512 336 535 ex
357 510 448 547 agro
469 497 646 533 Romano
665 508 743 531 non
772 496 905 538 exiret,
926 494 1062 530 bellive
1085 492 1182 529 infe-

72 565 179 602 rendi
197 565 382 601 memoria
404 562 583 600 Patribus
605 567 671 597 aut
699 560 801 611 plebi
832 567 955 605 essetg
988 559 1053 596 sed
1082 558 1184 595 ultro

72 629 287 671 Fidenates,
312 628 375 676 qui
402 639 441 662 se
470 626 594 676 primo
615 632 682 661 aut
703 625 860 675 oppido,
885 630 951 660 aut
974 623 1184 665 montibus,

73 699 140 730 aut
164 694 278 729 muris
309 695 524 732 tenuerant,
552 688 812 739 populabundi
843 688 1114 724 descenderent
1145 686 1185 722 in

75 769 209 806 agrum
228 755 470 792 Romanum:
503 752 652 795 deinde,
672 752 892 788 Veientium
921 751 1090 788 exercitu
1119 749 1185 786 ad·
1199 746 1328 797 Beuum

74 821 166 865 cito,
190 823 295 869 (nam
314 817 449 856 Falisci
472 816 628 867 perpelli
649 816 695 853 ad
715 816 1002 853 instaurandum
1027 814 1184 858 bellum,
1198 792 1383 865 ffiffbggdeet'

72 898 195 935 neque
215 884 320 921 clade
337 883 617 924 Romanorum,
637 894 760 930 neque
780 881 970 917 sociorum
996 879 1185 930 precibus,
1198 877 1341 949 {seienti-

75 950 250 1000 potuere)
273 949 348 985 duo
367 946 499 998 populi
518 946 700 982 transiere
719 946 928 990 Anienem3
954 951 1067 993 atque
1086 944 1190 980 haud
1222 929 1272 951 ¹²⁵⁶

77 1014 211 1066 procul
244 1014 395 1050 Collina
423 1019 536 1063 porta
566 1012 676 1061 signa
704 1010 885 1047 habuere.
939 1009 1190 1059 Trepidatum

76 1081 219 1128 itaque,
236 1091 314 1115 non
331 1079 371 1114 in
390 1078 489 1126 agris
505 1077 640 1125 magis,
654 1088 766 1125 quam
788 1076 828 1111 in
843 1075 951 1118 urbe,
965 1080 1034 1110 est.
1064 1073 1189 1109 Julius

78 1142 211 1179 consul
231 1143 269 1177 in
292 1154 430 1190 aggere
458 1141 651 1189 murisque
680 1139 844 1190 explicat
872 1140 1000 1190 copias
1020 1154 1028 1175 :
1060 1152 1084 1174 a
1101 1138 1190 1174 Vir-

78 1207 183 1256 ginio
203 1211 355 1242 senatus
375 1206 413 1241 in
442 1205 520 1241 aede
548 1204 702 1244 Quirini
730 1204 953 1240 consulitur.
1008 1202 1190 1239 Dictato-

77 1283 157 1307 rem
186 1271 258 1306 dici
287 1271 335 1306 A.
364 1266 562 1306 Servilium
591 1268 729 1319 placet,
762 1268 822 1304 cui
854 1268 986 1304 Prisco
1015 1267 1093 1310 alii,
1124 1260 1352 1310 affiServilius

78 1335 232 1371 Structo
254 1335 371 1371 fuisse
399 1346 613 1383 cognomen
641 1333 810 1369 tradunt.
866 1332 1077 1382 VirginiuS,
1099 1332 1190 1368 dum
1201 1305 1345 1336 dictator.

77 1397 263 1447 collegam
283 1397 510 1441 consuleret,
526 1402 710 1440 moratus,
725 1398 971 1447 permittente
991 1408 1052 1438 eo,
1073 1402 1188 1432 nocte

78 1462 303 1498 dictatorem
323 1462 420 1498 dixit
437 1476 444 1496 :
473 1462 503 1497 is
524 1460 597 1497 sibi
615 1461 839 1509 magistrum
860 1460 1031 1509 equitum
1050 1460 1190 1496 Postu-

79 1539 181 1562 mum
203 1525 406 1562 AEbutium
424 1525 560 1562 Elvam
580 1525 684 1561 dicit.

132 1590 270 1627 XXII.
300 1590 479 1627 Dictator
499 1602 629 1625 omnes
650 1588 733 1625 luce
752 1590 875 1639 prima
904 1595 1012 1625 extra
1040 1593 1192 1638 portam

80 1656 270 1692 Collinam
301 1657 429 1691 adesse
453 1655 588 1705 jubet:
621 1654 920 1703 quibuscumque
939 1655 1035 1690 vires
1055 1653 1192 1703 subpe-

81 1720 215 1757 tebant
247 1721 294 1756 ad
327 1733 430 1756 arma
463 1720 629 1762 ferenda,
664 1725 803 1768 praesto
836 1719 965 1755 fuere:
1005 1719 1115 1766 signa
1148 1730 1194 1754 ex

78 1785 216 1821 aerario
236 1792 386 1835 promta
404 1785 578 1820 feruntur
598 1784 646 1819 ad
665 1783 902 1819 dictatorem.
960 1782 1057 1822 Quae
1077 1794 1194 1831 quum

82 1855 298 1898 agerentur,
319 1850 447 1884 hostes
469 1850 507 1884 in
527 1848 611 1883 loca
631 1847 767 1883 altiora
786 1859 1025 1883 concessere:
1051 1859 1097 1882 eo
1114 1847 1193 1883 dic-

45 1943 48 1947 .
80 1918 184 1949 tator
214 1914 365 1962 agmine
396 1913 535 1948 infesto
565 1911 688 1947 subit:
728 1923 798 1947 nec
827 1910 960 1960 procul
993 1910 1192 1947 Nomento

78 1977 198 2026 signis
236 1976 411 2018 conlatis,
442 1975 539 2011 fudit
569 1974 749 2010 Etruscas
780 1974 973 2023 legiones:
1006 1973 1191 2024 compulit

79 2041 166 2077 inde
187 2041 224 2076 in
246 2040 374 2076 urbem
405 2039 578 2080 Fidenas,
599 2037 773 2086 valloque
802 2037 1059 2074 circumdedit.
1117 2038 1190 2074 Sed
1203 2034 1337 2066 Fidenas
1351 2034 1408 2067 ob·

81 2117 202 2153 neque
219 2104 327 2140 scalis
349 2104 431 2153 capi
451 2108 602 2153 poterat
621 2102 709 2138 urbs
730 2102 807 2139 alta
822 2109 859 2138 et
876 2103 1045 2146 munita3
1067 2114 1191 2151 neque
1204 2085 1337 2117 pugnat‘

80 2168 121 2204 in
139 2168 338 2204 obsidione
357 2169 410 2203 vis
432 2167 508 2203 ulla
528 2172 621 2209 erat,
643 2167 731 2215 quia
752 2165 985 2202 frumentum
1012 2178 1092 2202 non
1120 2179 1188 2202 ne-

80 2224 248 2271 cessitati
277 2234 390 2270 modo
419 2234 524 2276 satis,
546 2233 610 2268 sed
640 2233 758 2282 copiae
779 2244 942 2281 quoque,
964 2230 1113 2268 abunde
1142 2246 1190 2270 ex

75 2306 171 2336 ante
188 2304 373 2336 convecto
396 2299 632 2337 subficiebat.
688 2298 764 2341 Ita,
784 2296 1026 2348 expugnandi
1047 2297 1190 2348 pariter
