1573 2598
369 168 616 199 LIBER-vl.
650 166 757 197 CAP.
782 163 913 196 XVII.
1141 166 1221 210 431

113 262 260 300 ditione
284 274 342 298 res
366 267 472 298 erat:
505 259 612 311 cujus
636 258 820 296 leniendae
840 271 985 303 caussa,
1006 258 1223 309 postulante
1237 257 1326 288 U·C·
1344 263 1420 293 370-

111 325 231 368 nullo‚
261 324 420 374 largitor
447 322 681 361 voluntarius
712 328 867 373 repente
896 329 1051 359 senatus
1081 300 1421 366 factus‚A⁰C'3⁸²'

114 389 303 426 Satricum
333 388 523 426 coloniam
549 387 624 424 duo
653 385 771 423 millia
796 386 934 422 civium
960 385 1225 422 Romanorum

114 454 248 491 deduci
270 452 410 504 jussit:
441 452 532 489 bina
552 451 693 502 jugera
720 457 758 487 et
787 451 958 487 semisses
989 451 1069 500 agri
1099 450 1225 500 adsig-

114 519 207 555 nati.
263 518 378 557 Quod
406 529 521 567 quum
543 522 582 553 et
607 528 764 567 parvum
791 521 829 551 et
856 515 986 565 paucis
1012 515 1156 558 datum,
1188 521 1227 552 et

116 581 325 619 mercedem
353 593 433 617 esse
461 579 644 630 prodendi
671 578 730 616 M.
757 577 895 614 Manui
932 578 1226 628 interpretaren-

116 651 203 691 turj
243 645 409 681 remedio
437 645 607 681 irritatur
635 644 799 680 seditio:
840 649 878 679 et
904 641 988 692 jam
1016 643 1137 692 magis
1167 643 1227 681 in-

116 709 232 758 signis
260 714 298 745 et
325 708 498 745 sordibus
528 715 567 745 et
593 708 691 745 facie
720 720 871 744 reorum
899 706 1011 743 turba
1029 706 1230 744 Manliana

117 778 211 816 erat,
242 779 467 821 amotusque
498 779 586 822 post
614 771 850 821 triumphum
878 771 1120 808 abdicatione
1149 771 1249 808 dic--

115 842 251 874 taturae
269 843 391 874 terror
410 843 448 873 et
473 836 643 886 linguam
662 843 700 873 et
728 836 875 873 animos
904 835 1130 872 liberaverat
1157 836 1229 874 ho-

116 901 273 939 minum.

172 964 304 1001 XVII.
324 964 588 1002 Audiebantur
607 966 734 1014 itaque
753 963 949 1015 propalam
965 976 1075 1000 voces
1091 976 1228 1015 expro-
1243 957 1449 1032 θῦῗΥΡῙΞΞΡᾹ

118 1026 310 1065 brantium
338 1029 701 1078 multitudini,¹quod
726 1029 923 1078 defensores
940 1042 1020 1065 suos
1037 1041 1174 1077 semper
1193 1031 1229 1065 in
1240 1008 1450 1083 Πὶεᾛὲἒρᾉ-

115 1094 336 1140 praecipitem
362 1094 477 1129 locum
493 1092 628 1142 favore
654 1094 774 1136 tollat,
796 1094 922 1128 deinde
948 1094 983 1127 in
1010 1094 1084 1141 ipso
1104 1093 1229 1129 discri-
1239 1087 1451 1119 ditoManlio.

119 1157 214 1191 mine
228 1157 383 1203 periculi
403 1157 586 1192 destituat.
628 1157 688 1192 Sic
704 1157 768 1205 Sp.
789 1156 959 1198 Cassiam,
977 1158 1013 1192 in
1032 1168 1137 1204 agros
1151 1157 1232 1205 ple-

121 1218 196 1253 bem
214 1224 413 1262 vocantem,
436 1221 485 1255 sic
505 1220 568 1268 Sp.
590 1220 768 1263 Maelium,
789 1220 832 1255 ab
855 1231 914 1255 ore
942 1221 1072 1255 civium>
1089 1219 1236 1268 famem

120 1283 193 1317 suis
222 1283 374 1330 inpensis
398 1283 685 1332 propulsantem,
721 1283 920 1331 obpressos,·
948 1284 999 1319 sic
1018 1283 1072 1320 M.
1093 1284 1234 1320 Manli-

121 1357 196 1388 um,
215 1358 365 1382 mersam
379 1352 413 1383 et
425 1347 587 1384 obrutam
593 1346 736 1396 foenore
747 1352 893 1395 partem
905 1348 1061 1384 civitatis
1077 1349 1113 1384 in
1130 1348 1235 1386 liber-

123 1413 232 1445 tatem
252 1423 294 1446 ac
317 1410 428 1446 lucem
454 1411 710 1453 extrahentem,
733 1412 921 1459 proditum
944 1411 1105 1448 inimicis.
1163 1411 1234 1448 Sa-

119 1475 244 1520 ginare
260 1474 399 1522 plebem
421 1476 615 1523 populares
635 1487 727 1518 suos,
747 1480 789 1511 ut
807 1474 1033 1522 jugulentur.
1079 1474 1238 1512 Hoccine

119 1539 333 1584 patiendum
350 1537 482 1587 fiaisse,
505 1540 536 1575 sz'
561 1541 607 1575 ad
632 1544 759 1575 nutum
785 1540 974 1575 dictatoris
998 1551 1069 1575 non
1092 1546 1240 1588 respon-²

123 1601 216 1636 derit
240 1603 297 1637 vir
318 1603 548 1639 consularis?
575 1603 767 1650 Fingerent
792 1604 981 1638 mentitum
1006 1607 1103 1645 ante,
1131 1608 1240 1651 atque

126 1665 204 1700 ideo
238 1677 306 1701 non
336 1665 509 1709 habuisse,
541 1667 636 1715 quod
664 1671 738 1702 tam
770 1667 1024 1715 responderet:
1053 1668 1111 1702 cui
1138 1679 1239 1703 servo

128 1740 294 1776 umquam
314 1731 491 1767 mendacii
506 1743 649 1779 paenam
668 1731 812 1766 vincula
830 1729 950 1779 fuisse
964 1731 984 1767 ‚⁹
1012 1731 1098 1767 Non
1122 1730 1238 1767 obser-

128 1797 248 1829 vatam
276 1805 347 1830 esse
373 1795 584 1831 memoriam
610 1796 725 1830 noctis
752 1795 864 1837 illius,
888 1806 966 1843 quae
988 1806 1081 1843 pene
1107 1794 1241 1831 ult-ima

126 1862 233 1904 atque
251 1862 384 1894 aeterna
403 1860 539 1895 nomini
559 1859 723 1894 Romano
731 1858 855 1907 fuerit
867 1860 888 1894 .9
914 1871 984 1894 non
1002 1860 1154 1907 speciem
1172 1870 1237 1906 ag-

128 1923 234 1958 minis
271 1923 473 1966 Gallorum,
508 1936 575 1971 per
617 1925 811 1972 Tarpeiam
845 1935 971 1972 rupem
1005 1924 1242 1960 scandentis?

129 1996 199 2021 non
225 1988 335 2034 ipsius
353 1987 408 2023 M.
428 1987 577 2028 Manlii,
602 1987 742 2034 qualem
769 1999 847 2022 eam
869 1991 1064 2029 armatum,
1091 1988 1241 2035 plenum

129 2050 267 2086 sudoris
291 2063 335 2086 ac
357 2052 554 2097 sanguinis,
576 2052 651 2099 ipso
669 2063 762 2100 pene
779 2051 870 2087 Jove
888 2056 1009 2099 erepto
1028 2063 1070 2087 ex
1088 2051 1243 2087 hostium

130 2113 302 2156 manibus,
336 2115 537 2152 vidissent?
563 2115 756 2152 Selibrisne
782 2115 904 2165 farris
929 2117 1091 2163 gratiam
1121 2126 1241 2155 serva·

133 2180 357 2227 tori—patriae
380 2181 533 2217 relatam
547 2182 569 2217 ,9
595 2186 631 2217 et
654 2194 755 2230 quem
773 2193 888 2230 prope
906 2182 1091 2223 coelestem,
1112 2192 1242 2228 eogno-

130 2243 228 2278 mine
249 2248 342 2278 certe
362 2243 568 2292 Capitolino
585 2245 671 2282 Jovi
694 2257 836 2293 parem,
856 2244 1031 2293 fecerint,
1058 2256 1138 2280 eum
1160 2245 1245 2292 pati

134 2307 290 2342 ¹vinctum
310 2307 346 2343 in
366 2319 519 2351 carcere,
539 2309 577 2344 in
598 2308 759 2352 tenebris,
781 2308 969 2345 obnoxiam
989 2306 1164 2357 carnficis
1182 2319 1245 2344 ar·
