1573 2598
278 188 282 192 ’
325 191 408 247 508
781 184 827 234 ¹1¹ss
851 204 984 234 mvn

129 304 220 337 U.C.
238 308 310 334 411.

128 350 168 381 A.
184 348 220 379 C.
237 353 311 377 ³41.

137 1322 180 1358 U.
193 1328 226 1357 C.
245 1333 319 1358 412.

133 1371 175 1407 A.
192 1372 228 1401 C.
245 1376 318 1401 340.

124 1974 291 2009 Samnitici

122 2020 198 2053 belli
214 2020 313 2058 origo.

326 300 518 345 ceperunt.
575 292 690 329 Anno
719 299 819 344 post,
841 305 954 342 quam
982 298 1073 329 vota
1100 296 1194 335 erat,
1221 291 1316 328 aedes
1344 290 1435 330 Mo-

324 365 422 396 netae
443 358 650 401 dedicatur,
672 357 716 394 C.
735 357 886 394 Marcio
904 356 1042 394 Rutilo
1059 357 1228 400 tertium,
1247 356 1294 393 T.
1319 355 1446 397 Man-s

323 422 377 460 lio
394 422 592 471 Torquato
613 421 816 458 secundum
844 420 1074 458 consulibus.
1130 420 1352 469 Prodigium
1372 432 1438 456 ex-

322 485 466 536 templo
486 485 759 521 dedicationem
779 491 964 527 secutum,
987 483 1109 520 simile
1125 489 1275 520 vetusto
1294 483 1435 520 montis

323 550 465 588 Albani
485 549 684 600 prodigio:
715 561 878 598 namque
900 555 943 585 et
966 548 1154 599 lapidibus
1173 547 1283 598 pluit,
1304 553 1343 584 et
1360 559 1440 584 nox

323 616 488 654 interdiu
503 616 583 651 visa
599 614 744 651 intendi
760 630 767 651 :
790 614 969 663 librisque
985 615 1179 664 inspectis,
1197 626 1311 663 quum
1327 611 1440 664 plena

324 680 510 730 religione
539 679 671 716 civitas
707 685 819 722 esset,
851 679 999 715 senatui
1027 678 1184 729 placuit,
1215 678 1439 715 dictatorem

323 745 502 783 feriarum
537 742 890 780 constituendarum
923 755 1054 779 caussa
1083 743 1168 778 dici.
1224 741 1362 778 Dictus
1394 740 1439 778 P.

323 806 499 846 Valerius
521 806 742 844 Publicola:
773 807 954 855 magister
979 807 1149 855 equitum
1170 806 1203 842 ei
1224 806 1273 845 Q.
1298 805 1438 842 Fabius

324 872 535 911 Ambustus
555 871 664 907 datus
689 876 756 906 est.
811 870 906 906 Non
930 869 1050 905 tribus
1078 874 1226 905 tantum
1252 868 1441 920 supplica-

324 941 408 973 tum
426 936 483 971 ire
503 935 658 985 placuit,
680 934 746 970 sed
765 933 946 970 finitimos
967 933 1082 969 etiam
1108 932 1294 983 po'pulos3
1327 933 1441 969 ordo-

328 1013 401 1050 que
419 1000 480 1043 iis,
501 1012 575 1049 quo
597 999 754 1048 quisque
773 999 832 1034 die
849 997 1117 1047 supplicarent,
1139 1003 1315 1034 statutus.
1371 998 1441 1034 Ju-

330 1064 429 1102 dicia
459 1077 506 1099 eo
535 1075 636 1099 anno
665 1061 796 1112 populi
824 1062 948 1097 tristia
982 1062 1021 1097 in
1048 1061 1296 1098 foeneratores
1325 1061 1440 1105 facta,

330 1128 467 1178 quibus
489 1126 535 1163 ab
558 1125 726 1162 aedilibus
757 1126 856 1161 dicta
875 1125 952 1161 dies
983 1131 1094 1168 esset,
1124 1124 1336 1177 traduntur.
1390 1124 1445 1162 Et

329 1202 403 1236 res,
423 1191 525 1228 haud
545 1190 788 1239 ulla-insigni
816 1189 863 1226 ad
889 1190 1110 1225 memoriam
1136 1201 1281 1233 caussa,
1312 1189 1358 1225 ad
1383 1189 1442 1226 in-

329 1263 548 1306 terregnum
577 1255 698 1292 rediit.
756 1254 817 1291 Ex
846 1254 1079 1302 interregno,
1094 1260 1141 1307 ut
1170 1253 1208 1289 id
1232 1260 1356 1290 actum
1386 1255 1442 1290 vi-

332 1322 411 1359 deri
432 1326 575 1372 posset,
597 1319 710 1356 ambo
738 1320 886 1370 patricii
917 1318 1088 1354 consules
1120 1318 1236 1354 creati
1265 1324 1366 1362 suut,
1385 1317 1444 1356 ⁴M.

332 1385 504 1423 Valerius
526 1384 670 1420 Corvus
690 1384 858 1424 tertium,
879 1383 926 1418 A.
949 1381 1146 1418 Cornelius
1168 1381 1320 1418 Cossus.

385 1449 545 1487 XXIX.
564 1446 717 1497 Major-a
725 1446 807 1496 jam
821 1447 910 1482 hinc
926 1445 1039 1488 bella,
1053 1451 1092 1481 et
1104 1444 1246 1481 viribus
1260 1445 1444 1489 hostium,

333 1510 373 1551 et
390 1513 669 1562 longinquitate
688 1511 747 1547 vel
766 1512 978 1558 regionum,
999 1509 1058 1545 vel
1077 1515 1289 1559 temporum
1306 1509 1444 1559 spatio,

336 1578 471 1629 quibus
491 1575 674 1613 bellatum
695 1580 766 1617 est,
789 1575 980 1610 dicentur:
1013 1585 1174 1621 namque
1195 1585 1240 1609 eo
1260 1585 1361 1608 anuo
1381 1573 1446 1609 ad-

335 1654 463 1679 versus
493 1641 694 1682 Sanmite&
717 1646 868 1687 gentem
895 1637 1030 1687 opibus
1057 1637 1244 1685 armisque
1271 1636 1445 1681 validam,

335 1712 442 1744 mota
461 1718 575 1741 arma.
623 1703 851 1740 Samnitium
867 1701 1021 1742 bellum,
1043 1700 1199 1750 ancipiti
1218 1699 1345 1736 Marte
1362 1712 1447 1749 ges-

337 1779 434 1814 tum,
449 1770 615 1819 Pyrrhus
632 1768 767 1810 hostis,
785 1766 971 1816 Pyrrhum
990 1764 1100 1801 Poeni
1121 1765 1252 1801 secuti.
1295 1764 1451 1804 Quanta

337 1847 462 1873 rerum
482 1832 625 1869 moles?
654 1832 801 1881 quoties
830 1832 867 1866 iu
895 1838 1063 1866 extrema
1081 1829 1333 1880 periculorum
1359 1843 1451 1867 ven-

338 1906 435 1941 tum,
456 1904 498 1934 ut
517 1898 556 1933 in
575 1897 674 1932 hanc
700 1895 1014 1944 magnitudinem,
1035 1907 1117 1943 quae
1142 1895 1206 1929 vix
1230 1894 1450 1938 sustinetur,

341 1964 435 2012 erigi
456 1962 653 2011 imperium
669 1961 821 2009 posset?
839 1959 937 1995 Belli
958 1965 1082 1994 autem
1097 1970 1228 1994 caussa
1241 1971 1328 1994 cum
1345 1958 1452 1994 Sam-

341 2027 500 2069 nitibus,
521 2024 723 2066 Romanis,
742 2036 857 2072 quum
878 2024 1059 2058 societate
1075 2022 1314 2070 amicitiaque
1326 2020 1454 2072 juncti

342 2096 481 2132 essent,
503 2088 735 2124 extrinsecus
763 2087 888 2130 veuit5
921 2098 998 2121 non
1019 2092 1103 2121 orta
1129 2085 1227 2120 inter
1253 2085 1354 2134 ipsos
1384 2091 1454 2122 est.

344 2154 532 2196 Samnites
562 2152 737 2187 Sidicinis
769 2149 909 2201 injusta
937 2161 1054 2191 arma,
1085 2149 1174 2197 quia
1201 2147 1341 2184 viribus
1370 2147 1454 2199 plus

343 2223 537 2270 poterant,
564 2228 679 2266 quum
708 2214 837 2252 intulis
861 2220 939 2257 ent,
970 2215 1092 2250 coacti
1122 2214 1253 2263 inopes
1283 2212 1330 2249 ad
1359 2225 1454 2263 opu-

345 2282 548 2319 lentiorum
573 2279 755 2316 auxilium
785 2277 1008 2327 confugere,
1030 2277 1344 2327 Campanis'sese
1363 2288 1456 2313 con·

341 2345 521 2398 jungunt.
579 2344 764 2396 Campani
784 2343 902 2394 magis
928 2355 1068 2380 nomen
1087 2342 1134 2379 ad
1159 2340 1374 2394 praesidium
1393 2351 1455 2377 so·
