1573 2598
322 139 378 184 72
773 144 820 174 Τ.
842 144 976 176 mvn

317 228 415 266 clam
443 229 594 265 sineret.
648 227 708 265 Ea
728 242 844 278 quum
872 243 948 267 una
972 236 1086 267 nocte
1105 231 1274 282 perfecta
1291 241 1430 278 essent,

315 293 560 343 TarquiniuS,
580 291 709 343 paullo
728 299 817 330 ante
844 294 967 331 lucem
996 295 1128 332 adcitis
1156 296 1203 332 ad
1227 309 1268 333 se
1291 299 1431 348 princi-

315 357 425 408 pibus
445 357 687 400 Latinorum,
708 358 815 406 quasi
833 371 874 394 re
894 371 995 395 nova
1019 359 1275 409 perturbatuS,
1295 373 1433 399 moram

313 434 416 458 suam
433 422 642 464 hesternam,
661 422 757 458 velut
774 422 935 459 Deorum
954 425 1110 471 quadam
1126 426 1354 472 providentia
1376 428 1430 462 in-

317 486 442 529 latam,
464 487 531 528 ait,
550 487 660 522 saluti
675 486 741 522 sibi
762 491 867 534 atque
887 488 960 524 illis
977 487 1094 536 fuisse
1110 505 1120 525 .·
1152 489 1196 525 ab
1221 490 1339 526 Turno
1360 491 1448 527 dici-

315 550 382 586 sibi
398 555 433 587 et
451 551 663 598 primoribus
682 552 895 600 populorum
915 554 1044 600 parari.
1068 565 1199 596 necem,
1219 558 1260 590 ut
1279 552 1430 591 Latino-⁴

313 627 392 651 rum
419 616 513 651 solus
540 616 726 663 imperium
755 620 882 652 teneat.
937 618 1198 664 Adgressurum
1223 618 1341 667 fai-sse
1369 619 1430 656 he·-

312 682 429 714 sterno
457 680 514 714 die
538 680 574 714 in
596 680 742 716 concilio
755 695 768 714 .·
799 681 951 716 dilatam
978 693 1052 716 rem
1080 693 1163 723 esse,
1187 684 1280 729 quod
1307 687 1431 720 auctor

312 743 453 778 concilii
471 741 617 791 afuerit,
639 755 740 790 quem
761 745 914 779 maxime
933 749 1080 792 peteret.
1138 745 1228 780 Inde
1246 746 1348 781 illam
1366 746 1429 782 ab-

310 808 417 842 sentis
447 808 710 843 insectationem,
737 820 806 843 esse
832 813 970 850 natam,
1000 810 1094 856 quod
1128 811 1299 845 morando
1333 822 1431 858 spem

311 874 518 909 destituerit.
565 874 649 909 Non
667 875 840 917 dubitare,
859 876 891 910 si
908 887 991 911 vera
1010 874 1229 924 deferantur,
1251 878 1335 924 quin
1350 878 1428 925 pri-

309 950 370 973 ma
399 938 486 981 luce,
516 938 576 974 ubi
603 943 743 975 ventum
772 941 807 975 in
837 940 1024 975 concilium
1047 941 1107 982 sit,
1139 942 1328 977 instructus
1349 953 1429 978 cum

309 999 570 1048 conjuratorum
607 1014 715 1038 manu
751 1007 976 1050 armatusque
1011 1008 1176 1040 venturus
1209 1005 1267 1040 sit.
1322 1005 1427 1048 Dici,

306 1066 512 1113 gladiorum
532 1067 705 1114 ingentem
722 1079 903 1102 numerum
927 1079 996 1103 esse
1021 1068 1070 1103 acl
1093 1080 1173 1104 eum
1201 1073 1401 1106 convectum
1413 1085 1425 1106 :

310 1131 349 1166 id
365 1143 496 1167 vanum
515 1142 577 1166 nec
593 1143 637 1166 ne
652 1133 712 1173 sit,
732 1132 904 1180 extemplo
921 1133 1005 1168 sciri
1025 1144 1137 1182 posse.
1194 1131 1338 1182 Rogare
1356 1145 1425 1177 eos,

309 1200 349 1232 ut
372 1196 454 1231 inde
476 1207 591 1231 secum
616 1196 665 1231 ad
688 1196 845 1232 Turnum
873 1198 1026 1233 veniant.
1083 1197 1306 1246 Suspectam
1334 1197 1425 1234 fecit

309 1273 388 1297 rem
410 1266 448 1296 et
477 1261 672 1309 ingenium
690 1261 809 1296 Turni
830 1260 952 1304 ferox,
974 1267 1012 1297 et
1032 1262 1156 1298 oratio
1176 1263 1366 1306 hesterna,
1387 1270 1425 1300 et

308 1337 416 1361 mora
450 1324 676 1373 Tarquinii3
717 1325 819 1374 quod
847 1325 1044 1362 videbatur
1079 1326 1128 1362 ob
1166 1339 1250 1362 eam
1286 1327 1425 1363 differri

308 1389 427 1425 caedes
456 1389 637 1439 potuisse.
692 1388 798 1425 Eunt
821 1388 1009 1426 inclinatis
1030 1390 1181 1439 quidem
1203 1391 1250 1427 ad
1270 1391 1424 1428 creden-

307 1451 397 1488 dum
423 1453 571 1496 animis,
599 1458 741 1496 tamen,
761 1453 834 1488 nisi
861 1453 994 1502 gladiis
1022 1454 1278 1504 deprehensis,
1299 1464 1424 1492 cetera

308 1529 406 1553 vana
441 1516 705 1553 existimaturi.
763 1517 841 1554 Ubi
878 1524 935 1554 est
971 1531 1018 1554 eo
1050 1525 1219 1561 ventum,
1249 1518 1421 1556 Turnum

307 1592 353 1616 ex
379 1592 514 1616 somno
537 1580 743 1616 excitatum
772 1581 1054 1617 circumsistunt
1082 1582 1284 1618 custodes:
1317 1595 1421 1619 com-

306 1644 575 1694 prehensisque
604 1645 733 1688 servis,
764 1646 828 1694 qui
857 1646 1015 1682 caritate
1044 1646 1189 1683 domini
1207 1647 1283 1682 vim
1311 1659 1421 1697 para-

303 1707 412 1753 bant,
433 1721 549 1757 quum
578 1708 693 1757 gladii
719 1709 838 1745 abditi
865 1723 912 1747 ex
931 1710 1107 1747 omnibus
1136 1710 1230 1747 locis
1260 1711 1422 1748 deverti-

303 1771 379 1808 culi
407 1772 719 1822 protraherentur
734 1789 744 1818 3
777 1774 880 1809 enim
900 1786 991 1810 vero
1019 1774 1221 1811 manifesta
1248 1786 1307 1811 res
1326 1775 1419 1820 visa,

302 1834 528 1885 injectaeque
547 1836 679 1872 Turno
705 1843 847 1873 catenae
867 1851 875 1872 ε
907 1843 946 1874 et
970 1837 1173 1874 confestim
1192 1837 1419 1876 Latinorum

303 1898 507 1935 concilium
527 1911 668 1948 magno
688 1913 774 1936 cum
792 1900 958 1937 tumultu
977 1902 1195 1938 advocatur.
1251 1901 1312 1938 Ibi
1339 1908 1419 1940 tam

303 1968 415 1999 atrox
442 1963 584 1999 invidia
611 1969 697 2000 orta
722 1970 792 2008 est,
813 1964 947 2014 gladiis
975 1966 1015 2001 in
1043 1966 1169 2002 medio
1193 1967 1341 2016 positiS,
1363 1974 1420 2011 ut,

300 2026 446 2063 indicta
464 2039 610 2071 caussa,
629 2040 732 2065 novo
757 2041 896 2077 genere
922 2029 1031 2074 lethi,
1051 2030 1218 2080 dejectus
1239 2030 1287 2067 ad
1305 2038 1420 2082 caput

301 2103 408 2141 aquae
423 2090 650 2135 Ferentinae,
671 2099 774 2129 crate
792 2105 953 2144 superne
972 2094 1114 2145 injecta
1133 2095 1307 2145 saxisque
1326 2107 1418 2133 con-

300 2155 432 2203 gestis,
452 2161 696 2204 mergeretur.

87 2218 200 2266 Foedus
212 2228 287 2250 curn
355 2217 446 2255 LII.
469 2219 674 2256 Revocatis
694 2220 828 2257 deinde
848 2221 895 2257 ad
914 2221 1117 2258 concilium
1135 2222 1300 2267 Latinis,
1319 2223 1415 2261 'Par-

87 2261 216 2294 Laurus.
301 2282 467 2333 quiniuS,
490 2283 814 2336 conlaudatisque,
841 2287 906 2335 qui
924 2285 1097 2324 Turnum
1124 2294 1329 2326 novantem
1356 2301 1413 2326 res

1565 1248 1573 1717 mssmm
