1573 2598
387 213 540 240 Lmen
566 210 651 239 111.
686 210 792 238 cAr.
816 211 924 238 xlv.
1129 197 1216 251 ‘187

98 299 290 342 darentur,
316 299 540 349 permissum
559 297 720 333 tribunis
741 303 798 333 est
817 311 823 332 z
857 297 985 333 dec‘em
1012 296 1190 334 finierunt
1205 305 1212 334 ἐ
1230 298 1271 328 U.
1289 297 1326 328 C·
1340 303 1416 330 293-

95 370 155 401 tot
181 365 335 401 vadibus
366 370 565 400 accusator
590 362 744 399 vadatus
776 367 832 398 est
860 374 977 399 reum.
1034 361 1111 398 Hic
1139 364 1216 413 pri·
1228 341 1322 372 A.C.
1339 348 1416 374 4⁵⁹⁹

97 441 178 465 mus
212 429 323 465 vades
361 427 532 478 publicos
568 426 695 463 dedit:
729 427 902 463 dimissus
936 440 956 463 e
984 427 1070 464 foro
1102 434 1216 464 nocte

96 494 270 543 proxima
302 493 341 528 in
365 491 513 528 Tuscos
544 491 582 527 in
617 491 791 527 exsilium
820 491 925 527 abiit.
982 491 1123 527 Judicii
1156 491 1215 528 die
1230 500 1324 530 Kaeso
1340 499 1375 530 in

94 570 210 606 quum
234 561 478 593 excusaretur
506 554 628 590 solum
648 555 803 590 vertisse
831 555 950 590 exsilii
981 568 1125 598 caussa,
1154 556 1213 591 ni-
1225 543 1380 618 {gistssium

92 620 297 657 hilominus
316 618 493 668 Virginio
520 619 675 655 comitia
701 618 880 661 habente,
903 619 1058 668 collegae
1085 619 1214 669 adpel-
1294 608 1304 617 ’

90 683 159 721 lati
196 683 370 720 dimisere
406 682 611 720 concilium
633 693 652 719 :⁴
681 683 843 734 pecunia
879 697 902 718 a
937 689 1045 733 patre
1082 690 1218 721 exacta

92 748 306 791 crudeliter,
328 755 384 792 ut,
406 747 609 784 divenditis
636 747 812 784 omnibus
838 746 964 791 bonis,
986 747 1218 797 aliquamdiu

90 818 195 849 trans
224 812 413 857 Tiberim,
441 811 560 849 veluti
588 810 792 861 relegatuS,
823 811 933 848 devio
962 811 1136 861 quodam*
1153 812 1216 849 tu-

91 878 200 927 gurio
221 878 372 914 viveret.

143 941 255 978 XIV.
285 941 374 977 Hoc
396 940 585 991 judicium
615 947 651 976 et
685 939 927 989 promulgata
955 940 1017 977 lex
1045 940 1215 976 exercuit

91 1005 283 1041 civitatem
301 1018 320 1040 t·
341 1003 390 1040 ab
427 1004 592 1040 externis
631 1004 743 1039 armis
774 1004 895 1039 otium
926 1004 1012 1040 fuit.
1068 1003 1213 1046 Quum,

89 1069 192 1105 velut
221 1069 398 1112 victores,
428 1068 587 1111 tribuni,
617 1067 798 1118 perculsis
832 1067 1003 1118 patribus
1033 1067 1212 1103 Kaesonis

90 1133 237 1176 exsilio,
270 1145 389 1183 prope
426 1132 612 1182 perlatam
645 1145 726 1168 esse
757 1132 953 1168 crederent
988 1131 1125 1181 legem,
1159 1137 1211 1174 et,

88 1197 190 1246 quod
218 1197 264 1233 ad
294 1197 460 1232 seniores
491 1196 647 1232 Patrum
676 1197 855 1246 pertinet,
886 1197 1088 1232 cessissent
1122 1208 1212 1246 pos-

86 1261 255 1297 sessione
274 1260 491 1310 reipublicae
510 1275 518 1296 :
544 1259 733 1310 juniores,
754 1260 792 1296 id
811 1260 977 1296 maxime
996 1259 1097 1308 quod
1116 1259 1208 1296 Kae-
1222 1257 1390 1307 Sodalium

88 1324 190 1360 sonis
211 1323 397 1360 sodalium
416 1323 503 1367 fuit,
525 1336 663 1359 auxere
684 1324 756 1359 iras
778 1323 817 1358 iu
843 1323 1007 1373 plebem,
1029 1336 1107 1359 non
1137 1324 1207 1359 mi·
1221 1303 1395 1384 ἓξξεῖὲῖὸ

88 1393 251 1423 nuerunt
280 1388 454 1423 animos:
487 1387 551 1423 sed
581 1386 632 1423 ibi
662 1386 867 1437 plurimum
895 1386 1109 1436 profectum
1138 1393 1208 1431 est,
1222 1389 1374 1436 comitate

87 1451 188 1501 quod
207 1451 321 1488 modo
337 1451 501 1500 quodam
516 1456 774 1501 temperavere
790 1452 940 1501 inpetus
959 1463 1058 1486 suos.
1080 1451 1209 1490 Quum
1221 1432 1348 1462 femma·

85 1516 208 1566 primo
244 1522 334 1566 post
361 1515 539 1552 Kaesonis
571 1516 744 1552 exsilium
772 1516 834 1552 lex
863 1522 991 1566 coepta
1018 1515 1109 1551 ferri
1137 1520 1209 1558 est,

86 1580 262 1617 instructi
299 1581 495 1630 paratique
524 1593 611 1616 cum
639 1581 786 1630 ingenti
815 1580 1011 1616 clientium
1041 1580 1211 1615 exercitu
1246 1616 1252 1621 s

85 1644 139 1680 sic
174 1644 364 1687 tribunos,
402 1644 469 1680 ubi
507 1645 671 1694 primum
709 1645 976 1680 submoventes
1014 1642 1208 1693 praebuere

85 1719 272 1751 caussam,
307 1709 431 1745 adorti
463 1715 565 1751 sunt,
600 1716 643 1745 ut
674 1722 787 1745 nemo
820 1720 917 1744 unus
950 1708 1038 1743 inde
1073 1707 1208 1756 praeci-

86 1785 204 1822 puum
242 1773 445 1821 quidquam
483 1772 613 1821 gloriae
646 1773 801 1809 domum
833 1772 1031 1808 invidiaeve
1063 1771 1202 1816 fe1·ret;

85 1835 188 1871 mille
208 1849 276 1886 pro
296 1849 373 1872 uuo
393 1836 579 1872 Kaesones
600 1835 953 1886 exstitissejplebes
974 1841 1205 1884 quereretur.

85 1900 225 1936 Mediis
250 1901 395 1943 diebus,
421 1901 556 1950 quibus
582 1901 726 1936 tribuni
753 1901 797 1937 cle
819 1900 903 1948 lege
927 1912 1006 1935 non
1035 1904 1204 1948 agerent,

84 1964 182 2000 nihil
213 1965 353 2000 eisdem
384 1964 458 2000 illis
493 1964 674 2014 placidius
706 1970 771 2000 aut
803 1964 966 2012 quietius
999 1968 1106 1999 erat:
1138 1963 1205 1998 be-

86 2029 202 2078 nigne
227 2029 404 2072 salutare,
429 2029 580 2078 adloqui
611 2029 730 2080 plebis
755 2030 945 2071 homines,
966 2028 1120 2064 domum
1146 2028 1205 2064 in-

85 2093 218 2137 vitare,
237 2093 365 2130 adesse
384 2095 424 2130 in
443 2094 543 2137 foro,
559 2094 733 2131 tribunos
753 2095 866 2144 ipsos·
880 2099 1005 2129 cetera
1022 2093 1103 2142 pati
1123 2093 1204 2129 sine

86 2157 391 2208 interpellatione
416 2158 578 2195 concilia
604 2158 767 2194 habere:
797 2169 1005 2206 numquam
1031 2155 1112 2198 ulli,
1135 2168 1202 2191 ne-

87 2233 158 2269 que
183 2220 348 2270 publice,
368 2234 491 2271 neque
516 2222 706 2273 privatim,
726 2216 851 2256 truces
873 2231 967 2263 esse,
987 2219 1061 2255 nisi
1087 2231 1203 2268 quum

86 2284 130 2320 de
148 2283 312 2333 legeagi
332 2291 500 2337 coeptum
515 2280 629 2323 esset.
685 2285 789 2322 Alibi
814 2284 1006 2336 popularis
1019 2282 1202 2334 juventus

84 2355 166 2385 erat
184 2362 192 2385 :
223 2361 294 2387 nec
314 2355 439 2387 cetera
462 2351 578 2388 modo
596 2350 741 2388 tribuni
765 2348 973 2400 tranquillo
995 2359 1201 2400 peregere3
