<?xml version="1.0" encoding="UTF-8"?>
<!DOCTYPE html PUBLIC "-//W3C//DTD XHTML 1.0 Transitional//EN"
    "http://www.w3.org/TR/xhtml1/DTD/xhtml1-transitional.dtd">
<html xmlns="http://www.w3.org/1999/xhtml" xml:lang="en" lang="en">
 <head>
  <title>
</title>
<meta http-equiv="Content-Type" content="text/html;charset=utf-8" />
  <meta name='ocr-system' content='tesseract 3.04.00' />
  <meta name='ocr-capabilities' content='ocr_page ocr_carea ocr_par ocr_line ocrx_word'/>
</head>
<body>
  <div class='ocr_page' id='page_1' title='image "./historiarumquaes01livyuoft/historiarumquaes01livyuoft_0486.png"; bbox 0 0 1573 2598; ppageno 0'>
   <div class='ocr_carea' id='block_1_1' title="bbox 341 223 1448 254">
    <p class='ocr_par' dir='ltr' id='par_1_1' title="bbox 341 223 1448 254">
     <span class='ocr_line' id='line_1_1' title="bbox 341 223 1448 254; baseline 0 2344"><span class='ocrx_word' id='word_1_1' title='bbox 341 223 1448 254; x_wconf 95' lang='lat' dir='ltr'><em> </em></span> 
     </span>
    </p>
   </div>
   <div class='ocr_carea' id='block_1_2' title="bbox 503 364 1285 458">
    <p class='ocr_par' dir='ltr' id='par_1_2' title="bbox 503 364 1285 458">
     <span class='ocr_line' id='line_1_2' title="bbox 503 364 1285 458; baseline 0.009 -7"><span class='ocrx_word' id='word_1_2' title='bbox 503 364 859 455; x_wconf 81' lang='lat' dir='ltr'>EP1TOME</span> <span class='ocrx_word' id='word_1_3' title='bbox 905 407 1128 456; x_wconf 89' lang='lat' dir='ltr'>LIBRI</span> <span class='ocrx_word' id='word_1_4' title='bbox 1169 409 1285 458; x_wconf 91' lang='lat' dir='ltr'><strong>VII.</strong></span> 
     </span>
    </p>
   </div>
   <div class='ocr_carea' id='block_1_3' title="bbox 751 584 1021 605">
    <p class='ocr_par' dir='ltr' id='par_1_3' title="bbox 751 584 1021 605">
     <span class='ocr_line' id='line_1_3' title="bbox 751 584 1021 605; baseline 0 1993"><span class='ocrx_word' id='word_1_5' title='bbox 751 584 1021 605; x_wconf 95' lang='lat' dir='ltr'><em> </em></span> 
     </span>
    </p>
   </div>
   <div class='ocr_carea' id='block_1_4' title="bbox 310 713 1441 2365">
    <p class='ocr_par' dir='ltr' id='par_1_4' title="bbox 334 713 1441 793">
     <span class='ocr_line' id='line_1_4' title="bbox 334 713 1441 793; baseline 0.006 -42"><span class='ocrx_word' id='word_1_6' title='bbox 334 713 502 793; x_wconf 84' lang='lat' dir='ltr'><em>DUO</em></span> <span class='ocrx_word' id='word_1_7' title='bbox 529 716 611 751; x_wconf 86' lang='lat' dir='ltr'><em>novi</em></span> <span class='ocrx_word' id='word_1_8' title='bbox 628 716 861 763; x_wconf 77' lang='lat' dir='ltr'><em>magistratus</em></span> <span class='ocrx_word' id='word_1_9' title='bbox 879 715 1011 763; x_wconf 81' lang='lat' dir='ltr'><em>adjecti</em></span> <span class='ocrx_word' id='word_1_10' title='bbox 1028 723 1122 762; x_wconf 87' lang='lat' dir='ltr'><em>sunt,</em></span> <span class='ocrx_word' id='word_1_11' title='bbox 1147 725 1309 767; x_wconf 69' lang='lat' dir='ltr'><em>praetura</em></span> <span class='ocrx_word' id='word_1_12' title='bbox 1327 725 1363 757; x_wconf 86' lang='lat' dir='ltr'><em>et</em></span> <span class='ocrx_word' id='word_1_13' title='bbox 1380 733 1441 758; x_wconf 87' lang='lat' dir='ltr'><em>cu-</em></span> 
     </span>
    </p>

    <p class='ocr_par' dir='ltr' id='par_1_5' title="bbox 310 780 1441 2365">
     <span class='ocr_line' id='line_1_5' title="bbox 446 780 1440 827; baseline 0.006 -12"><span class='ocrx_word' id='word_1_14' title='bbox 446 780 536 816; x_wconf 84' lang='lat' dir='ltr'><em>rulis</em></span> <span class='ocrx_word' id='word_1_15' title='bbox 553 780 718 815; x_wconf 82' lang='lat' dir='ltr'><em>aedilitas.</em></span> <span class='ocrx_word' id='word_1_16' title='bbox 757 781 970 816; x_wconf 78' lang='lat' dir='ltr'><em>Pestilentia</em></span> <span class='ocrx_word' id='word_1_17' title='bbox 990 783 1115 818; x_wconf 84' lang='lat' dir='ltr'><em>civitas</em></span> <span class='ocrx_word' id='word_1_18' title='bbox 1134 783 1322 827; x_wconf 82' lang='lat' dir='ltr'><em>laboravit,</em></span> <span class='ocrx_word' id='word_1_19' title='bbox 1344 797 1440 821; x_wconf 85' lang='lat' dir='ltr'><em>eam-</em></span> 
     </span>
     <span class='ocr_line' id='line_1_6' title="bbox 331 842 1441 893; baseline 0.005 -13"><span class='ocrx_word' id='word_1_20' title='bbox 331 856 399 893; x_wconf 87' lang='lat' dir='ltr'><em>que</em></span> <span class='ocrx_word' id='word_1_21' title='bbox 415 846 585 891; x_wconf 80' lang='lat' dir='ltr'><em>insignem</em></span> <span class='ocrx_word' id='word_1_22' title='bbox 592 842 690 891; x_wconf 86' lang='lat' dir='ltr'><em>fecit</em></span> <span class='ocrx_word' id='word_1_23' title='bbox 709 855 802 879; x_wconf 87' lang='lat' dir='ltr'><em>mors</em></span> <span class='ocrx_word' id='word_1_24' title='bbox 820 844 921 879; x_wconf 85' lang='lat' dir='ltr'><em>Furii</em></span> <span class='ocrx_word' id='word_1_25' title='bbox 941 844 1109 881; x_wconf 75' lang='lat' dir='ltr'><em>Camilli:</em></span> <span class='ocrx_word' id='word_1_26' title='bbox 1130 845 1228 892; x_wconf 82' lang='lat' dir='ltr'><em>cujus</em></span> <span class='ocrx_word' id='word_1_27' title='bbox 1245 849 1441 885; x_wconf 81' lang='lat' dir='ltr'><em>remedium</em></span> 
     </span>
     <span class='ocr_line' id='line_1_7' title="bbox 331 907 1440 956; baseline 0.005 -14"><span class='ocrx_word' id='word_1_28' title='bbox 331 912 368 944; x_wconf 87' lang='lat' dir='ltr'><em>et</em></span> <span class='ocrx_word' id='word_1_29' title='bbox 373 908 465 956; x_wconf 79' lang='lat' dir='ltr'><em>fini-s</em></span> <span class='ocrx_word' id='word_1_30' title='bbox 484 918 592 954; x_wconf 84' lang='lat' dir='ltr'><em>quum</em></span> <span class='ocrx_word' id='word_1_31' title='bbox 606 918 675 954; x_wconf 82' lang='lat' dir='ltr'><em>per</em></span> <span class='ocrx_word' id='word_1_32' title='bbox 693 917 802 941; x_wconf 81' lang='lat' dir='ltr'><em>novas</em></span> <span class='ocrx_word' id='word_1_33' title='bbox 819 907 1010 953; x_wconf 76' lang='lat' dir='ltr'><em>religiones</em></span> <span class='ocrx_word' id='word_1_34' title='bbox 1028 914 1256 956; x_wconf 69' lang='lat' dir='ltr'><em>quaereretur,</em></span> <span class='ocrx_word' id='word_1_35' title='bbox 1272 911 1348 946; x_wconf 84' lang='lat' dir='ltr'><em>ludi</em></span> <span class='ocrx_word' id='word_1_36' title='bbox 1366 923 1440 947; x_wconf 84' lang='lat' dir='ltr'><em>sce-</em></span> 
     </span>
     <span class='ocr_line' id='line_1_8' title="bbox 329 969 1441 1018; baseline 0.003 -11"><span class='ocrx_word' id='word_1_37' title='bbox 329 973 404 1007; x_wconf 78' lang='lat' dir='ltr'><em>nici</em></span> <span class='ocrx_word' id='word_1_38' title='bbox 433 976 517 1007; x_wconf 80' lang='lat' dir='ltr'><em>tunc</em></span> <span class='ocrx_word' id='word_1_39' title='bbox 539 971 701 1018; x_wconf 80' lang='lat' dir='ltr'><em>primum</em></span> <span class='ocrx_word' id='word_1_40' title='bbox 718 969 820 1018; x_wconf 88' lang='lat' dir='ltr'><em>facti</em></span> <span class='ocrx_word' id='word_1_41' title='bbox 847 975 942 1007; x_wconf 82' lang='lat' dir='ltr'><em>sunt.</em></span> <span class='ocrx_word' id='word_1_42' title='bbox 992 972 1111 1012; x_wconf 80' lang='lat' dir='ltr'><em>Quum</em></span> <span class='ocrx_word' id='word_1_43' title='bbox 1136 974 1212 1009; x_wconf 82' lang='lat' dir='ltr'><em>dies</em></span> <span class='ocrx_word' id='word_1_44' title='bbox 1235 974 1280 1009; x_wconf 93' lang='lat' dir='ltr'><em>L.</em></span> <span class='ocrx_word' id='word_1_45' title='bbox 1300 974 1441 1010; x_wconf 88' lang='lat' dir='ltr'><em>Manlio</em></span> 
     </span>
     <span class='ocr_line' id='line_1_9' title="bbox 331 1035 1439 1087; baseline 0.003 -15"><span class='ocrx_word' id='word_1_46' title='bbox 331 1037 430 1072; x_wconf 80' lang='lat' dir='ltr'><em>dicta</em></span> <span class='ocrx_word' id='word_1_47' title='bbox 456 1040 544 1071; x_wconf 85' lang='lat' dir='ltr'><em>esset</em></span> <span class='ocrx_word' id='word_1_48' title='bbox 565 1047 589 1069; x_wconf 87' lang='lat' dir='ltr'><em>a</em></span> <span class='ocrx_word' id='word_1_49' title='bbox 608 1035 661 1070; x_wconf 83' lang='lat' dir='ltr'><em>M.</em></span> <span class='ocrx_word' id='word_1_50' title='bbox 684 1035 884 1082; x_wconf 79' lang='lat' dir='ltr'><em>Pomponio</em></span> <span class='ocrx_word' id='word_1_51' title='bbox 905 1035 1046 1072; x_wconf 85' lang='lat' dir='ltr'><em>tribuno</em></span> <span class='ocrx_word' id='word_1_52' title='bbox 1069 1037 1185 1084; x_wconf 85' lang='lat' dir='ltr'><em>plebis</em></span> <span class='ocrx_word' id='word_1_53' title='bbox 1208 1043 1358 1087; x_wconf 81' lang='lat' dir='ltr'><em>propter</em></span> <span class='ocrx_word' id='word_1_54' title='bbox 1376 1039 1439 1075; x_wconf 83' lang='lat' dir='ltr'><em>de-</em></span> 
     </span>
     <span class='ocr_line' id='line_1_10' title="bbox 331 1099 1440 1151; baseline 0.003 -15"><span class='ocrx_word' id='word_1_55' title='bbox 331 1101 459 1136; x_wconf 86' lang='lat' dir='ltr'><em>lectum</em></span> <span class='ocrx_word' id='word_1_56' title='bbox 490 1099 612 1135; x_wconf 82' lang='lat' dir='ltr'><em>acerbe</em></span> <span class='ocrx_word' id='word_1_57' title='bbox 640 1103 774 1140; x_wconf 78' lang='lat' dir='ltr'><em>actum,</em></span> <span class='ocrx_word' id='word_1_58' title='bbox 803 1104 838 1134; x_wconf 83' lang='lat' dir='ltr'><em>et</em></span> <span class='ocrx_word' id='word_1_59' title='bbox 869 1100 908 1135; x_wconf 92' lang='lat' dir='ltr'><em>T.</em></span> <span class='ocrx_word' id='word_1_60' title='bbox 928 1100 1111 1136; x_wconf 83' lang='lat' dir='ltr'><em>Manlium</em></span> <span class='ocrx_word' id='word_1_61' title='bbox 1127 1102 1253 1151; x_wconf 81' lang='lat' dir='ltr'><em>filium</em></span> <span class='ocrx_word' id='word_1_62' title='bbox 1270 1115 1330 1138; x_wconf 85' lang='lat' dir='ltr'><em>rus</em></span> <span class='ocrx_word' id='word_1_63' title='bbox 1347 1104 1440 1138; x_wconf 81' lang='lat' dir='ltr'><em>rele-</em></span> 
     </span>
     <span class='ocr_line' id='line_1_11' title="bbox 325 1164 1438 1214; baseline 0.004 -16"><span class='ocrx_word' id='word_1_64' title='bbox 325 1169 453 1211; x_wconf 79' lang='lat' dir='ltr'><em>gatum</em></span> <span class='ocrx_word' id='word_1_65' title='bbox 467 1165 542 1199; x_wconf 87' lang='lat' dir='ltr'><em>sine</em></span> <span class='ocrx_word' id='word_1_66' title='bbox 561 1164 636 1198; x_wconf 89' lang='lat' dir='ltr'><em>ullo</em></span> <span class='ocrx_word' id='word_1_67' title='bbox 656 1164 802 1198; x_wconf 83' lang='lat' dir='ltr'><em>crimine</em></span> <span class='ocrx_word' id='word_1_68' title='bbox 813 1180 825 1206; x_wconf 89' lang='lat'><em>;</em></span> <span class='ocrx_word' id='word_1_69' title='bbox 855 1165 1058 1201; x_wconf 80' lang='lat' dir='ltr'><em>adolescens</em></span> <span class='ocrx_word' id='word_1_70' title='bbox 1075 1168 1160 1214; x_wconf 79' lang='lat' dir='ltr'><em>ipse,</em></span> <span class='ocrx_word' id='word_1_71' title='bbox 1181 1165 1280 1212; x_wconf 84' lang='lat' dir='ltr'><em>cujus</em></span> <span class='ocrx_word' id='word_1_72' title='bbox 1297 1167 1438 1214; x_wconf 80' lang='lat' dir='ltr'><em>relega-</em></span> 
     </span>
     <span class='ocr_line' id='line_1_12' title="bbox 328 1226 1436 1276; baseline 0.005 -14"><span class='ocrx_word' id='word_1_73' title='bbox 328 1229 378 1264; x_wconf 72' lang='lat' dir='ltr'><em>tio</em></span> <span class='ocrx_word' id='word_1_74' title='bbox 399 1229 501 1276; x_wconf 82' lang='lat' dir='ltr'><em>patri</em></span> <span class='ocrx_word' id='word_1_75' title='bbox 520 1226 758 1273; x_wconf 84' lang='lat' dir='ltr'><em>objiciebatur,</em></span> <span class='ocrx_word' id='word_1_76' title='bbox 779 1229 875 1263; x_wconf 78' lang='lat' dir='ltr'><em>venit</em></span> <span class='ocrx_word' id='word_1_77' title='bbox 894 1230 932 1264; x_wconf 80' lang='lat' dir='ltr'><em>in</em></span> <span class='ocrx_word' id='word_1_78' title='bbox 950 1230 1149 1266; x_wconf 81' lang='lat' dir='ltr'><em>cubiculum</em></span> <span class='ocrx_word' id='word_1_79' title='bbox 1168 1231 1313 1273; x_wconf 81' lang='lat' dir='ltr'><em>tribuni,</em></span> <span class='ocrx_word' id='word_1_80' title='bbox 1333 1232 1436 1268; x_wconf 81' lang='lat' dir='ltr'><em>stric-</em></span> 
     </span>
     <span class='ocr_line' id='line_1_13' title="bbox 328 1291 1435 1342; baseline 0.003 -15"><span class='ocrx_word' id='word_1_81' title='bbox 328 1296 433 1339; x_wconf 81' lang='lat' dir='ltr'><em>toque</em></span> <span class='ocrx_word' id='word_1_82' title='bbox 454 1292 579 1338; x_wconf 77' lang='lat' dir='ltr'><em>gladio</em></span> <span class='ocrx_word' id='word_1_83' title='bbox 599 1291 710 1338; x_wconf 81' lang='lat' dir='ltr'><em>co&#39;e&#39;git</em></span> <span class='ocrx_word' id='word_1_84' title='bbox 728 1302 808 1326; x_wconf 88' lang='lat' dir='ltr'><em>eum</em></span> <span class='ocrx_word' id='word_1_85' title='bbox 826 1293 863 1327; x_wconf 84' lang='lat' dir='ltr'><em>in</em></span> <span class='ocrx_word' id='word_1_86' title='bbox 882 1292 986 1328; x_wconf 77' lang='lat' dir='ltr'><em>verba</em></span> <span class='ocrx_word' id='word_1_87' title='bbox 1011 1305 1077 1329; x_wconf 82' lang='lat' dir='ltr'><em>sua</em></span> <span class='ocrx_word' id='word_1_88' title='bbox 1095 1291 1237 1339; x_wconf 83' lang='lat' dir='ltr'><em>jurare,</em></span> <span class='ocrx_word' id='word_1_89' title='bbox 1257 1306 1328 1330; x_wconf 84' lang='lat' dir='ltr'><em>non</em></span> <span class='ocrx_word' id='word_1_90' title='bbox 1349 1306 1435 1342; x_wconf 83' lang='lat' dir='ltr'><em>per-</em></span> 
     </span>
     <span class='ocr_line' id='line_1_14' title="bbox 324 1357 1439 1398; baseline 0.004 -8"><span class='ocrx_word' id='word_1_91' title='bbox 324 1360 569 1392; x_wconf 70' lang='lat' dir='ltr'><em>severaturum</em></span> <span class='ocrx_word' id='word_1_92' title='bbox 596 1367 633 1390; x_wconf 89' lang='lat' dir='ltr'><em>se</em></span> <span class='ocrx_word' id='word_1_93' title='bbox 659 1357 696 1390; x_wconf 84' lang='lat' dir='ltr'><em>in</em></span> <span class='ocrx_word' id='word_1_94' title='bbox 724 1357 960 1393; x_wconf 76' lang='lat' dir='ltr'><em>accusatione.</em></span> <span class='ocrx_word' id='word_1_95' title='bbox 1019 1359 1137 1398; x_wconf 86' lang='lat' dir='ltr'><em>Quum</em></span> <span class='ocrx_word' id='word_1_96' title='bbox 1167 1359 1306 1394; x_wconf 85' lang='lat' dir='ltr'><em>telluris</em></span> <span class='ocrx_word' id='word_1_97' title='bbox 1333 1359 1439 1394; x_wconf 71' lang='lat' dir='ltr'><em>hiatu</em></span> 
     </span>
     <span class='ocr_line' id='line_1_15' title="bbox 327 1421 1435 1471; baseline 0.005 -17"><span class='ocrx_word' id='word_1_98' title='bbox 327 1425 405 1455; x_wconf 72' lang='lat' dir='ltr'><em>tota</em></span> <span class='ocrx_word' id='word_1_99' title='bbox 423 1421 472 1455; x_wconf 81' lang='lat' dir='ltr'><em>ad</em></span> <span class='ocrx_word' id='word_1_100' title='bbox 492 1421 658 1455; x_wconf 85' lang='lat' dir='ltr'><em>ultimum</em></span> <span class='ocrx_word' id='word_1_101' title='bbox 678 1421 804 1456; x_wconf 83' lang='lat' dir='ltr'><em>territa</em></span> <span class='ocrx_word' id='word_1_102' title='bbox 826 1423 952 1468; x_wconf 84' lang='lat' dir='ltr'><em>patria</em></span> <span class='ocrx_word' id='word_1_103' title='bbox 968 1421 1088 1470; x_wconf 85' lang='lat' dir='ltr'><em>soret,</em></span> <span class='ocrx_word' id='word_1_104' title='bbox 1110 1427 1194 1458; x_wconf 83' lang='lat' dir='ltr'><em>tunc</em></span> <span class='ocrx_word' id='word_1_105' title='bbox 1212 1424 1332 1459; x_wconf 80' lang='lat' dir='ltr'><em>omnia</em></span> <span class='ocrx_word' id='word_1_106' title='bbox 1349 1435 1435 1471; x_wconf 80' lang='lat' dir='ltr'><em>pre-</em></span> 
     </span>
     <span class='ocr_line' id='line_1_16' title="bbox 326 1484 1434 1532; baseline 0.003 -13"><span class='ocrx_word' id='word_1_107' title='bbox 326 1485 416 1519; x_wconf 83' lang='lat' dir='ltr'><em>tiosa</em></span> <span class='ocrx_word' id='word_1_108' title='bbox 441 1485 548 1518; x_wconf 80' lang='lat' dir='ltr'><em>missa</em></span> <span class='ocrx_word' id='word_1_109' title='bbox 571 1487 654 1517; x_wconf 81' lang='lat' dir='ltr'><em>suut</em></span> <span class='ocrx_word' id='word_1_110' title='bbox 679 1484 717 1517; x_wconf 84' lang='lat' dir='ltr'><em>in</em></span> <span class='ocrx_word' id='word_1_111' title='bbox 739 1485 933 1530; x_wconf 77' lang='lat' dir='ltr'><em>praealtam</em></span> <span class='ocrx_word' id='word_1_112' title='bbox 958 1487 1164 1532; x_wconf 78' lang='lat' dir='ltr'><em>voraginem</em></span> <span class='ocrx_word' id='word_1_113' title='bbox 1183 1486 1277 1522; x_wconf 88' lang='lat' dir='ltr'><em>urbis</em></span> <span class='ocrx_word' id='word_1_114' title='bbox 1295 1486 1434 1522; x_wconf 81' lang='lat' dir='ltr'><em>Roma·</em></span> 
     </span>
     <span class='ocr_line' id='line_1_17' title="bbox 321 1546 1434 1598; baseline 0.003 -15"><span class='ocrx_word' id='word_1_115' title='bbox 321 1559 401 1583; x_wconf 76' lang='lat' dir='ltr'><em>nae:</em></span> <span class='ocrx_word' id='word_1_116' title='bbox 430 1549 464 1582; x_wconf 82' lang='lat' dir='ltr'><em>in</em></span> <span class='ocrx_word' id='word_1_117' title='bbox 488 1559 564 1582; x_wconf 87' lang='lat' dir='ltr'><em>eam</em></span> <span class='ocrx_word' id='word_1_118' title='bbox 588 1546 733 1582; x_wconf 82' lang='lat' dir='ltr'><em>Curtius</em></span> <span class='ocrx_word' id='word_1_119' title='bbox 751 1553 925 1591; x_wconf 84' lang='lat' dir='ltr'><em>armatus,</em></span> <span class='ocrx_word' id='word_1_120' title='bbox 945 1550 1067 1585; x_wconf 85' lang='lat' dir='ltr'><em>sedens</em></span> <span class='ocrx_word' id='word_1_121' title='bbox 1085 1562 1185 1598; x_wconf 75' lang='lat' dir='ltr'><em>equo,</em></span> <span class='ocrx_word' id='word_1_122' title='bbox 1205 1562 1241 1585; x_wconf 89' lang='lat' dir='ltr'><em>se</em></span> <span class='ocrx_word' id='word_1_123' title='bbox 1263 1552 1434 1598; x_wconf 81' lang='lat' dir='ltr'><em>proecipi·</em></span> 
     </span>
     <span class='ocr_line' id='line_1_18' title="bbox 325 1611 1434 1662; baseline 0.003 -14"><span class='ocrx_word' id='word_1_124' title='bbox 325 1613 429 1654; x_wconf 70' lang='lat' dir='ltr'><em>tavit,</em></span> <span class='ocrx_word' id='word_1_125' title='bbox 460 1623 570 1659; x_wconf 89' lang='lat' dir='ltr'><em>eaque</em></span> <span class='ocrx_word' id='word_1_126' title='bbox 597 1611 739 1658; x_wconf 63' lang='lat' dir='ltr'><em>ezpleta</em></span> <span class='ocrx_word' id='word_1_127' title='bbox 767 1616 829 1648; x_wconf 89' lang='lat' dir='ltr'><em>est.</em></span> <span class='ocrx_word' id='word_1_128' title='bbox 893 1613 932 1649; x_wconf 88' lang='lat' dir='ltr'><em>T.</em></span> <span class='ocrx_word' id='word_1_129' title='bbox 953 1613 1116 1649; x_wconf 82' lang='lat' dir='ltr'><em>Manlius</em></span> <span class='ocrx_word' id='word_1_130' title='bbox 1138 1615 1352 1657; x_wconf 82' lang='lat' dir='ltr'><em>adolescens,</em></span> <span class='ocrx_word' id='word_1_131' title='bbox 1373 1616 1434 1662; x_wconf 84' lang='lat' dir='ltr'><em>qui</em></span> 
     </span>
     <span class='ocr_line' id='line_1_19' title="bbox 318 1675 1433 1724; baseline 0.004 -13"><span class='ocrx_word' id='word_1_132' title='bbox 318 1681 463 1724; x_wconf 83' lang='lat' dir='ltr'><em>patrem</em></span> <span class='ocrx_word' id='word_1_133' title='bbox 500 1687 524 1710; x_wconf 86' lang='lat' dir='ltr'><em>a</em></span> <span class='ocrx_word' id='word_1_134' title='bbox 560 1675 750 1711; x_wconf 79' lang='lat' dir='ltr'><em>tribunicia</em></span> <span class='ocrx_word' id='word_1_135' title='bbox 780 1678 966 1713; x_wconf 80' lang='lat' dir='ltr'><em>vexatione</em></span> <span class='ocrx_word' id='word_1_136' title='bbox 999 1679 1262 1722; x_wconf 68' lang='lat' dir='ltr'><em>vindicaverat,</em></span> <span class='ocrx_word' id='word_1_137' title='bbox 1308 1684 1433 1715; x_wconf 86' lang='lat' dir='ltr'><em>contra</em></span> 
     </span>
     <span class='ocr_line' id='line_1_20' title="bbox 328 1740 1432 1787; baseline 0.005 -13"><span class='ocrx_word' id='word_1_138' title='bbox 328 1740 488 1780; x_wconf 81' lang='lat' dir='ltr'><em>Gallum,</em></span> <span class='ocrx_word' id='word_1_139' title='bbox 518 1743 773 1786; x_wconf 81' lang='lat' dir='ltr'><em>provocantem</em></span> <span class='ocrx_word' id='word_1_140' title='bbox 801 1740 957 1787; x_wconf 77' lang='lat' dir='ltr'><em>aliquem</em></span> <span class='ocrx_word' id='word_1_141' title='bbox 985 1754 1027 1777; x_wconf 74' lang='lat' dir='ltr'><em>ex</em></span> <span class='ocrx_word' id='word_1_142' title='bbox 1050 1742 1219 1778; x_wconf 81' lang='lat' dir='ltr'><em>militibus</em></span> <span class='ocrx_word' id='word_1_143' title='bbox 1244 1742 1432 1786; x_wconf 73' lang='lat' dir='ltr'><em>Romanis,</em></span> 
     </span>
     <span class='ocr_line' id='line_1_21' title="bbox 321 1804 1431 1854; baseline 0.004 -16"><span class='ocrx_word' id='word_1_144' title='bbox 321 1806 358 1838; x_wconf 84' lang='lat' dir='ltr'><em>in</em></span> <span class='ocrx_word' id='word_1_145' title='bbox 382 1804 565 1851; x_wconf 84' lang='lat' dir='ltr'><em>singulare</em></span> <span class='ocrx_word' id='word_1_146' title='bbox 592 1807 770 1839; x_wconf 84' lang='lat' dir='ltr'><em>certamen</em></span> <span class='ocrx_word' id='word_1_147' title='bbox 796 1804 988 1848; x_wconf 81' lang='lat' dir='ltr'><em>descendit,</em></span> <span class='ocrx_word' id='word_1_148' title='bbox 1015 1807 1114 1854; x_wconf 84' lang='lat' dir='ltr'><em>eique</em></span> <span class='ocrx_word' id='word_1_149' title='bbox 1132 1807 1244 1842; x_wconf 85' lang='lat' dir='ltr'><em>occiso</em></span> <span class='ocrx_word' id='word_1_150' title='bbox 1270 1811 1431 1854; x_wconf 85' lang='lat' dir='ltr'><em>torquem</em></span> 
     </span>
     <span class='ocr_line' id='line_1_22' title="bbox 320 1867 1430 1916; baseline 0.003 -15"><span class='ocrx_word' id='word_1_151' title='bbox 320 1878 468 1902; x_wconf 86' lang='lat' dir='ltr'><em>aureum</em></span> <span class='ocrx_word' id='word_1_152' title='bbox 488 1867 664 1910; x_wconf 48' lang='lat' dir='ltr'><em>detraxim-</em></span> <span class='ocrx_word' id='word_1_153' title='bbox 694 1877 797 1914; x_wconf 84' lang='lat' dir='ltr'><em>quem</em></span> <span class='ocrx_word' id='word_1_154' title='bbox 815 1868 889 1915; x_wconf 82' lang='lat' dir='ltr'><em>ipse</em></span> <span class='ocrx_word' id='word_1_155' title='bbox 901 1873 1028 1916; x_wconf 86' lang='lat' dir='ltr'><em>postea</em></span> <span class='ocrx_word' id='word_1_156' title='bbox 1049 1870 1146 1912; x_wconf 85' lang='lat' dir='ltr'><em>tulit,</em></span> <span class='ocrx_word' id='word_1_157' title='bbox 1167 1874 1259 1906; x_wconf 77' lang='lat' dir='ltr'><em>etex</em></span> <span class='ocrx_word' id='word_1_158' title='bbox 1276 1881 1316 1906; x_wconf 80' lang='lat' dir='ltr'><em>eo</em></span> <span class='ocrx_word' id='word_1_159' title='bbox 1341 1870 1430 1905; x_wconf 90' lang='lat' dir='ltr'><em>Tor-</em></span> 
     </span>
     <span class='ocr_line' id='line_1_23' title="bbox 320 1932 1434 1982; baseline 0.006 -18"><span class='ocrx_word' id='word_1_160' title='bbox 320 1935 451 1977; x_wconf 84' lang='lat' dir='ltr'><em>quatus</em></span> <span class='ocrx_word' id='word_1_161' title='bbox 470 1934 521 1965; x_wconf 84' lang='lat' dir='ltr'><em>est</em></span> <span class='ocrx_word' id='word_1_162' title='bbox 538 1935 774 1977; x_wconf 80' lang='lat' dir='ltr'><em>nuncupatus.</em></span> <span class='ocrx_word' id='word_1_163' title='bbox 821 1932 920 1968; x_wconf 82' lang='lat' dir='ltr'><em>Duae</em></span> <span class='ocrx_word' id='word_1_164' title='bbox 939 1933 1048 1969; x_wconf 80' lang='lat' dir='ltr'><em>tribus</em></span> <span class='ocrx_word' id='word_1_165' title='bbox 1065 1935 1211 1977; x_wconf 78' lang='lat' dir='ltr'><em>additae,</em></span> <span class='ocrx_word' id='word_1_166' title='bbox 1231 1935 1434 1982; x_wconf 82' lang='lat' dir='ltr'><em>Pomptina-</em></span> 
     </span>
     <span class='ocr_line' id='line_1_24' title="bbox 320 1992 1430 2045; baseline 0.005 -18"><span class='ocrx_word' id='word_1_167' title='bbox 320 1999 356 2028; x_wconf 72' lang='grc' dir='ltr'><em>ει</em></span> <span class='ocrx_word' id='word_1_168' title='bbox 375 1993 548 2028; x_wconf 85' lang='lat' dir='ltr'><em>Publilia.</em></span> <span class='ocrx_word' id='word_1_169' title='bbox 605 1992 768 2029; x_wconf 76' lang='lat' dir='ltr'><em>Licinius</em></span> <span class='ocrx_word' id='word_1_170' title='bbox 796 1994 898 2030; x_wconf 89' lang='lat' dir='ltr'><em>Stolo</em></span> <span class='ocrx_word' id='word_1_171' title='bbox 929 1996 1003 2043; x_wconf 85' lang='lat' dir='ltr'><em>lege</em></span> <span class='ocrx_word' id='word_1_172' title='bbox 1024 1997 1067 2032; x_wconf 82' lang='lat' dir='ltr'><em>ab</em></span> <span class='ocrx_word' id='word_1_173' title='bbox 1086 1998 1165 2045; x_wconf 81' lang='lat' dir='ltr'><em>ipso</em></span> <span class='ocrx_word' id='word_1_174' title='bbox 1181 1998 1257 2033; x_wconf 86' lang='lat' dir='ltr'><em>lata</em></span> <span class='ocrx_word' id='word_1_175' title='bbox 1275 1998 1430 2033; x_wconf 83' lang='lat' dir='ltr'><em>damna·</em></span> 
     </span>
     <span class='ocr_line' id='line_1_25' title="bbox 320 2057 1426 2109; baseline 0.005 -17"><span class='ocrx_word' id='word_1_176' title='bbox 320 2063 376 2092; x_wconf 67' lang='lat' dir='ltr'><em>tus</em></span> <span class='ocrx_word' id='word_1_177' title='bbox 394 2062 457 2099; x_wconf 87' lang='lat' dir='ltr'><em>est,</em></span> <span class='ocrx_word' id='word_1_178' title='bbox 479 2057 574 2105; x_wconf 82' lang='lat' dir='ltr'><em>quod</em></span> <span class='ocrx_word' id='word_1_179' title='bbox 595 2058 679 2105; x_wconf 84' lang='lat' dir='ltr'><em>plus</em></span> <span class='ocrx_word' id='word_1_180' title='bbox 697 2059 894 2106; x_wconf 80' lang='lat' dir='ltr'><em>quingentis</em></span> <span class='ocrx_word' id='word_1_181' title='bbox 911 2058 1096 2107; x_wconf 76' lang='lat' dir='ltr'><em>jugeribus</em></span> <span class='ocrx_word' id='word_1_182' title='bbox 1114 2062 1195 2108; x_wconf 82' lang='lat' dir='ltr'><em>agri</em></span> <span class='ocrx_word' id='word_1_183' title='bbox 1217 2063 1426 2109; x_wconf 79' lang='lat' dir='ltr'><em>possideret.</em></span> 
     </span>
     <span class='ocr_line' id='line_1_26' title="bbox 318 2121 1427 2173; baseline 0.005 -17"><span class='ocrx_word' id='word_1_184' title='bbox 318 2121 374 2157; x_wconf 88' lang='lat' dir='ltr'><em>M.</em></span> <span class='ocrx_word' id='word_1_185' title='bbox 400 2121 561 2157; x_wconf 84' lang='lat' dir='ltr'><em>Valerius</em></span> <span class='ocrx_word' id='word_1_186' title='bbox 590 2121 747 2157; x_wconf 80' lang='lat' dir='ltr'><em>tribunus</em></span> <span class='ocrx_word' id='word_1_187' title='bbox 774 2123 931 2158; x_wconf 79' lang='lat' dir='ltr'><em>militum</em></span> <span class='ocrx_word' id='word_1_188' title='bbox 966 2124 1126 2167; x_wconf 85' lang='lat' dir='ltr'><em>Gallum,</em></span> <span class='ocrx_word' id='word_1_189' title='bbox 1153 2136 1176 2160; x_wconf 87' lang='lat' dir='ltr'><em>a</em></span> <span class='ocrx_word' id='word_1_190' title='bbox 1201 2137 1270 2172; x_wconf 85' lang='lat' dir='ltr'><em>quo</em></span> <span class='ocrx_word' id='word_1_191' title='bbox 1294 2138 1427 2173; x_wconf 84' lang='lat' dir='ltr'><em>provo-</em></span> 
     </span>
     <span class='ocr_line' id='line_1_27' title="bbox 318 2186 1428 2239; baseline 0.005 -19"><span class='ocrx_word' id='word_1_192' title='bbox 318 2191 420 2221; x_wconf 85' lang='lat' dir='ltr'><em>catus</em></span> <span class='ocrx_word' id='word_1_193' title='bbox 437 2191 528 2227; x_wconf 83' lang='lat' dir='ltr'><em>erat,</em></span> <span class='ocrx_word' id='word_1_194' title='bbox 546 2186 718 2222; x_wconf 83' lang='lat' dir='ltr'><em>insidente</em></span> <span class='ocrx_word' id='word_1_195' title='bbox 732 2187 846 2234; x_wconf 80' lang='lat' dir='ltr'><em>galea&gt;</em></span> <span class='ocrx_word' id='word_1_196' title='bbox 863 2199 978 2232; x_wconf 71' lang='lat' dir='ltr'><em>corvo,</em></span> <span class='ocrx_word' id='word_1_197' title='bbox 999 2193 1035 2224; x_wconf 85' lang='lat' dir='ltr'><em>et</em></span> <span class='ocrx_word' id='word_1_198' title='bbox 1052 2189 1226 2236; x_wconf 81' lang='lat' dir='ltr'><em>unguibus</em></span> <span class='ocrx_word' id='word_1_199' title='bbox 1243 2195 1428 2239; x_wconf 84' lang='lat' dir='ltr'><em>rostroque</em></span> 
     </span>
     <span class='ocr_line' id='line_1_28' title="bbox 317 2248 1426 2297; baseline 0.005 -13"><span class='ocrx_word' id='word_1_200' title='bbox 317 2248 453 2284; x_wconf 78' lang='lat' dir='ltr'><em>bostem</em></span> <span class='ocrx_word' id='word_1_201' title='bbox 471 2248 676 2297; x_wconf 84' lang='lat' dir='ltr'><em>infestante,</em></span> <span class='ocrx_word' id='word_1_202' title='bbox 707 2251 850 2294; x_wconf 85' lang='lat' dir='ltr'><em>occidit,</em></span> <span class='ocrx_word' id='word_1_203' title='bbox 879 2256 915 2287; x_wconf 84' lang='lat' dir='ltr'><em>et</em></span> <span class='ocrx_word' id='word_1_204' title='bbox 939 2263 981 2287; x_wconf 75' lang='lat' dir='ltr'><em>ex</em></span> <span class='ocrx_word' id='word_1_205' title='bbox 999 2263 1040 2288; x_wconf 92' lang='lat' dir='ltr'><em>eo</em></span> <span class='ocrx_word' id='word_1_206' title='bbox 1060 2252 1165 2288; x_wconf 84' lang='lat' dir='ltr'><em>Corvi</em></span> <span class='ocrx_word' id='word_1_207' title='bbox 1182 2265 1307 2290; x_wconf 87' lang='lat' dir='ltr'><em>nomen</em></span> <span class='ocrx_word' id='word_1_208' title='bbox 1325 2266 1426 2290; x_wconf 87' lang='lat' dir='ltr'><em>acce·</em></span> 
     </span>
     <span class='ocr_line' id='line_1_29' title="bbox 310 2312 1425 2365; baseline 0.004 -17"><span class='ocrx_word' id='word_1_209' title='bbox 310 2312 393 2359; x_wconf 72' lang='lat' dir='ltr'><em>pit5</em></span> <span class='ocrx_word' id='word_1_210' title='bbox 423 2313 613 2361; x_wconf 76' lang='lat' dir='ltr'><em>consulque</em></span> <span class='ocrx_word' id='word_1_211' title='bbox 632 2315 800 2364; x_wconf 74' lang='lat' dir='ltr'><em>proximo</em></span> <span class='ocrx_word' id='word_1_212' title='bbox 824 2326 931 2359; x_wconf 81' lang='lat' dir='ltr'><em>anno,</em></span> <span class='ocrx_word' id='word_1_213' title='bbox 953 2327 1062 2364; x_wconf 82' lang='lat' dir='ltr'><em>quum</em></span> <span class='ocrx_word' id='word_1_214' title='bbox 1081 2328 1192 2354; x_wconf 80' lang='lat' dir='ltr'><em>annos</em></span> <span class='ocrx_word' id='word_1_215' title='bbox 1210 2318 1337 2365; x_wconf 80' lang='lat' dir='ltr'><em>viginti</em></span> <span class='ocrx_word' id='word_1_216' title='bbox 1355 2322 1425 2353; x_wconf 80' lang='lat' dir='ltr'><em>tres</em></span> 
     </span>
    </p>
   </div>
   <div class='ocr_carea' id='block_1_5' title="bbox 1535 0 1573 2598">
    <p class='ocr_par' dir='ltr' id='par_1_6' title="bbox 1535 0 1573 2598">
     <span class='ocr_line' id='line_1_30' title="bbox 1535 0 1573 2598; baseline 0 0"><span class='ocrx_word' id='word_1_217' title='bbox 1535 0 1573 2598; x_wconf 95' lang='lat' dir='ltr'><em> </em></span> 
     </span>
    </p>
   </div>
  </div>
 </body>
</html>
