1573 2598
118 1565 259 1607 Populus

119 1612 288 1642 Romanus

117 1652 152 1683 in
167 1654 301 1693 Tarqui-

118 1697 187 1726 nios
203 1698 310 1727 conci-

120 1747 214 1771 tatur.

335 173 388 218 82
784 191 830 220 Τ.
853 192 986 222 mvn

333 276 449 313 tradit
463 292 474 323 3
510 277 597 314 inde
625 277 806 316 Lucretio
834 293 877 316 ac
907 279 1073 323 Valerio,
1103 279 1339 330 stupentibus
1369 280 1440 317 mi-

333 336 552 387 raculo'rei,
574 345 670 380 unde
694 357 834 381 novum
852 346 892 381 in
916 345 1027 381 Bruti
1055 351 1209 395 pectore
1236 345 1441 394 ingenium.

335 405 393 444 Ut
420 414 649 458 praeceptum
674 414 768 452 erat,
790 408 949 459 jurant:
981 410 1128 459 totique
1151 409 1198 446 ab
1223 408 1328 445 luctu
1345 408 1442 445 versi

334 474 375 510 in
403 474 511 517 iram,
540 475 717 519 Brutum,
740 474 823 526 jam
850 475 935 512 inde
971 475 1014 512 ad
1044 474 1333 526 expugnandum
1359 486 1453 523 reg-¹

334 549 427 575 num
454 545 667 584 vocantem,
700 538 907 589 sequuntur
943 541 1085 578 ducem.
1139 540 1294 578 Elatum
1331 541 1444 578 domo

335 599 524 640 Lucretiae
560 616 694 654 corpus
731 604 771 640 in
812 603 936 641 forum
973 604 1157 648 deferunt,
1196 605 1446 655 concientque

335 669 532 714 miraculo,
559 676 601 706 ut
630 670 685 713 fit,
711 671 766 706 rei
793 682 900 707 novae
929 676 1041 719 atque
1069 670 1292 719 indignitate
1319 670 1445 707 homi-

335 742 428 768 nes:
460 745 529 782 pro
555 744 594 768 se
618 733 775 783 quisque
804 732 922 770 scelus
950 734 1093 783 regium
1117 746 1160 769 ac
1177 734 1253 769 vim
1281 746 1444 782 querun-

334 799 408 830 tur.
464 794 597 831 Movet
625 802 707 833 tum
735 798 850 847 patris
881 797 1075 840 moestitia,
1102 802 1183 833 tum
1206 796 1361 839 Brutus,
1382 808 1444 832 ca-

335 856 495 904 stigator
513 856 750 895 lacrimarum
768 866 880 909 atque
900 861 1075 896 inertium
1091 853 1339 909 querelarum,
1356 871 1444 895 auc-

333 924 483 968 torque,
511 921 611 969 quod
640 922 753 965 viros,
787 924 887 972 quod
918 923 1114 960 Romanos
1148 924 1308 966 deceret,
1341 920 1446 960 arma

333 982 505 1031 capiendi
525 983 698 1021 adversus
717 985 873 1021 hostilia
891 999 1015 1022 ausos.
1054 985 1322 1022 Ferocissimus
1342 985 1444 1034 quis-

333 1055 407 1092 que
428 1043 613 1094 juvenum
643 1061 727 1084 cum
756 1049 868 1084 armis
896 1048 1130 1084 voluntarius
1159 1049 1284 1084 adest:
1321 1047 1454 1096 sequi--

333 1116 396 1147 tur
421 1117 459 1148 et
484 1119 609 1150 cetera
627 1113 821 1164 juventus.
877 1114 984 1157 Inde,
1004 1114 1085 1164 pari
1113 1113 1285 1163 praesidio
1313 1112 1447 1149 relicto

336 1176 508 1213 Collatiae
545 1178 591 1214 ad
627 1185 770 1229 portas,
805 1178 1096 1227 custodibusque
1132 1178 1240 1222 datis,
1277 1190 1326 1214 ne
1362 1178 1444 1227 quis

334 1251 420 1276 eum
443 1248 589 1278 motum
615 1243 765 1291 regibus
794 1243 1006 1286 nunciaret,
1035 1242 1148 1278 ceteri
1175 1242 1323 1285 armati,
1353 1242 1446 1278 duce
1473 1245 1482 1259 ‘’

334 1307 471 1351 Bruto,
497 1308 663 1346 Romam
691 1309 863 1360 profecti.
920 1309 997 1345 Ubi
1022 1322 1067 1345 eo
1085 1315 1238 1346 ventum
1261 1315 1331 1351 est,
1352 1322 1445 1358 qua-

332 1387 492 1424 cumque
521 1376 673 1420 incedit,
704 1382 848 1413 armata
875 1375 1077 1413 multitudo
1106 1389 1282 1427 pavorem
1311 1390 1355 1413 ac
1381 1382 1445 1413 tu-

331 1437 493 1474 multum
515 1439 634 1475 facit:
665 1451 806 1482 rursus,
835 1439 900 1475 ubi
928 1440 1071 1475 anteire
1099 1440 1281 1489 primores
1311 1442 1452 1478 civita-'

332 1499 380 1535 tis
410 1500 549 1544 vident,
585 1501 762 1551 quidquid
787 1503 849 1545 sit,
878 1502 978 1537 haud
1010 1508 1149 1538 temere
1186 1516 1267 1539 esse
1302 1510 1444 1541 rentur.

332 1561 416 1615 Nec
445 1565 629 1601 minorem
657 1571 803 1602 motum
832 1565 1042 1601 animorum
1065 1565 1199 1601 Romae
1228 1573 1306 1602 tam
1335 1573 1446 1604 atrox

332 1639 390 1663 res
416 1625 522 1670 facit,
543 1641 655 1677 quam
676 1628 848 1664 Collatiae
870 1628 1021 1665 fecerat.
1077 1629 1182 1677 Ergo
1202 1641 1249 1664 ex
1270 1629 1445 1666 omnibus

333 1691 426 1728 locis
454 1692 555 1729 urbis
582 1694 620 1729 in
649 1693 774 1730 forum
807 1694 978 1730 curritur.
1035 1695 1123 1733 Quo
1152 1695 1263 1731 simul
1291 1703 1445 1732 ventum

335 1765 405 1802 est,
435 1771 559 1808 praeco
589 1759 634 1795 ad
662 1759 855 1795 tribunum
875 1759 1062 1803 Celerum,
1090 1761 1129 1796 in
1153 1774 1227 1809 quo
1255 1768 1336 1798 tum
1363 1777 1445 1801 ma-

336 1821 495 1869 gistratu
514 1821 612 1857 forte
631 1822 772 1858 Brutus
796 1828 889 1866 erat,
913 1822 1094 1873 populum
1120 1823 1327 1861 advocavit.
1383 1826 1444 1863 Ibi

337 1885 459 1920 oratio
488 1885 632 1927 habita,
658 1897 894 1934 nequaquam
922 1885 1000 1936 ejus
1031 1887 1192 1935 pectoris
1214 1887 1444 1938 ingeniique,

336 1949 436 1997 quod
464 1947 679 1984 simulatum
708 1949 755 1984 ad
780 1961 861 1985 eam
885 1950 981 1985 diem
1006 1949 1141 1992 fuerat,
1169 1951 1213 1986 de
1232 1952 1330 1988 viae
1358 1952 1444 1990 libi-

338 2013 423 2050 dine
446 2013 531 2048 Sex.
550 2012 762 2060 Tarquiuii,
789 2012 832 2047 de
862 2019 991 2062 stupro
1019 2013 1173 2049 infando
1194 2013 1380 2052 Lucretiae
1407 2024 1446 2053 et

339 2074 542 2112 miserabili
572 2075 685 2117 caede,
715 2075 758 2110 de
786 2074 948 2110 orbitate
977 2075 1206 2127 Tricipitini,
1237 2078 1296 2113 cui
1324 2087 1447 2117 morte

339 2137 424 2175 filiae
454 2150 586 2174 caussa
612 2138 744 2173 mortis
773 2138 961 2187 indignior
986 2152 1029 2175 ac
1054 2140 1302 2177 miserabilior
1321 2150 1441 2181 esset:

339 2201 464 2237 addita
493 2192 667 2251 superbia
702 2201 816 2251 ipsius
854 2203 964 2251 regis,
994 2203 1226 2253 miseriaeque
1262 2210 1299 2241 et
1336 2205 1444 2242 labo-

338 2275 397 2299 res
433 2262 566 2314 plebis,
605 2264 643 2300 in
671 2264 791 2300 fossas
821 2264 1041 2315 cloacasque
1078 2267 1347 2304 exhauriendas
1381 2269 1445 2306 de-

337 2316 481 2364 mersae.
537 2326 733 2365 Romanos
758 2328 945 2375 homines,
968 2330 1129 2367 victores
1154 2330 1322 2368 omnium
1346 2331 1447 2370 circa
