1496 2554
348 498 1052 564 PRAEFATIO.

235 848 570 889 ACTURUSNE
597 860 723 899 operae
754 846 920 898 pretium
952 846 1037 891 sim,
1067 846 1098 884 si
1135 860 1158 884 a
1193 847 1270 899 pri-

235 916 384 954 mordio
404 913 522 952 Urbis
541 925 600 950 res
625 911 757 963 populi
782 910 951 948 Romani
973 911 1270 962 perscripserim,

148 994 219 1020 nec
239 982 330 1019 satis
350 980 429 1017 scio
446 995 457 1025 3
488 990 574 1022 nec,
595 977 627 1013 si
651 977 781 1019 sciam,
803 976 927 1012 dicere
950 976 1071 1012 ausim
1092 991 1098 1011 :
1131 978 1271 1026 quippe

148 1047 230 1096 qui,
250 1058 367 1096 quum
384 1050 564 1086 veterem,
584 1048 666 1077 tum
685 1040 879 1089 vulgatam
900 1052 980 1075 csse
998 1053 1091 1083 rem,
1108 1041 1272 1084 videam,

150 1110 243 1147 dum
277 1109 369 1146 novi
398 1119 544 1157 semper
573 1105 791 1156 scriptores,
821 1110 887 1140 aut
919 1104 959 1140 in
995 1104 1105 1141 rebus
1136 1105 1274 1141 certius

151 1172 295 1220 aliquid
320 1171 512 1206 adlaturos
539 1179 592 1210 se,
614 1175 680 1203 aut
704 1167 892 1203 scribendi
918 1173 999 1203 arte
1017 1167 1148 1205 rudem
1167 1175 1275 1206 vetu-

151 1239 290 1271 statem
315 1237 572 1282 superaturos,
593 1230 763 1267 credunt.
821 1230 1038 1280 Utcumque
1061 1232 1146 1274 erit,
1159 1231 1274 1282 juva·

150 1298 210 1336 bit
237 1304 379 1340 tamen,
405 1308 531 1332 rerum
559 1301 751 1344 gestarum
774 1295 966 1331 memoriae
995 1295 1174 1346 principis
1197 1303 1275 1333 ter-

151 1375 279 1401 rarum
307 1359 439 1412 populi
466 1372 536 1410 pro
564 1359 663 1395 virili
691 1365 799 1409 parte
829 1365 867 1396 et
895 1372 954 1395 me
985 1360 1108 1410 ipsum
1137 1373 1276 1397 consu-

151 1426 290 1471 luisse3
323 1432 374 1468 et,
405 1426 434 1461 si
466 1425 505 1461 in
533 1430 643 1460 tanta
672 1425 900 1474 scriptorum
928 1424 1041 1460 turba
1065 1437 1151 1460 mea
1175 1425 1275 1462 fama

152 1490 193 1527 in
227 1490 390 1526 obscuro
428 1489 490 1531 sit,
522 1487 725 1524 nobilitate
758 1501 801 1524 ac
833 1488 1096 1537 magnitudine
1129 1501 1275 1532 eorum,

152 1566 239 1596 meo
272 1553 336 1602 qui
371 1553 519 1588 nomini
549 1552 744 1595 obficient,
775 1564 836 1588 me
869 1551 1055 1590 consoler.
1112 1552 1189 1592 Res
1221 1560 1279 1589 est

151 1625 336 1669 praeterea
370 1624 408 1653 et
441 1618 603 1653 inmensi
640 1618 778 1667 operiS‚
810 1624 852 1652 ut
881 1630 963 1666 quae
994 1629 1105 1667 supra
1135 1619 1278 1667 septin-

155 1683 407 1730 gentesimum
437 1695 579 1717 annum
608 1689 829 1731 repetatur3
863 1688 901 1717 et
930 1694 1026 1730 quae,
1054 1681 1101 1717 ab
1132 1683 1278 1731 exiguis

155 1746 328 1796 profecta
353 1747 487 1788 initiis,
508 1759 553 1781 eo
574 1746 746 1788 creverit,
768 1752 808 1781 ut
827 1745 912 1795 jam
937 1747 1199 1794 magnitudine
1225 1746 1280 1782 la-

154 1809 267 1846 boret
304 1822 393 1845 sua:
435 1816 473 1844 et
510 1808 718 1857 legentium
756 1809 958 1859 plerisque,
996 1810 1098 1846 haud
1131 1810 1279 1854 dubito,

155 1873 247 1922 quin
278 1873 408 1922 primae
440 1873 606 1920 origines
639 1873 887 1922 proximaque
914 1874 1124 1922 originibus
1154 1875 1279 1915 minus

155 1936 362 1987 praebitura
381 1935 588 1985 voluptatis
616 1937 706 1979 sint,
731 1936 1000 1973 festinantibus
1025 1938 1072 1973 ad
1100 1939 1180 1974 herc
1208 1952 1279 1975 no-

155 2014 216 2044 va,
246 1999 380 2050 quibus
404 1999 488 2050 jam
516 2001 661 2050 pridem
690 2001 929 2051 praevalentis
958 2002 1089 2052 populi
1115 2003 1210 2039 vires
1241 2015 1280 2040 se

154 2066 246 2115 ipsae
278 2065 497 2102 conficiunt.
552 2065 640 2113 Ego
674 2072 808 2102 contra
843 2066 918 2103 hoc
952 2080 1103 2117 quoque
1137 2067 1278 2105 laboris

155 2130 353 2180 praemium
381 2136 523 2180 petam,
544 2136 586 2165 ut
612 2143 672 2166 me
697 2143 720 2166 a
746 2138 952 2181 conspectu
974 2132 1175 2176 malorum,
1195 2146 1279 2182 quae

157 2200 289 2230 nostra
305 2200 366 2230 tot
384 2207 451 2245 per
470 2207 590 2231 annos
610 2195 704 2231 fidit
724 2202 829 2239 aetas,
849 2197 1049 2248 tantisper,
1071 2203 1171 2233 certe
1190 2198 1280 2235 dum

157 2258 283 2308 prisca
312 2257 377 2294 issa
401 2263 485 2294 tota
512 2265 640 2294 mente
672 2265 819 2310 repeto,
853 2266 1037 2305 avertam,
1061 2261 1184 2298 omnis
1214 2274 1280 2302 ex·

158 2332 243 2372 pers
264 2333 377 2365 curae,
397 2334 479 2372 quae
498 2322 698 2360 scribentis
722 2323 904 2369 animum,
926 2325 996 2361 etsi
1021 2337 1101 2362 non
1128 2324 1280 2362 flectere

681 2386 760 2425 133
