1573 2598
466 177 621 208 mmm
644 175 703 206 11.
734 174 843 206 cAP.
869 177 970 208 mv.
1208 176 1287 223 155

166 264 293 309 credo,
312 277 391 302 non
416 265 604 316 placebat,
629 264 709 301 sine
728 263 908 302 Romano
930 264 1024 302 duce
1043 267 1286 317 exercituque

165 329 290 366 socios
310 331 470 381 propriis
483 329 623 366 viribus
640 328 885 378 consiliisque
903 329 1002 367 bella
1022 343 1163 379 gerere.
1184 330 1284 368 Nul-

164 393 243 430 lum
264 407 382 443 genus
402 393 627 430 calamitatis
648 392 963 443 contumeliaeque
981 407 1060 431 non
1079 395 1222 431 editum
1241 396 1283 432 in

154 457 324 495 ‘Volscos
353 466 435 495 est:
474 470 544 494 nec
571 465 699 494 tamen
734 457 890 508 perpelli
928 465 1101 509 potuere,
1133 465 1175 496 ut
1202 459 1284 496 acie

164 522 397 559 dimicarent.
1528 565 1530 569 Ι

215 586 320 622 LIV.
356 585 402 622 L.
433 584 566 621 Furius
611 585 698 621 inde
735 591 774 621 et
811 586 854 622 C.
883 584 1053 622 Blanlius
1091 586 1278 624 consules.
1294 589 1334 621 U.
1353 589 1388 620 C.
1407 596 1481 622 280.

159 649 309 687 Manlio
328 649 506 685 Veientes
534 650 730 698 provincia
755 651 905 685 evenit:
938 663 1015 686 non
1045 657 1174 686 tamen
1198 650 1278 687 bel·
1290 634 1331 665 Α·
1347 633 1384 665 C·
1400 640 1475 670 47⁹·

159 713 304 750 latum:
344 713 504 749 induciae
540 713 579 748 in
617 725 736 748 annos
775 714 1026 762 quadraginta
1061 713 1276 763 petentibus

159 778 267 821 datae,
300 777 492 813 frumento
528 776 792 826 stipendioque
829 777 1027 827 imperato.
1083 777 1176 813 Paci
1209 790 1275 814 ex-

157 848 274 879 ternae
304 841 504 877 confestim
527 842 772 877 continuatur
791 841 978 878 discordia
1004 840 1106 877 domi
1125 857 1132 877 :
1165 854 1272 891 agra·
1286 841 1399 890 Rornae
1414 840 1477 872 dis·

157 906 222 942 riae
247 904 340 954 legis
360 904 571 940 tribuniciis
592 904 751 940 stimulis
778 904 883 954 plebs
903 905 1065 942 furebat.
1123 905 1271 942 Consu·
1284 885 1412 915 cord1ae.

156 970 224 1013 les,
245 969 341 1006 nihil
357 968 528 1006 Menenii
554 969 810 1012 damnatione,
834 969 930 1005 nihil
958 968 1126 1020 periculo
1148 969 1272 1006 deter-

155 1034 220 1071 riti
249 1033 409 1076 Servilii,
447 1045 593 1069 summa
620 1034 654 1069 vi
692 1034 898 1070 resistunt:
936 1034 1117 1070 abeuntes
1150 1035 1270 1084 magi-

154 1104 275 1134 stratu
304 1098 375 1135 Cn.
402 1097 594 1135 Genucius
630 1097 804 1134 tribunus
843 1098 963 1149 plebis
993 1099 1183 1150 adripuit:
1222 1100 1268 1136 L.

152 1161 332 1199 AEmilius
369 1168 407 1198 et
443 1161 579 1212 Opiter
614 1161 807 1211 Virginius
845 1163 1083 1200 consulatum
1122 1164 1266 1201 ineunt.
1281 1161 1322 1193 U·
1340 1161 1375 1193 C·
1393 1167 1468 1194 281.

151 1225 357 1277 Vopiscum
376 1225 521 1262 Julium
549 1238 618 1275 pro
639 1226 812 1275 Virginio
837 1228 876 1263 in
903 1228 1127 1276 quibusdam
1145 1240 1263 1264 anna·-
1277 1207 1316 1236 A‘
1334 1206 1371 1236 ε’
1388 1211 1463 1241 ⁴7²⁸

150 1290 248 1327 libus
284 1288 478 1326 consulem
513 1289 677 1325 invenio.
732 1289 823 1326 Hoc
856 1302 957 1326 anno
989 1292 1263 1341 (quoscumque

151 1353 321 1392 consules
349 1353 500 1399 habuit)
521 1353 574 1389 rei
600 1354 647 1390 ad
674 1354 855 1404 populum
874 1354 1010 1393 Furius
1036 1363 1074 1392 et
1091 1354 1260 1393 Manlius
1276 1354 1387 1404 Furius
1403 1359 1435 1385 et

149 1420 382 1456 circumeunt
410 1418 590 1454 sordidati
618 1430 695 1454 non
725 1418 875 1469 plebem
902 1420 1038 1470 magis,
1059 1433 1171 1470 quam
1192 1420 1259 1471 ju·
1271 1398 1429 1482 ffiagggff,

145 1484 272 1521 niores
300 1482 455 1519 Patrum
474 1497 482 1518 :
515 1483 686 1527 suadent,
717 1493 888 1528 monent,
907 1486 1111 1522 Honoribus
1135 1491 1170 1522 et
1191 1487 1257 1522 ad·
1270 1486 1341 1517 lum
1356 1484 1413 1516 rei·

142 1549 400 1586 ministratione
416 1548 614 1597 reipublicae
631 1548 828 1586 abstineant
834 1567 848 1594 ,·
867 1551 1066 1587 consulares
1082 1562 1164 1587 vero
1172 1549 1259 1599 fos·

143 1625 210 1657 ces,
238 1618 460 1662 praetextam,
487 1613 711 1662 curulemque
729 1615 866 1658 sellam,
892 1615 984 1652 nihil
1008 1617 1123 1659 aliud,
1154 1618 1261 1663 quam

138 1690 309 1728 pompam
325 1676 483 1726 funeris,
507 1682 636 1726 putent
647 1694 660 1714 .·
689 1678 795 1715 claris
812 1680 1003 1727 insignibus
1019 1681 1117 1716 velut
1136 1679 1261 1728 infulis

141 1745 274 1780 velatos
291 1744 338 1779 ad
364 1748 508 1779 mortem
533 1744 712 1780 destinari.
770 1744 873 1785 Quod
890 1745 920 1779 si
938 1745 1139 1780 consulatus
1155 1748 1258 1781 tanta

142 1808 292 1844 dulcedo
313 1809 373 1850 sit,
393 1806 474 1853 jam
498 1820 590 1843 nunc
615 1809 666 1844 ita
687 1810 723 1844 in
748 1810 905 1845 animum
927 1809 1110 1852 inducant,
1130 1820 1256 1846 consu-

140 1873 254 1909 latum
273 1877 417 1920 captum
435 1876 470 1908 et
486 1872 682 1920 obpressum
701 1873 744 1908 ab
765 1873 952 1909 tribunicia
969 1877 1146 1921 potestate
1162 1884 1232 1909 esse
1238 1887 1257 1920 ‚-

138 1938 281 1979 consuli,
313 1938 408 1973 velut
438 1937 639 1984 adparitorz‘.
669 1937 867 1981 tribunicio,
902 1939 1022 1974 omnia
1048 1938 1098 1974 ad
1127 1942 1254 1974 nutum

138 2003 392 2051 imperiumque
410 2001 541 2038 tribuni
557 2002 696 2049 agenda
713 2014 793 2039 esse.
850 2002 893 2039 Si
908 2015 945 2039 se
962 2004 1201 2046 commoverit,
1220 2004 1253 2040 εὶ

135 2068 322 2114 respexerit
342 2067 481 2109 Patres,
499 2068 530 2102 si
548 2067 661 2109 aliud,
681 2079 788 2115 quam
808 2067 960 2115 plebem,
980 2078 1050 2104 esse
1068 2068 1104 2103 in
1121 2067 1248 2114 repub-

138 2131 208 2167 lica
232 2132 429 2174 crediderit,
455 2132 615 2167 exsilium
636 2130 675 2168 C.
695 2132 843 2175 Marcii,
863 2132 1021 2168 Meneniz'
1045 2132 1247 2168 damnatio-

135 2207 214 2233 nem
231 2201 265 2232 et
282 2200 440 2239 mortem,
459 2197 524 2233 sibi
538 2201 719 2246 proponat
735 2201 818 2233 ante
834 2198 962 2235 oculos.
1019 2195 1092 2233 His
1111 2208 1246 2233 accen-

135 2262 166 2299 si
185 2261 340 2298 vocibus
359 2263 489 2299 Patres
510 2262 668 2300 consilia
693 2262 793 2306 inde,
813 2274 892 2300 non
919 2261 1085 2314 publica,
1111 2262 1177 2298 sed
1203 2262 1245 2300 in

132 2326 294 2379 private,
315 2326 541 2378 seductaque
565 2340 588 2366 a
611 2326 776 2379 plurium
800 2327 1048 2373 conscientia,
1076 2326 1239 2364 habere:

134 2396 137 2397 ’
641 2390 683 2430 Η
703 2392 726 2429 6
