1573 2598
419 125 574 153 LIBER
602 124 671 152 VI·
705 123 813 152 CAP.
837 123 897 151 11.
1132 122 1213 162 411

103 216 163 252 cui
185 213 333 265 judicio
360 227 446 251 eum
469 227 585 257 mors,
606 214 701 251 adeo
722 218 953 263 opportuna,
975 218 1018 249 ut
1037 212 1210 249 volunta·
1226 221 1267 295 H.
1278 220 1318 295 g.
1332 225 1410 294 ἔας.

1257 288 1264 296 .
1306 286 1315 295 .
1353 267 1409 295 aa.

101 279 196 315 riam
219 291 358 327 magua
382 291 466 329 pars
488 278 669 321 crederet,
689 276 890 314 subtraxit.
947 276 1213 326 Interregnum

101 342 252 379 initum.
308 343 351 379 P.
372 343 570 379 Cornelius
591 341 719 392 Scipio
746 341 927 384 interrex',
948 347 985 377 et
1014 347 1101 392 post
1129 354 1216 378 eum

102 404 160 442 M.
185 405 320 442 Furius
351 405 531 443 Camillus
561 405 710 441 iterum.
767 403 806 440 Is
843 404 1019 441 tribunos
1051 404 1217 442 militum

106 469 294 507 consulari
323 475 512 520 potestate
541 476 657 512 creat,
688 468 735 506 L.
755 467 950 505 Valerium
978 468 1215 506 Publicolam

103 533 256 577 iterum,
287 534 329 572 P.
350 534 578 582 Virginium,
609 533 651 570 P.
674 532 908 576 Cornelium,
937 533 986 570 A.
1011 533 1215 576 Manlium,

106 597 153 634 L.
182 598 396 640 AEmilium.
430 597 478 634 L.
506 597 760 634 Postumium.
823 597 878 634 Hi
915 609 962 635 ex
998 598 1218 647 interregno

107 672 223 709 quum
252 661 442 711 extemplo
470 662 735 709 magistratum
768 661 941 703 inissent,
972 660 1076 697 nulla
1105 661 1150 698 de
1178 674 1218 697 re

105 724 222 774 prius,
256 737 368 774 quam
401 725 444 760 de
478 723 740 773 religionibuS,
779 730 952 760 senatum
982 724 1219 761 consuluere.

106 786 153 823 In
182 789 311 838 primis
340 787 485 824 foedera
513 801 556 824 ac
585 787 687 836 leges
711 788 836 835 (erant
859 793 986 823 autem
1006 800 1058 824 eae
1078 789 1219 825 duode-

107 852 180 888 cim
208 851 347 888 tabulae
378 858 416 888 et
445 852 615 900 quaedam
644 852 757 900 regiae
787 851 906 901 leges)
930 853 1115 902 conquiri,
1137 866 1219 902 quae

108 922 383 965 comparerent,
405 915 628 966 jusserunt:
661 915 735 951 alia
760 928 805 951 ex
829 916 881 950 eis
909 916 1010 952 edita
1037 917 1152 953 etiam
1179 919 1221 955 in

107 979 241 1028 vulgus
261 994 268 1015 z
300 993 382 1029 quae
411 986 538 1016 autem
565 980 612 1016 ad
637 992 744 1015 sacra
768 979 1022 1029 pertinebant,
1044 994 1066 1017 a
1091 983 1222 1031 ponti-

109 1044 240 1080 ficibus
279 1045 454 1087 maxime,
492 1050 535 1080 ut
572 1044 756 1092 religione
793 1044 997 1080 obstrictos
1036 1045 1223 1083 haberent

110 1107 361 1144 multitudinis
400 1109 562 1150 animos,
602 1107 813 1157 subpressa.
870 1107 970 1143 Tum
1007 1109 1054 1144 de
1089 1109 1220 1146 diebus

110 1171 294 1219 religiosis
329 1172 465 1220 agitari
498 1178 681 1221 coeptum,
715 1173 888 1221 diemque
921 1179 1009 1208 ante
1042 1174 1139 1209 diem
1174 1187 1224 1210 xv

108 1235 300 1272 Kalendas
329 1235 504 1277 Sextiles,
527 1235 665 1285 duplici
693 1235 795 1272 clade
822 1236 1024 1284 insignem,
1050 1239 1141 1286 (quo
1163 1238 1222 1274 die

110 1299 157 1335 ad
186 1300 402 1335 Cremeram
438 1298 547 1334 Fabii
586 1300 685 1342 caesi,
724 1312 799 1347 quo
837 1299 971 1335 deinde
1009 1301 1054 1336 ad
1082 1301 1223 1338 Alliam

109 1375 192 1397 cum
213 1363 330 1398 exitio
350 1362 451 1398 urbis
471 1362 573 1399 foede
593 1363 820 1412 pugnatum)
844 1376 866 1398 a
885 1365 1096 1413 posteriore
1117 1364 1222 1401 clade

107 1426 316 1463 Alliensem
345 1425 595 1476 adpellarunt,
627 1427 890 1476 insignemque
920 1429 973 1463 rei
1003 1428 1097 1464 nulli
1126 1430 1223 1479 pub-

107 1489 178 1526 lice
207 1491 457 1540 privatimque
485 1491 639 1540 agendae
669 1490 854 1527 fecerunt.
911 1492 1090 1534 Quidam,
1123 1484 1240 1543 quodv

109 1554 291 1604 postridie
311 1554 399 1590 Idus
419 1554 632 1594 Quinctiles
656 1567 736 1590 non
766 1555 912 1591 litasset
939 1556 1126 1606 Sulpicius
1156 1561 1223 1595 tri-

108 1618 231 1654 bunus
251 1618 428 1661 militum,
448 1631 570 1667 neque
591 1619 745 1655 inventa
765 1632 856 1668 pace
875 1619 1000 1655 Deum
1019 1628 1106 1670 post
1125 1623 1225 1660 diem

109 1682 264 1718 tertium
300 1681 471 1732 objectus
508 1684 612 1718 hosti
648 1684 836 1719 exercitus
873 1683 1072 1720 Romanus
1111 1696 1224 1731 esset,

111 1746 225 1781 etiam
253 1745 435 1795 postridie
455 1745 543 1782 Idus
574 1745 685 1782 rebus
715 1747 850 1783 divinis
881 1749 1117 1797 supersederi
1140 1749 1224 1800 jus-

110 1821 192 1844 sum
209 1823 218 1844 :
250 1808 350 1852 inde,
373 1815 415 1845 ut
438 1810 621 1859 postridie
641 1809 836 1845 Kalendas
857 1823 1008 1860 quoque
1027 1825 1070 1848 ac
1089 1813 1225 1852 Nonas

110 1873 240 1909 eadem
259 1872 393 1921 religio
413 1880 525 1916 esset,
545 1874 742 1917 traditum,
763 1880 910 1924 putant.

163 1935 216 1972 11.
245 1935 329 1972 Nec
361 1936 425 1972 diu
458 1936 565 1972 licuit
597 1938 733 1985 quietis
766 1937 926 1974 consilia
956 1940 1143 1988 erigendae
1176 1955 1223 1979 ex

111 2006 189 2035 tam
226 2000 331 2047 gravi
359 2012 449 2035 casu
485 2000 702 2050 reipublicae
739 2013 868 2037 secum
904 2003 1061 2051 agitare.
1117 2005 1223 2042 Hinc

110 2061 253 2105 Volsci,
286 2068 429 2099 veteres
466 2063 611 2106 hostes,
645 2064 691 2100 ad
729 2065 1046 2114 exstinguendum
1083 2080 1223 2106 nomen

110 2125 329 2163 Romanum
355 2139 460 2163 arma
486 2136 680 2178 ceperant,
706 2129 796 2164 hinc
817 2129 981 2165 Etruriae
1011 2131 1224 2182 principum

111 2201 159 2225 ex
190 2190 366 2226 omnibus
395 2191 544 2241 populis
570 2191 874 2242 conjurationem
902 2194 946 2229 de
965 2194 1080 2238 bello,
1101 2196 1148 2232 ad
1166 2196 1224 2232 fa-

104 2264 200 2289 num
220 2252 436 2291 Voltumnae
458 2256 612 2299 factam,
633 2263 862 2295 mercatores
883 2259 1105 2297 adferebant
1123 2276 1130 2298 ι
1153 2274 1223 2299 πιο-

629 2320 663 2355 Τ
683 2320 705 2356 2
