1573 2598
0 634 1 659 1

0 662 2 692 l

348 181 609 210 LIBER-111.
643 180 751 210 cAP.
774 181 967 211 xxxnl.
1107 183 1209 228 -209

91 269 236 307 «lomus.
310 269 467 306 Flamen
504 268 712 309 Quirinalis
750 270 830 307 Ser.
869 270 1067 309 Cornelius
1104 286 1207 310 mor-

89 340 176 370 tuus
193 350 202 379 5
236 346 356 383 augur
377 334 418 370 C.
440 333 624 370 Horatius
645 332 852 369 Pulvillus:
884 335 924 370 in
948 334 1054 385 cujus
1076 335 1207 374 locum

91 399 133 434 C..
161 399 361 434 Veturium
391 411 436 434 eo
467 397 651 447 cupidius,
687 398 776 447 quia
800 398 1006 435 damnatus
1037 412 1060 436 a
1094 400 1206 450 plebe

88 469 182 506 erat,
206 475 366 511 augures
395 461 530 510 legere.
586 461 764 498 Mortuus
796 462 929 499 consul
957 463 1204 508 Quinctilius,

88 532 250 575 quatuor
285 525 428 561 tribuni
466 524 598 574 plebis.
654 525 862 575 Multiplici
898 526 1003 563 clade
1039 526 1204 565 foedatus

86 602 230 626 annus:
263 589 310 625 ab
337 589 446 625 hoste
471 589 591 625 otium
615 588 714 625 fuit:
747 590 835 626 inde
861 590 1033 629 consules
1054 592 1097 628 C.
1117 592 1203 629 Me·
1217 594 1260 625 U·
1277 593 1314 624 C·
1329 600 1405 626 3020

85 654 234 697 nenias,
272 653 316 689 P.
354 654 497 690 Sestius
538 653 790 703 Capitolinus.
846 655 983 703 Neque
1020 669 1065 692 eo
1102 639 1245 694 annoA
1248 661 1254 669 ¹
1272 638 1309 669 C*
1325 644 1401 669 4⁵⁰⁰

84 717 289 767 quidquam
307 716 397 754 belli
418 718 564 754 externi
584 717 681 754 fuit:
714 718 816 755 domi
835 724 962 759 motus
983 721 1069 757 orti.
1116 721 1205 759 Jam

67 782 273 819 *redierant
308 781 424 830 legati
454 795 539 818 cum
567 783 708 819 Atticis
737 782 913 832 legibus:
945 796 992 820 eo
1019 785 1203 822 intentius

63 846 279 884 ‚instabant
314 846 473 889 tribuni,
504 853 546 882 ut
573 847 728 883 tandem
757 847 1040 885 scribendarum
1075 848 1204 898 legum

80 910 234 946 initium
262 909 380 946 fieret.
435 909 567 947 Placet
596 911 714 947 creari
743 911 974 947 decemviros
1004 912 1085 948 sine
1113 925 1202 963 pro-

84 972 300 1017 vocatione,
331 980 370 1010 et
405 987 454 1010 ne
482 975 565 1023 quis
603 987 648 1011 eo
686 988 787 1011 anno
825 975 920 1012 alius
957 977 1200 1025 magistratus

84 1044 195 1074 esset.
250 1038 609 1074 Admiscerenturne
646 1039 798 1087 plebeii,
836 1041 1096 1077 controversia
1132 1040 1202 1077 ali-

85 1101 264 1150 quamdiu
283 1101 378 1138 fuit:
410 1109 604 1152 postremo
631 1115 852 1140 concessum
872 1104 1065 1148 Patribus,
1085 1105 1201 1142 modo

82 1176 132 1201 ne
167 1164 228 1201 lex
256 1164 365 1202 Icilia
397 1165 443 1201 de
471 1165 680 1210 Aventino,
711 1166 868 1217 aliaeque
905 1174 1062 1205 sacratae
1098 1168 1202 1217 leges

83 1229 370 1278 abrogarentur.

135 1292 339 1330 XXXIII.
368 1293 484 1329 Anno
512 1294 780 1330 trecentesimo
810 1293 945 1338 altero,
966 1307 1080 1344 quam
1109 1309 1202 1332 con-

83 1356 160 1393 dita
179 1356 307 1393 Roma
332 1362 427 1400 erat,
449 1357 586 1394 iterum
612 1364 782 1394 mutatur
806 1358 929 1395 forma
954 1360 1132 1403 civitatis,
1152 1359 1201 1397 ab

82 1421 302 1458 consulibus
331 1421 379 1458 ad
407 1422 653 1466 decemviros,
677 1424 994 1471 quemadmodum
1023 1424 1070 1460 ab
1100 1424 1200 1473 regi·
1212 1424 1397 1474 Decemviri

81 1485 152 1522 bus
187 1491 274 1522 ante
311 1486 358 1522 ad
391 1486 564 1522 consules
601 1493 769 1530 venerat,
806 1487 993 1524 translato
1028 1476 1319 1538 imperi0.⁰¹e³'t¹'

83 1549 214 1586 BIinus
246 1550 421 1599 insignis,
452 1551 541 1599 quia
572 1564 651 1588 non
684 1551 876 1595 diuturna,
907 1553 1070 1588 mutatio
1099 1553 1200 1590 fuit:

83 1612 173 1650 laeta
191 1614 292 1650 enim
313 1615 499 1664 principia
525 1617 769 1664 magistratus
791 1616 871 1666 ejus
897 1617 1008 1652 nimis
1035 1617 1204 1654 luxuria-
1247 1615 1253 1619 l

84 1689 193 1712 vere:
226 1689 271 1712 eo
295 1678 404 1713 citius
431 1677 536 1728 lapsa
562 1692 620 1715 res
647 1685 717 1722 est,
744 1680 1036 1729 repetitumque,
1056 1680 1204 1716 duobus

87 1741 142 1776 uti
162 1741 403 1777 mandaretur
423 1742 621 1779 consulum
640 1755 780 1779 nomen
799 1744 1083 1793 imperiumque.
1123 1743 1204 1780 De·-

86 1805 239 1840 cemviri
258 1806 374 1841 creati
392 1806 466 1855 Ap.
483 1806 680 1850 Claudius,
697 1807 743 1843 T.
758 1807 966 1849 Genucius,
982 1807 1025 1843 P.
1044 1808 1202 1850 Sestius,

85 1868 132 1904 L.
152 1868 344 1912 Veturius,
376 1870 419 1907 C.
439 1870 578 1913 Julius,
609 1872 657 1907 A.
679 1871 863 1915 Manlius,
895 1871 1204 1921 Ser.»Sulpicius,

86 1931 131 1968 P.
152 1932 360 1976 Cur-atius,
381 1933 427 1970 T.
446 1933 652 1977 Romilius,
675 1935 738 1984 Sp.
755 1935 986 1971 Postumius,
1044 1934 1205 1972 Claudio

85 2002 124 2032 et
144 1995 330 2040 Genucio,
351 1998 439 2046 quia
465 1998 654 2046 designati
677 1999 851 2035 consules
879 2000 920 2035 in
948 2011 1033 2035 eum
1064 2011 1207 2035 annum

85 2059 249 2103 fuerant,
279 2074 349 2110 pro
378 2063 523 2098 honore
552 2062 677 2099 honos
707 2063 901 2099 redditus:
933 2069 972 2099 et
1001 2063 1125 2099 Sestio
1152 2063 1206 2099 al-

87 2123 158 2158 teri
187 2123 383 2161 consulum
412 2127 548 2175 prioris
579 2127 683 2169 anni,
708 2127 811 2175 quod
839 2139 923 2163 eam
951 2139 1031 2163 rem
1060 2126 1208 2175 collega

88 2187 208 2222 invito
233 2188 280 2223 ad
303 2188 434 2226 Patres
455 2189 649 2227 retulerat.
705 2191 778 2228 His
808 2191 973 2240 proximi
1001 2190 1123 2227 habiti
1151 2190 1205 2227 le·
1219 2197 1262 2227 U.
1279 2196 1316 2226 C.
1334 2201 1409 2227 303.

87 2251 168 2300 gati
196 2258 285 2295 σεε,
315 2255 379 2302 qui
406 2255 578 2291 Athenas
608 2255 756 2292 ierant:
793 2255 905 2293 simul
934 2261 976 2290 ut
1003 2266 1073 2304 pro
1101 2254 1204 2304 lega-
1218 2239 1312 2272 A·C'
1330 2245 1406 2272 449'

86 2315 191 2353 tione
223 2320 302 2353 tam
338 2315 547 2368 longinqua
581 2319 740 2369 praemio
772 2324 871 2356 esset
903 2318 1052 2354 honos:
1092 2317 1205 2356 simul
