<?xml version="1.0" encoding="UTF-8"?>
<!DOCTYPE html PUBLIC "-//W3C//DTD XHTML 1.0 Transitional//EN"
    "http://www.w3.org/TR/xhtml1/DTD/xhtml1-transitional.dtd">
<html xmlns="http://www.w3.org/1999/xhtml" xml:lang="en" lang="en">
 <head>
  <title>
</title>
<meta http-equiv="Content-Type" content="text/html;charset=utf-8" />
  <meta name='ocr-system' content='tesseract 3.04.00' />
  <meta name='ocr-capabilities' content='ocr_page ocr_carea ocr_par ocr_line ocrx_word'/>
</head>
<body>
  <div class='ocr_page' id='page_1' title='image "./historiarumquaes01livyuoft/historiarumquaes01livyuoft_0584.png"; bbox 0 0 1573 2598; ppageno 0'>
   <div class='ocr_carea' id='block_1_1' title="bbox 297 106 959 162">
    <p class='ocr_par' dir='ltr' id='par_1_1' title="bbox 297 106 959 162">
     <span class='ocr_line' id='line_1_1' title="bbox 297 106 959 162; baseline 0.003 -14"><span class='ocrx_word' id='word_1_1' title='bbox 297 106 382 162; x_wconf 83' lang='lat'>568</span> <span class='ocrx_word' id='word_1_2' title='bbox 755 118 801 149; x_wconf 72' lang='lat' dir='ltr'>r.</span> <span class='ocrx_word' id='word_1_3' title='bbox 826 118 959 150; x_wconf 73' lang='lat' dir='ltr'>Lrvn</span> 
     </span>
    </p>
   </div>
   <div class='ocr_carea' id='block_1_2' title="bbox 103 208 1424 2252">
    <p class='ocr_par' dir='ltr' id='par_1_2' title="bbox 103 208 1424 2252">
     <span class='ocr_line' id='line_1_2' title="bbox 103 208 1412 260; baseline 0.007 -18"><span class='ocrx_word' id='word_1_4' title='bbox 103 210 148 243; x_wconf 84' lang='lat' dir='ltr'>U.</span> <span class='ocrx_word' id='word_1_5' title='bbox 160 211 197 243; x_wconf 89' lang='lat' dir='ltr'>C.</span> <span class='ocrx_word' id='word_1_6' title='bbox 213 215 423 254; x_wconf 76' lang='lat' dir='ltr'>429.tuu1n‚</span> <span class='ocrx_word' id='word_1_7' title='bbox 443 208 484 246; x_wconf 89' lang='lat' dir='ltr'>in</span> <span class='ocrx_word' id='word_1_8' title='bbox 502 213 732 260; x_wconf 87' lang='lat' dir='ltr'>potestatem</span> <span class='ocrx_word' id='word_1_9' title='bbox 750 209 918 249; x_wconf 88' lang='lat' dir='ltr'>daturos.</span> <span class='ocrx_word' id='word_1_10' title='bbox 955 210 1132 247; x_wconf 85' lang='lat' dir='ltr'>Ceterum</span> <span class='ocrx_word' id='word_1_11' title='bbox 1152 223 1237 248; x_wconf 89' lang='lat' dir='ltr'>cum</span> <span class='ocrx_word' id='word_1_12' title='bbox 1257 211 1412 251; x_wconf 80' lang='lat' dir='ltr'>delectis</span> 
     </span>
     <span class='ocr_line' id='line_1_3' title="bbox 103 254 1413 328; baseline 0.003 -18"><span class='ocrx_word' id='word_1_13' title='bbox 103 254 196 287; x_wconf 69' lang='lat' dir='ltr'><strong>A‘C·</strong></span> <span class='ocrx_word' id='word_1_14' title='bbox 213 262 395 325; x_wconf 75' lang='lat' dir='ltr'>323‘ipse,</span> <span class='ocrx_word' id='word_1_15' title='bbox 425 274 620 324; x_wconf 85' lang='lat' dir='ltr'>egregium</span> <span class='ocrx_word' id='word_1_16' title='bbox 647 272 794 310; x_wconf 84' lang='lat' dir='ltr'>facinus</span> <span class='ocrx_word' id='word_1_17' title='bbox 823 287 950 319; x_wconf 84' lang='lat' dir='ltr'>ausus,</span> <span class='ocrx_word' id='word_1_18' title='bbox 980 287 1048 326; x_wconf 90' lang='lat' dir='ltr'>per</span> <span class='ocrx_word' id='word_1_19' title='bbox 1074 276 1219 312; x_wconf 86' lang='lat' dir='ltr'>medios</span> <span class='ocrx_word' id='word_1_20' title='bbox 1249 278 1413 328; x_wconf 83' lang='lat' dir='ltr'>erumpit</span> 
     </span>
     <span class='ocr_line' id='line_1_4' title="bbox 299 338 1414 389; baseline 0.002 -14"><span class='ocrx_word' id='word_1_21' title='bbox 299 339 445 383; x_wconf 78' lang='lat' dir='ltr'>hostes,</span> <span class='ocrx_word' id='word_1_22' title='bbox 476 344 514 375; x_wconf 88' lang='lat' dir='ltr'>et</span> <span class='ocrx_word' id='word_1_23' title='bbox 541 339 675 375; x_wconf 82' lang='lat' dir='ltr'>ducem</span> <span class='ocrx_word' id='word_1_24' title='bbox 696 338 942 376; x_wconf 87' lang='lat' dir='ltr'>Lucanorum</span> <span class='ocrx_word' id='word_1_25' title='bbox 969 340 1140 376; x_wconf 85' lang='lat' dir='ltr'>cominus</span> <span class='ocrx_word' id='word_1_26' title='bbox 1167 353 1414 389; x_wconf 85' lang='lat' dir='ltr'>congressum</span> 
     </span>
     <span class='ocr_line' id='line_1_5' title="bbox 299 392 1413 455; baseline 0.002 -15"><span class='ocrx_word' id='word_1_27' title='bbox 299 392 532 440; x_wconf 84' lang='lat' dir='ltr'>obtruncat:</span> <span class='ocrx_word' id='word_1_28' title='bbox 574 403 880 453; x_wconf 84' lang='lat' dir='ltr'>contrahensque</span> <span class='ocrx_word' id='word_1_29' title='bbox 916 416 1003 441; x_wconf 86' lang='lat' dir='ltr'>suos</span> <span class='ocrx_word' id='word_1_30' title='bbox 1042 417 1089 441; x_wconf 88' lang='lat' dir='ltr'>ex</span> <span class='ocrx_word' id='word_1_31' title='bbox 1125 404 1218 454; x_wconf 89' lang='lat' dir='ltr'>fuga</span> <span class='ocrx_word' id='word_1_32' title='bbox 1247 404 1413 455; x_wconf 79' lang='lat' dir='ltr'>palatOS‚</span> 
     </span>
     <span class='ocr_line' id='line_1_6' title="bbox 298 468 1415 520; baseline 0 -14"><span class='ocrx_word' id='word_1_33' title='bbox 298 468 472 520; x_wconf 79' lang='lat' dir='ltr'>pervenit</span> <span class='ocrx_word' id='word_1_34' title='bbox 496 468 543 505; x_wconf 85' lang='lat' dir='ltr'>ad</span> <span class='ocrx_word' id='word_1_35' title='bbox 569 480 734 512; x_wconf 85' lang='lat' dir='ltr'>amnem,</span> <span class='ocrx_word' id='word_1_36' title='bbox 759 469 878 505; x_wconf 85' lang='lat' dir='ltr'>ruinis</span> <span class='ocrx_word' id='word_1_37' title='bbox 901 469 1118 506; x_wconf 86' lang='lat' dir='ltr'><strong>recentibus</strong></span> <span class='ocrx_word' id='word_1_38' title='bbox 1137 470 1281 519; x_wconf 87' lang='lat' dir='ltr'>pontis,</span> <span class='ocrx_word' id='word_1_39' title='bbox 1303 483 1415 520; x_wconf 87' lang='lat' dir='ltr'>quem</span> 
     </span>
     <span class='ocr_line' id='line_1_7' title="bbox 298 531 1416 584; baseline 0 -14"><span class='ocrx_word' id='word_1_40' title='bbox 298 533 355 570; x_wconf 76' lang='lat' dir='ltr'>vis</span> <span class='ocrx_word' id='word_1_41' title='bbox 383 545 490 582; x_wconf 81' lang='lat' dir='ltr'>aquoe</span> <span class='ocrx_word' id='word_1_42' title='bbox 517 531 739 575; x_wconf 81' lang='lat' dir='ltr'>abstulerat,</span> <span class='ocrx_word' id='word_1_43' title='bbox 768 533 1000 570; x_wconf 79' lang='lat' dir='ltr'>indicantem</span> <span class='ocrx_word' id='word_1_44' title='bbox 1028 534 1128 571; x_wconf 86' lang='lat' dir='ltr'>iter:</span> <span class='ocrx_word' id='word_1_45' title='bbox 1161 546 1271 584; x_wconf 87' lang='lat' dir='ltr'>quem</span> <span class='ocrx_word' id='word_1_46' title='bbox 1299 547 1416 583; x_wconf 90' lang='lat' dir='ltr'>quum</span> 
     </span>
     <span class='ocr_line' id='line_1_8' title="bbox 299 584 1417 646; baseline -0.001 -12"><span class='ocrx_word' id='word_1_47' title='bbox 299 596 448 634; x_wconf 83' lang='lat' dir='ltr'>incerto</span> <span class='ocrx_word' id='word_1_48' title='bbox 465 596 563 633; x_wconf 82' lang='lat' dir='ltr'>vado</span> <span class='ocrx_word' id='word_1_49' title='bbox 581 597 762 633; x_wconf 74' lang='lat' dir='ltr'>transiret</span> <span class='ocrx_word' id='word_1_50' title='bbox 781 584 932 646; x_wconf 75' lang='lat' dir='ltr'>agmen,</span> <span class='ocrx_word' id='word_1_51' title='bbox 953 597 1075 634; x_wconf 88' lang='lat' dir='ltr'>fessus</span> <span class='ocrx_word' id='word_1_52' title='bbox 1098 603 1202 634; x_wconf 88' lang='lat' dir='ltr'>metu</span> <span class='ocrx_word' id='word_1_53' title='bbox 1222 610 1266 634; x_wconf 88' lang='lat' dir='ltr'>ac</span> <span class='ocrx_word' id='word_1_54' title='bbox 1285 596 1417 634; x_wconf 88' lang='lat' dir='ltr'>labore</span> 
     </span>
     <span class='ocr_line' id='line_1_9' title="bbox 298 660 1419 712; baseline 0 -13"><span class='ocrx_word' id='word_1_55' title='bbox 298 660 422 706; x_wconf 84' lang='lat' dir='ltr'>miles,</span> <span class='ocrx_word' id='word_1_56' title='bbox 438 662 638 712; x_wconf 86' lang='lat' dir='ltr'>increpans</span> <span class='ocrx_word' id='word_1_57' title='bbox 657 674 797 698; x_wconf 89' lang='lat' dir='ltr'>nomen</span> <span class='ocrx_word' id='word_1_58' title='bbox 817 661 1114 699; x_wconf 86' lang='lat' dir='ltr'>abominandum</span> <span class='ocrx_word' id='word_1_59' title='bbox 1129 662 1308 705; x_wconf 87' lang='lat' dir='ltr'>fluminis,</span> <span class='ocrx_word' id='word_1_60' title='bbox 1326 662 1419 700; x_wconf 80' lang='lat' dir='ltr'>Jure</span> 
     </span>
     <span class='ocr_line' id='line_1_10' title="bbox 298 726 1417 776; baseline 0 -13"><span class='ocrx_word' id='word_1_61' title='bbox 298 726 459 764; x_wconf 75' lang='lat' dir='ltr'><em>Acheros</em></span> <span class='ocrx_word' id='word_1_62' title='bbox 481 728 633 770; x_wconf 75' lang='lat' dir='ltr'>vocaris,</span> <span class='ocrx_word' id='word_1_63' title='bbox 659 727 806 776; x_wconf 90' lang='lat' dir='ltr'>inquit:</span> <span class='ocrx_word' id='word_1_64' title='bbox 838 726 940 776; x_wconf 86' lang='lat' dir='ltr'>quod</span> <span class='ocrx_word' id='word_1_65' title='bbox 970 726 1033 762; x_wconf 88' lang='lat' dir='ltr'>ubi</span> <span class='ocrx_word' id='word_1_66' title='bbox 1065 727 1113 764; x_wconf 87' lang='lat' dir='ltr'>ad</span> <span class='ocrx_word' id='word_1_67' title='bbox 1141 738 1248 762; x_wconf 84' lang='lat' dir='ltr'>aures</span> <span class='ocrx_word' id='word_1_68' title='bbox 1278 727 1417 763; x_wconf 78' lang='lat' dir='ltr'>accidit</span> 
     </span>
     <span class='ocr_line' id='line_1_11' title="bbox 299 789 1414 841; baseline 0 -14"><span class='ocrx_word' id='word_1_69' title='bbox 299 790 400 839; x_wconf 85' lang='lat' dir='ltr'>regis</span> <span class='ocrx_word' id='word_1_70' title='bbox 413 807 425 837; x_wconf 80' lang='lat'>3</span> <span class='ocrx_word' id='word_1_71' title='bbox 457 789 597 840; x_wconf 84' lang='lat' dir='ltr'>adjecit</span> <span class='ocrx_word' id='word_1_72' title='bbox 619 791 811 841; x_wconf 84' lang='lat' dir='ltr'>extemplo</span> <span class='ocrx_word' id='word_1_73' title='bbox 838 791 1008 827; x_wconf 86' lang='lat' dir='ltr'>animum</span> <span class='ocrx_word' id='word_1_74' title='bbox 1027 790 1116 827; x_wconf 89' lang='lat' dir='ltr'>fatis</span> <span class='ocrx_word' id='word_1_75' title='bbox 1136 791 1212 826; x_wconf 88' lang='lat' dir='ltr'>suis</span> <span class='ocrx_word' id='word_1_76' title='bbox 1230 806 1240 835; x_wconf 84' lang='lat'>3</span> <span class='ocrx_word' id='word_1_77' title='bbox 1274 791 1414 827; x_wconf 89' lang='lat' dir='ltr'>substi-</span> 
     </span>
     <span class='ocr_line' id='line_1_12' title="bbox 299 853 1419 903; baseline 0 -13"><span class='ocrx_word' id='word_1_78' title='bbox 299 853 423 903; x_wconf 82' lang='lat' dir='ltr'>titque</span> <span class='ocrx_word' id='word_1_79' title='bbox 441 853 593 898; x_wconf 84' lang='lat' dir='ltr'>dubius,</span> <span class='ocrx_word' id='word_1_80' title='bbox 623 867 672 891; x_wconf 88' lang='lat' dir='ltr'>an</span> <span class='ocrx_word' id='word_1_81' title='bbox 698 854 890 890; x_wconf 78' lang='lat' dir='ltr'>transiret.</span> <span class='ocrx_word' id='word_1_82' title='bbox 937 853 972 889; x_wconf 87' lang='lat' dir='ltr'>T</span> <span class='ocrx_word' id='word_1_83' title='bbox 977 866 1038 889; x_wconf 90' lang='lat' dir='ltr'>um</span> <span class='ocrx_word' id='word_1_84' title='bbox 1058 853 1226 889; x_wconf 84' lang='lat' dir='ltr'>Sotimus</span> <span class='ocrx_word' id='word_1_85' title='bbox 1246 854 1419 890; x_wconf 82' lang='lat' dir='ltr'><strong>minister</strong></span> 
     </span>
     <span class='ocr_line' id='line_1_13' title="bbox 300 916 1421 969; baseline 0 -15"><span class='ocrx_word' id='word_1_86' title='bbox 300 929 349 954; x_wconf 83' lang='lat' dir='ltr'>ex</span> <span class='ocrx_word' id='word_1_87' title='bbox 380 916 494 967; x_wconf 87' lang='lat' dir='ltr'>regiis</span> <span class='ocrx_word' id='word_1_88' title='bbox 527 918 669 969; x_wconf 87' lang='lat' dir='ltr'>pueris,</span> <span class='ocrx_word' id='word_1_89' title='bbox 704 919 793 967; x_wconf 76' lang='lat' dir='ltr'>quid</span> <span class='ocrx_word' id='word_1_90' title='bbox 824 919 863 954; x_wconf 76' lang='lat' dir='ltr'>in</span> <span class='ocrx_word' id='word_1_91' title='bbox 895 922 998 954; x_wconf 76' lang='lat' dir='ltr'>tanto</span> <span class='ocrx_word' id='word_1_92' title='bbox 1031 918 1235 954; x_wconf 72' lang='lat' dir='ltr'><strong><em>discrimine</em></strong></span> <span class='ocrx_word' id='word_1_93' title='bbox 1265 919 1421 966; x_wconf 75' lang='lat' dir='ltr'>periculi</span> 
     </span>
     <span class='ocr_line' id='line_1_14' title="bbox 298 980 1417 1031; baseline -0.001 -13"><span class='ocrx_word' id='word_1_94' title='bbox 298 986 532 1019; x_wconf 76' lang='lat' dir='ltr'>cunctaretur</span> <span class='ocrx_word' id='word_1_95' title='bbox 566 981 824 1031; x_wconf 84' lang='lat' dir='ltr'>interrogans,</span> <span class='ocrx_word' id='word_1_96' title='bbox 861 981 1019 1025; x_wconf 87' lang='lat' dir='ltr'>indicat,</span> <span class='ocrx_word' id='word_1_97' title='bbox 1056 980 1235 1018; x_wconf 82' lang='lat' dir='ltr'>Lucanos</span> <span class='ocrx_word' id='word_1_98' title='bbox 1270 981 1417 1018; x_wconf 79' lang='lat' dir='ltr'>insidiis</span> 
     </span>
     <span class='ocr_line' id='line_1_15' title="bbox 300 1045 1418 1096; baseline -0.001 -14"><span class='ocrx_word' id='word_1_99' title='bbox 300 1058 468 1096; x_wconf 77' lang='lat' dir='ltr'>quaerere</span> <span class='ocrx_word' id='word_1_100' title='bbox 487 1045 626 1083; x_wconf 90' lang='lat' dir='ltr'>locum.</span> <span class='ocrx_word' id='word_1_101' title='bbox 667 1046 775 1085; x_wconf 88' lang='lat' dir='ltr'>Quos</span> <span class='ocrx_word' id='word_1_102' title='bbox 795 1045 861 1082; x_wconf 82' lang='lat' dir='ltr'>nbi</span> <span class='ocrx_word' id='word_1_103' title='bbox 881 1045 1048 1096; x_wconf 85' lang='lat' dir='ltr'>respexit</span> <span class='ocrx_word' id='word_1_104' title='bbox 1066 1056 1132 1082; x_wconf 88' lang='lat' dir='ltr'>rex</span> <span class='ocrx_word' id='word_1_105' title='bbox 1151 1045 1284 1095; x_wconf 89' lang='lat' dir='ltr'>procul</span> <span class='ocrx_word' id='word_1_106' title='bbox 1302 1057 1418 1095; x_wconf 75' lang='lat' dir='ltr'>grege</span> 
     </span>
     <span class='ocr_line' id='line_1_16' title="bbox 299 1109 1418 1160; baseline -0.001 -13"><span class='ocrx_word' id='word_1_107' title='bbox 299 1109 406 1147; x_wconf 78' lang='lat' dir='ltr'>facto</span> <span class='ocrx_word' id='word_1_108' title='bbox 424 1111 648 1155; x_wconf 37' lang='lat' dir='ltr'>*venientem</span> <span class='ocrx_word' id='word_1_109' title='bbox 682 1110 839 1159; x_wconf 84' lang='lat' dir='ltr'>stringit</span> <span class='ocrx_word' id='word_1_110' title='bbox 871 1109 1053 1159; x_wconf 88' lang='lat' dir='ltr'>gladium,</span> <span class='ocrx_word' id='word_1_111' title='bbox 1093 1116 1130 1146; x_wconf 90' lang='lat' dir='ltr'>et</span> <span class='ocrx_word' id='word_1_112' title='bbox 1159 1121 1227 1160; x_wconf 89' lang='lat' dir='ltr'>per</span> <span class='ocrx_word' id='word_1_113' title='bbox 1253 1110 1418 1146; x_wconf 86' lang='lat' dir='ltr'>medium</span> 
     </span>
     <span class='ocr_line' id='line_1_17' title="bbox 301 1174 1417 1224; baseline 0 -13"><span class='ocrx_word' id='word_1_114' title='bbox 301 1187 452 1211; x_wconf 83' lang='lat' dir='ltr'>amnem</span> <span class='ocrx_word' id='word_1_115' title='bbox 480 1175 708 1212; x_wconf 80' lang='lat' dir='ltr'>transmittit</span> <span class='ocrx_word' id='word_1_116' title='bbox 738 1187 889 1224; x_wconf 86' lang='lat' dir='ltr'>equum.</span> <span class='ocrx_word' id='word_1_117' title='bbox 944 1174 1107 1223; x_wconf 87' lang='lat' dir='ltr'>Jamque</span> <span class='ocrx_word' id='word_1_118' title='bbox 1133 1174 1171 1210; x_wconf 88' lang='lat' dir='ltr'>in</span> <span class='ocrx_word' id='word_1_119' title='bbox 1201 1174 1338 1210; x_wconf 54' lang='lat' dir='ltr'>wadum</span> <span class='ocrx_word' id='word_1_120' title='bbox 1377 1186 1417 1211; x_wconf 88' lang='lat' dir='ltr'>e-</span> 
     </span>
     <span class='ocr_line' id='line_1_18' title="bbox 301 1238 1414 1289; baseline -0.001 -14"><span class='ocrx_word' id='word_1_121' title='bbox 301 1251 472 1289; x_wconf 86' lang='lat' dir='ltr'>gressum</span> <span class='ocrx_word' id='word_1_122' title='bbox 503 1239 649 1276; x_wconf 88' lang='lat' dir='ltr'>eminus</span> <span class='ocrx_word' id='word_1_123' title='bbox 682 1245 818 1276; x_wconf 81' lang='lat' dir='ltr'>veruto</span> <span class='ocrx_word' id='word_1_124' title='bbox 846 1238 1026 1277; x_wconf 84' lang='lat' dir='ltr'>Lucanus</span> <span class='ocrx_word' id='word_1_125' title='bbox 1060 1238 1166 1276; x_wconf 85' lang='lat' dir='ltr'>exsul</span> <span class='ocrx_word' id='word_1_126' title='bbox 1197 1238 1414 1288; x_wconf 84' lang='lat' dir='ltr'>transfigit:</span> 
     </span>
     <span class='ocr_line' id='line_1_19' title="bbox 299 1302 1418 1354; baseline 0 -14"><span class='ocrx_word' id='word_1_127' title='bbox 299 1303 448 1354; x_wconf 83' lang='lat' dir='ltr'>lapsum</span> <span class='ocrx_word' id='word_1_128' title='bbox 469 1302 556 1340; x_wconf 89' lang='lat' dir='ltr'>inde</span> <span class='ocrx_word' id='word_1_129' title='bbox 576 1317 662 1340; x_wconf 85' lang='lat' dir='ltr'>cum</span> <span class='ocrx_word' id='word_1_130' title='bbox 681 1304 889 1340; x_wconf 86' lang='lat' dir='ltr'>inhaerente</span> <span class='ocrx_word' id='word_1_131' title='bbox 909 1303 987 1340; x_wconf 92' lang='lat' dir='ltr'>telo</span> <span class='ocrx_word' id='word_1_132' title='bbox 1006 1316 1143 1354; x_wconf 87' lang='lat' dir='ltr'>corpus</span> <span class='ocrx_word' id='word_1_133' title='bbox 1163 1304 1337 1340; x_wconf 84' lang='lat' dir='ltr'>exanime</span> <span class='ocrx_word' id='word_1_134' title='bbox 1352 1303 1418 1340; x_wconf 84' lang='lat' dir='ltr'>de-</span> 
     </span>
     <span class='ocr_line' id='line_1_20' title="bbox 301 1366 1419 1418; baseline 0 -15"><span class='ocrx_word' id='word_1_135' title='bbox 301 1367 390 1404; x_wconf 84' lang='lat' dir='ltr'>tulit</span> <span class='ocrx_word' id='word_1_136' title='bbox 410 1369 531 1404; x_wconf 85' lang='lat' dir='ltr'>amnis</span> <span class='ocrx_word' id='word_1_137' title='bbox 554 1369 591 1404; x_wconf 88' lang='lat' dir='ltr'>in</span> <span class='ocrx_word' id='word_1_138' title='bbox 611 1369 780 1404; x_wconf 83' lang='lat' dir='ltr'>hostium</span> <span class='ocrx_word' id='word_1_139' title='bbox 801 1368 987 1418; x_wconf 76' lang='lat' dir='ltr'>praesidia.</span> <span class='ocrx_word' id='word_1_140' title='bbox 1036 1367 1097 1404; x_wconf 85' lang='lat' dir='ltr'>Ibi</span> <span class='ocrx_word' id='word_1_141' title='bbox 1116 1367 1220 1404; x_wconf 85' lang='lat' dir='ltr'>foeda</span> <span class='ocrx_word' id='word_1_142' title='bbox 1237 1366 1419 1403; x_wconf 87' lang='lat' dir='ltr'>lacerati0</span> 
     </span>
     <span class='ocr_line' id='line_1_21' title="bbox 302 1431 1417 1482; baseline 0 -14"><span class='ocrx_word' id='word_1_143' title='bbox 302 1432 472 1481; x_wconf 89' lang='lat' dir='ltr'>corporis</span> <span class='ocrx_word' id='word_1_144' title='bbox 510 1431 637 1468; x_wconf 85' lang='lat' dir='ltr'>facta:</span> <span class='ocrx_word' id='word_1_145' title='bbox 683 1444 862 1481; x_wconf 82' lang='lat' dir='ltr'>namque,</span> <span class='ocrx_word' id='word_1_146' title='bbox 898 1431 1058 1481; x_wconf 79' lang='lat' dir='ltr'>praeciso</span> <span class='ocrx_word' id='word_1_147' title='bbox 1093 1432 1234 1475; x_wconf 83' lang='lat' dir='ltr'>medio,</span> <span class='ocrx_word' id='word_1_148' title='bbox 1272 1437 1417 1482; x_wconf 86' lang='lat' dir='ltr'>partem</span> 
     </span>
     <span class='ocr_line' id='line_1_22' title="bbox 303 1495 1418 1546; baseline -0.001 -14"><span class='ocrx_word' id='word_1_149' title='bbox 303 1495 551 1532; x_wconf 78' lang='lat' dir='ltr'>Consentiam</span> <span class='ocrx_word' id='word_1_150' title='bbox 580 1496 742 1532; x_wconf 80' lang='lat' dir='ltr'>misere:</span> <span class='ocrx_word' id='word_1_151' title='bbox 774 1508 860 1546; x_wconf 88' lang='lat' dir='ltr'>pars</span> <span class='ocrx_word' id='word_1_152' title='bbox 889 1496 980 1546; x_wconf 79' lang='lat' dir='ltr'>ipsis</span> <span class='ocrx_word' id='word_1_153' title='bbox 1009 1502 1158 1533; x_wconf 86' lang='lat' dir='ltr'>retenta</span> <span class='ocrx_word' id='word_1_154' title='bbox 1186 1495 1233 1539; x_wconf 79' lang='lat' dir='ltr'>ad</span> <span class='ocrx_word' id='word_1_155' title='bbox 1259 1495 1418 1532; x_wconf 84' lang='lat' dir='ltr'>ludibri-</span> 
     </span>
     <span class='ocr_line' id='line_1_23' title="bbox 302 1559 1419 1610; baseline -0.001 -13"><span class='ocrx_word' id='word_1_156' title='bbox 302 1568 393 1597; x_wconf 78' lang='lat' dir='ltr'>um:</span> <span class='ocrx_word' id='word_1_157' title='bbox 427 1573 510 1609; x_wconf 83' lang='lat' dir='ltr'>quae</span> <span class='ocrx_word' id='word_1_158' title='bbox 539 1572 654 1609; x_wconf 85' lang='lat' dir='ltr'>quum</span> <span class='ocrx_word' id='word_1_159' title='bbox 677 1559 817 1610; x_wconf 84' lang='lat' dir='ltr'>jaculis</span> <span class='ocrx_word' id='word_1_160' title='bbox 846 1560 1021 1609; x_wconf 78' lang='lat' dir='ltr'>saxisque</span> <span class='ocrx_word' id='word_1_161' title='bbox 1051 1559 1185 1610; x_wconf 87' lang='lat' dir='ltr'>procul</span> <span class='ocrx_word' id='word_1_162' title='bbox 1212 1560 1419 1596; x_wconf 86' lang='lat' dir='ltr'>incessere-</span> 
     </span>
     <span class='ocr_line' id='line_1_24' title="bbox 303 1624 1420 1668; baseline -0.001 -7"><span class='ocrx_word' id='word_1_163' title='bbox 303 1632 378 1667; x_wconf 83' lang='lat' dir='ltr'>tur,</span> <span class='ocrx_word' id='word_1_164' title='bbox 400 1624 536 1661; x_wconf 86' lang='lat' dir='ltr'>mulier</span> <span class='ocrx_word' id='word_1_165' title='bbox 555 1637 645 1668; x_wconf 87' lang='lat' dir='ltr'>una,</span> <span class='ocrx_word' id='word_1_166' title='bbox 667 1624 767 1661; x_wconf 90' lang='lat' dir='ltr'>ultra</span> <span class='ocrx_word' id='word_1_167' title='bbox 788 1625 1042 1661; x_wconf 81' lang='lat' dir='ltr'>humanarum</span> <span class='ocrx_word' id='word_1_168' title='bbox 1060 1625 1201 1661; x_wconf 88' lang='lat' dir='ltr'>irarum</span> <span class='ocrx_word' id='word_1_169' title='bbox 1220 1624 1331 1661; x_wconf 86' lang='lat' dir='ltr'>fidem</span> <span class='ocrx_word' id='word_1_170' title='bbox 1350 1636 1420 1660; x_wconf 83' lang='lat' dir='ltr'>sae-</span> 
     </span>
     <span class='ocr_line' id='line_1_25' title="bbox 303 1688 1420 1740; baseline -0.001 -15"><span class='ocrx_word' id='word_1_171' title='bbox 303 1690 422 1725; x_wconf 84' lang='lat' dir='ltr'>vienti</span> <span class='ocrx_word' id='word_1_172' title='bbox 450 1689 572 1725; x_wconf 76' lang='lat' dir='ltr'>turbae</span> <span class='ocrx_word' id='word_1_173' title='bbox 597 1689 774 1733; x_wconf 71' lang='lat' dir='ltr'>inmixta,</span> <span class='ocrx_word' id='word_1_174' title='bbox 797 1695 838 1725; x_wconf 91' lang='lat' dir='ltr'>ut</span> <span class='ocrx_word' id='word_1_175' title='bbox 861 1701 1066 1740; x_wconf 81' lang='lat' dir='ltr'>parumper</span> <span class='ocrx_word' id='word_1_176' title='bbox 1084 1688 1316 1725; x_wconf 85' lang='lat' dir='ltr'>sustinerent</span> <span class='ocrx_word' id='word_1_177' title='bbox 1334 1700 1420 1739; x_wconf 85' lang='lat' dir='ltr'>pre-</span> 
     </span>
     <span class='ocr_line' id='line_1_26' title="bbox 305 1753 1420 1804; baseline 0.001 -15"><span class='ocrx_word' id='word_1_178' title='bbox 305 1760 404 1797; x_wconf 86' lang='lat' dir='ltr'>cata,</span> <span class='ocrx_word' id='word_1_179' title='bbox 425 1754 519 1791; x_wconf 86' lang='lat' dir='ltr'>flens</span> <span class='ocrx_word' id='word_1_180' title='bbox 546 1755 613 1797; x_wconf 85' lang='lat' dir='ltr'>ait,</span> <span class='ocrx_word' id='word_1_181' title='bbox 640 1756 757 1791; x_wconf 77' lang='lat' dir='ltr'>virum</span> <span class='ocrx_word' id='word_1_182' title='bbox 776 1755 842 1791; x_wconf 72' lang='lat' dir='ltr'>sibi</span> <span class='ocrx_word' id='word_1_183' title='bbox 861 1755 1056 1804; x_wconf 78' lang='lat' dir='ltr'>liberosque</span> <span class='ocrx_word' id='word_1_184' title='bbox 1075 1758 1197 1803; x_wconf 81' lang='lat' dir='ltr'>captos</span> <span class='ocrx_word' id='word_1_185' title='bbox 1215 1754 1316 1802; x_wconf 80' lang='lat' dir='ltr'>apud</span> <span class='ocrx_word' id='word_1_186' title='bbox 1340 1753 1420 1790; x_wconf 80' lang='lat' dir='ltr'>hos·</span> 
     </span>
     <span class='ocr_line' id='line_1_27' title="bbox 307 1819 1424 1868; baseline -0.001 -13"><span class='ocrx_word' id='word_1_187' title='bbox 307 1823 358 1855; x_wconf 78' lang='lat' dir='ltr'>tes</span> <span class='ocrx_word' id='word_1_188' title='bbox 376 1830 474 1855; x_wconf 82' lang='lat' dir='ltr'>esse:</span> <span class='ocrx_word' id='word_1_189' title='bbox 501 1831 659 1868; x_wconf 78' lang='lat' dir='ltr'>sperare,</span> <span class='ocrx_word' id='word_1_190' title='bbox 691 1829 837 1867; x_wconf 86' lang='lat' dir='ltr'>corpore</span> <span class='ocrx_word' id='word_1_191' title='bbox 864 1821 963 1867; x_wconf 80' lang='lat' dir='ltr'>regio</span> <span class='ocrx_word' id='word_1_192' title='bbox 988 1824 1180 1867; x_wconf 77' lang='lat' dir='ltr'>utcumque</span> <span class='ocrx_word' id='word_1_193' title='bbox 1203 1819 1364 1855; x_wconf 80' lang='lat' dir='ltr'>mulcato</span> <span class='ocrx_word' id='word_1_194' title='bbox 1386 1829 1424 1854; x_wconf 83' lang='lat' dir='ltr'>se</span> 
     </span>
     <span class='ocr_line' id='line_1_28' title="bbox 304 1881 1423 1933; baseline -0.001 -14"><span class='ocrx_word' id='word_1_195' title='bbox 304 1895 385 1920; x_wconf 82' lang='lat' dir='ltr'>suos</span> <span class='ocrx_word' id='word_1_196' title='bbox 411 1885 666 1920; x_wconf 75' lang='lat' dir='ltr'>redemturam.</span> <span class='ocrx_word' id='word_1_197' title='bbox 724 1884 762 1920; x_wconf 84' lang='lat' dir='ltr'>Is</span> <span class='ocrx_word' id='word_1_198' title='bbox 792 1884 876 1920; x_wconf 90' lang='lat' dir='ltr'>finis</span> <span class='ocrx_word' id='word_1_199' title='bbox 906 1883 1128 1921; x_wconf 85' lang='lat' dir='ltr'>lacerationi</span> <span class='ocrx_word' id='word_1_200' title='bbox 1157 1883 1256 1920; x_wconf 83' lang='lat' dir='ltr'>fuit:</span> <span class='ocrx_word' id='word_1_201' title='bbox 1297 1881 1423 1933; x_wconf 86' lang='lat' dir='ltr'>sepul·</span> 
     </span>
     <span class='ocr_line' id='line_1_29' title="bbox 304 1947 1419 1998; baseline -0.002 -14"><span class='ocrx_word' id='word_1_202' title='bbox 304 1954 461 1997; x_wconf 85' lang='lat' dir='ltr'>tumque</span> <span class='ocrx_word' id='word_1_203' title='bbox 483 1949 716 1993; x_wconf 79' lang='lat' dir='ltr'>Consentiae,</span> <span class='ocrx_word' id='word_1_204' title='bbox 731 1949 832 1998; x_wconf 87' lang='lat' dir='ltr'>quod</span> <span class='ocrx_word' id='word_1_205' title='bbox 851 1949 1109 1985; x_wconf 84' lang='lat' dir='ltr'>membrorum</span> <span class='ocrx_word' id='word_1_206' title='bbox 1127 1948 1313 1998; x_wconf 85' lang='lat' dir='ltr'>reliquum</span> <span class='ocrx_word' id='word_1_207' title='bbox 1332 1947 1419 1990; x_wconf 86' lang='lat' dir='ltr'>fuit,</span> 
     </span>
     <span class='ocr_line' id='line_1_30' title="bbox 306 2011 1420 2062; baseline -0.001 -15"><span class='ocrx_word' id='word_1_208' title='bbox 306 2024 396 2048; x_wconf 83' lang='lat' dir='ltr'>cura</span> <span class='ocrx_word' id='word_1_209' title='bbox 424 2011 590 2048; x_wconf 82' lang='lat' dir='ltr'>mulieris</span> <span class='ocrx_word' id='word_1_210' title='bbox 620 2013 756 2049; x_wconf 85' lang='lat' dir='ltr'>unius:</span> <span class='ocrx_word' id='word_1_211' title='bbox 789 2025 949 2062; x_wconf 85' lang='lat' dir='ltr'>ossaque</span> <span class='ocrx_word' id='word_1_212' title='bbox 974 2012 1245 2062; x_wconf 82' lang='lat' dir='ltr'>Metapontum</span> <span class='ocrx_word' id='word_1_213' title='bbox 1265 2011 1311 2047; x_wconf 85' lang='lat' dir='ltr'>ad</span> <span class='ocrx_word' id='word_1_214' title='bbox 1329 2011 1420 2046; x_wconf 82' lang='lat' dir='ltr'>hos-</span> 
     </span>
     <span class='ocr_line' id='line_1_31' title="bbox 306 2074 1420 2126; baseline -0.002 -14"><span class='ocrx_word' id='word_1_215' title='bbox 306 2081 373 2117; x_wconf 10' lang='lat' dir='ltr'>tes?</span> <span class='ocrx_word' id='word_1_216' title='bbox 392 2077 573 2122; x_wconf 70' lang='lat' dir='ltr'>remiss-&lt;13</span> <span class='ocrx_word' id='word_1_217' title='bbox 611 2076 698 2112; x_wconf 88' lang='lat' dir='ltr'>inde</span> <span class='ocrx_word' id='word_1_218' title='bbox 726 2076 887 2126; x_wconf 85' lang='lat' dir='ltr'>Epirum</span> <span class='ocrx_word' id='word_1_219' title='bbox 916 2076 1072 2112; x_wconf 84' lang='lat' dir='ltr'>devecta</span> <span class='ocrx_word' id='word_1_220' title='bbox 1100 2075 1147 2111; x_wconf 84' lang='lat' dir='ltr'>ad</span> <span class='ocrx_word' id='word_1_221' title='bbox 1176 2074 1420 2125; x_wconf 81' lang='lat' dir='ltr'>Cleopatram</span> 
     </span>
     <span class='ocr_line' id='line_1_32' title="bbox 306 2139 1421 2190; baseline -0.002 -15"><span class='ocrx_word' id='word_1_222' title='bbox 306 2152 465 2177; x_wconf 83' lang='lat' dir='ltr'>uxorem</span> <span class='ocrx_word' id='word_1_223' title='bbox 495 2151 739 2190; x_wconf 84' lang='lat' dir='ltr'>sororemque</span> <span class='ocrx_word' id='word_1_224' title='bbox 772 2139 1064 2190; x_wconf 84' lang='lat' dir='ltr'>Olympiadem:</span> <span class='ocrx_word' id='word_1_225' title='bbox 1107 2150 1266 2187; x_wconf 83' lang='lat' dir='ltr'>quarum</span> <span class='ocrx_word' id='word_1_226' title='bbox 1298 2146 1421 2174; x_wconf 84' lang='lat' dir='ltr'>mater</span> 
     </span>
     <span class='ocr_line' id='line_1_33' title="bbox 305 2201 1418 2252; baseline -0.002 -13"><span class='ocrx_word' id='word_1_227' title='bbox 305 2203 442 2252; x_wconf 83' lang='lat' dir='ltr'>Magni</span> <span class='ocrx_word' id='word_1_228' title='bbox 462 2203 669 2240; x_wconf 79' lang='lat' dir='ltr'>Alexandri</span> <span class='ocrx_word' id='word_1_229' title='bbox 690 2204 821 2246; x_wconf 82' lang='lat' dir='ltr'>altera,</span> <span class='ocrx_word' id='word_1_230' title='bbox 843 2216 952 2240; x_wconf 83' lang='lat' dir='ltr'>soror</span> <span class='ocrx_word' id='word_1_231' title='bbox 971 2203 1089 2239; x_wconf 73' lang='lat' dir='ltr'>altera</span> <span class='ocrx_word' id='word_1_232' title='bbox 1107 2203 1191 2239; x_wconf 80' lang='lat' dir='ltr'>fuit.</span> <span class='ocrx_word' id='word_1_233' title='bbox 1248 2201 1344 2238; x_wconf 80' lang='lat' dir='ltr'>Haec</span> <span class='ocrx_word' id='word_1_234' title='bbox 1373 2201 1418 2238; x_wconf 92' lang='lat' dir='ltr'>de</span> 
     </span>
    </p>
   </div>
   <div class='ocr_carea' id='block_1_3' title="bbox 306 2265 1420 2321">
    <p class='ocr_par' dir='ltr' id='par_1_3' title="bbox 306 2265 1420 2321">
     <span class='ocr_line' id='line_1_34' title="bbox 306 2265 1420 2321; baseline -0.002 -16"><span class='ocrx_word' id='word_1_235' title='bbox 306 2267 514 2305; x_wconf 79' lang='lat' dir='ltr'>Alexandri</span> <span class='ocrx_word' id='word_1_236' title='bbox 542 2268 739 2321; x_wconf 83' lang='lat' dir='ltr'>Epirensis</span> <span class='ocrx_word' id='word_1_237' title='bbox 767 2269 869 2307; x_wconf 83' lang='lat' dir='ltr'>tristi</span> <span class='ocrx_word' id='word_1_238' title='bbox 898 2274 1050 2314; x_wconf 86' lang='lat' dir='ltr'>eventu,</span> <span class='ocrx_word' id='word_1_239' title='bbox 1080 2279 1308 2318; x_wconf 79' lang='lat' dir='ltr'>quamquam</span> <span class='ocrx_word' id='word_1_240' title='bbox 1336 2265 1420 2303; x_wconf 82' lang='lat' dir='ltr'>Ro-</span> 
     </span>
    </p>
   </div>
   <div class='ocr_carea' id='block_1_4' title="bbox 1515 0 1573 1952">
    <p class='ocr_par' dir='ltr' id='par_1_4' title="bbox 1515 0 1573 1952">
     <span class='ocr_line' id='line_1_35' title="bbox 1515 0 1573 1952; baseline 0 0"><span class='ocrx_word' id='word_1_241' title='bbox 1515 0 1573 1952; x_wconf 95' lang='lat' dir='ltr'> </span> 
     </span>
    </p>
   </div>
  </div>
 </body>
</html>
