1573 2598
77 1812 157 1842 Anci
175 1811 258 1841 filio-

78 1865 151 1885 rum
167 1863 242 1884 con·

77 1897 214 1936 spiratio.

279 176 335 231 58
600 188 603 189 ⁷
733 187 779 215 Τ.
802 186 939 216 mvn

277 278 418 326 publice
447 277 686 326 privatimque
722 277 855 312 decoris
889 276 984 312 omni
1020 275 1240 323 indulgentia
1274 279 1396 311 nostra

281 344 490 378 nutriamus.
547 340 641 376 Inde
668 353 825 390 puerum
850 339 1011 376 liberum
1032 339 1118 376 loco
1138 345 1306 389 coeptum
1325 338 1394 374 ha-

282 406 378 450 beri,
398 405 610 454 erudirique
638 404 796 448 artibus,
823 404 958 453 quibus
987 405 1142 453 ingenia
1170 404 1218 440 ad
1245 414 1394 450 magnae

283 470 446 508 fortunae
484 469 627 505 cultum
663 469 888 506 excitantur.
955 469 1095 505 Evenit
1130 467 1257 510 facile,
1293 465 1395 515 quod

283 533 369 571 Diis
389 534 493 571 cordi
513 539 622 569 esset.
679 533 703 569 J
707 534 836 569 uvenis
856 534 975 570 evasit
993 547 1078 570 vere
1096 532 1233 569 indolis
1253 531 1367 579 regioe
1385 543 1393 564 z

283 611 367 642 nec,
397 610 513 647 quum
541 602 770 646 quaereretur
801 609 917 645 gener
943 597 1167 646 Tarquinio,
1197 596 1397 645 quisquam

283 661 470 698 Romanae
492 659 705 710 juventutis
739 659 816 696 ulla
845 667 924 696 arte
954 661 1116 697 conferri
1152 659 1310 710 potuit:
1350 657 1395 693 fi-

281 725 447 774 liamque
467 725 500 761 ei
519 737 625 760 suam
645 736 710 759 rex
730 724 942 774 despondit.
1000 724 1076 760 Hic
1096 735 1332 772 quacumque
1350 722 1397 757 de

285 802 416 826 caussa
447 795 575 825 tantus
604 787 659 824 illi
691 789 814 824 honos
842 789 994 825 habitus
1026 788 1176 824 credere
1204 785 1398 837 prohibet,

285 866 391 890 serva
407 860 540 889 natum
559 865 659 896 eum,
682 865 913 903 parvumque
941 854 1065 903 ipsum
1093 852 1261 888 servisse.
1316 850 1398 887 Eo-

285 931 369 954 rum
399 918 520 967 magis
554 918 751 953 sententiae
787 930 883 961 sum,
918 919 996 966 qui,
1029 915 1234 953 Corniculo
1268 921 1397 965 capto,

286 982 364 1020 Ser.
384 981 515 1026 Tullii,
536 982 600 1031 qui
628 982 801 1032 princeps
832 982 871 1018 in
899 981 965 1018 illa
992 981 1085 1018 urbe
1109 981 1247 1023 fuerat,
1273 979 1398 1028 gravi-

285 1047 370 1083 dam
390 1047 471 1082 viro
500 1047 628 1082 occiso
653 1059 825 1090 uxorem,
852 1060 967 1096 quum
997 1048 1095 1083 inter
1122 1046 1284 1096 reliquas
1309 1058 1398 1095 cap-

286 1111 381 1147 tivas
409 1111 565 1159 cognita
594 1116 706 1153 esset,
733 1111 783 1147 ob
817 1112 968 1148 unicam
996 1111 1236 1148 nobilitatem
1264 1110 1311 1146 ab
1339 1122 1398 1146 re-

286 1175 377 1223 gina
411 1173 590 1210 Romana
625 1174 858 1224 prohibitam
895 1175 1022 1212 ferunt
1058 1175 1212 1211 servitio
1248 1180 1399 1224 partum

285 1240 420 1276 Romae
440 1240 612 1283 edidisse,
633 1239 752 1275 Prisci
771 1240 969 1289 Tarquinii
989 1240 1118 1275 domo.
1175 1238 1269 1275 Inde
1287 1244 1397 1274 tanto

284 1304 470 1340 beneficio
491 1309 527 1339 et
547 1303 645 1339 inter
667 1303 842 1339 mulieres
860 1302 1157 1340 familiaritatem
1176 1308 1340 1345 auctam,
1361 1308 1399 1338 et

287 1381 458 1418 puerum,
488 1374 530 1404 ut
556 1369 595 1404 in
622 1368 736 1404 domo
763 1381 785 1404 a
806 1380 923 1418 parvo
952 1367 1143 1410 eductum,
1174 1367 1212 1403 in
1241 1367 1399 1402 caritate

287 1438 400 1481 atque
425 1432 571 1468 honore
595 1431 736 1468 fuisse:
768 1431 961 1468 fortunam
989 1432 1133 1475 matris,
1157 1431 1259 1480 quod
1288 1437 1399 1481 capta

286 1497 411 1547 patria
445 1497 485 1532 in
521 1496 689 1532 hostium
725 1508 857 1532 manus
887 1496 1044 1539 venerit,
1080 1502 1121 1532 ut
1150 1508 1257 1532 serva
1287 1502 1399 1532 natus

288 1560 515 1604 crederetur,
535 1560 682 1597 fecisse.

341 1624 430 1660 XL.
460 1623 888 1673 Duodequadragesimo
906 1624 1023 1662 ferme
1043 1637 1158 1667 anno,
1179 1636 1225 1660 ex
1243 1637 1318 1673 quo
1344 1636 1402 1660 re-

289 1701 406 1738 gnare
427 1694 595 1739 coeperat
613 1688 856 1737 Tarquinius,
883 1702 962 1725 non
991 1689 1090 1739 apud
1117 1701 1244 1737 regem
1271 1688 1401 1731 modo,

288 1754 354 1791 sed
380 1754 480 1804 apud
504 1753 635 1790 Patres
665 1753 901 1804 plebemque,
922 1754 1035 1803 longe
1064 1755 1230 1790 maximo
1259 1755 1404 1791 honore

292 1819 370 1855 Ser.
390 1817 536 1854 Tullius
570 1824 661 1854 erat.
717 1818 817 1855 Turn
848 1819 947 1854 Anci
984 1818 1051 1855 filii
1084 1819 1158 1855 duo
1191 1819 1261 1854 etsi
1293 1826 1405 1855 antea

289 1895 440 1932 semper
458 1895 527 1932 pro
546 1869 809 1930 indignissimo
829 1883 1054 1925 habuerant,
1075 1895 1115 1918 se
1139 1883 1265 1932 patrio
1286 1895 1404 1931 regno

291 1947 430 1983 tutoris
450 1945 582 1981 fraude
603 1945 745 1995 puISOS,
765 1958 923 1994 regnare
942 1945 1076 1982 Romae
1106 1946 1300 1989 advenam,
1329 1960 1406 1984 uon

294 2010 408 2047 modo
438 2010 578 2051 civicae,
610 2009 674 2045 sed
706 2022 753 2045 ne
783 2009 926 2045 Italicae
955 2010 1105 2058 quidem
1133 2010 1286 2060 stirpis3
1327 2018 1406 2048 tum

296 2074 488 2125 inpensius
518 2072 574 2108 his
605 2072 808 2121 indignitas
839 2085 1018 2116 crescere,
1047 2073 1077 2108 si
1106 2086 1154 2109 ne
1179 2073 1226 2110 ab
1246 2074 1408 2125 Tarqui-

298 2139 362 2175 nio
382 2137 531 2187 quidem
551 2135 596 2172 ad
620 2148 659 2172 se
684 2136 821 2172 rediret
847 2149 1018 2185 regnum,
1040 2137 1104 2172 sed
1132 2150 1296 2189 praeeeps
1323 2139 1410 2176 inde

298 2214 412 2254 porro
431 2200 478 2237 ad
497 2200 649 2236 servitia
668 2200 816 2235 caderet
834 2215 841 2235 :
876 2206 916 2236 ut
941 2201 980 2236 in
1000 2200 1129 2236 eadem
1148 2201 1301 2238 civitate
1322 2209 1410 2253 post

300 2265 543 2317 centesimum
568 2263 646 2300 fere
675 2276 829 2307 annum,
850 2277 962 2313 quam
991 2263 1176 2300 Romulus
1206 2264 1293 2302 Deo
1321 2279 1409 2316 pro·

300 2336 449 2378 gnatus,
471 2328 576 2366 Deus
598 2329 693 2379 ipse,
713 2329 876 2366 tenuerit
903 2341 1075 2379 regnum,
1096 2330 1216 2367 donce
1234 2331 1272 2368 in
1300 2331 1409 2368 terris
