<?xml version="1.0" encoding="UTF-8"?>
<!DOCTYPE html PUBLIC "-//W3C//DTD XHTML 1.0 Transitional//EN"
    "http://www.w3.org/TR/xhtml1/DTD/xhtml1-transitional.dtd">
<html xmlns="http://www.w3.org/1999/xhtml" xml:lang="en" lang="en">
 <head>
  <title>
</title>
<meta http-equiv="Content-Type" content="text/html;charset=utf-8" />
  <meta name='ocr-system' content='tesseract 3.04.00' />
  <meta name='ocr-capabilities' content='ocr_page ocr_carea ocr_par ocr_line ocrx_word'/>
</head>
<body>
  <div class='ocr_page' id='page_1' title='image "./historiarumquaes01livyuoft/historiarumquaes01livyuoft_0061.png"; bbox 0 0 1573 2598; ppageno 0'>
   <div class='ocr_carea' id='block_1_1' title="bbox 411 169 1246 215">
    <p class='ocr_par' dir='ltr' id='par_1_1' title="bbox 411 169 1246 215">
     <span class='ocr_line' id='line_1_1' title="bbox 411 169 1246 215; baseline -0.006 -10"><span class='ocrx_word' id='word_1_1' title='bbox 411 175 565 205; x_wconf 81' lang='lat' dir='ltr'>LIBER</span> <span class='ocrx_word' id='word_1_2' title='bbox 590 173 633 203; x_wconf 75' lang='lat'>1.‘</span> <span class='ocrx_word' id='word_1_3' title='bbox 653 173 763 203; x_wconf 77' lang='lat' dir='ltr'>cAP.</span> <span class='ocrx_word' id='word_1_4' title='bbox 785 172 965 203; x_wconf 77' lang='lat' dir='ltr'>XXXIV.</span> <span class='ocrx_word' id='word_1_5' title='bbox 1193 169 1246 215; x_wconf 74' lang='lat'>51</span> 
     </span>
    </p>
   </div>
   <div class='ocr_carea' id='block_1_2' title="bbox 111 262 1449 2372">
    <p class='ocr_par' dir='ltr' id='par_1_2' title="bbox 119 262 1448 1728">
     <span class='ocr_line' id='line_1_2' title="bbox 131 262 1249 314; baseline -0.004 -12"><span class='ocrx_word' id='word_1_6' title='bbox 131 275 205 314; x_wconf 85' lang='lat' dir='ltr'>que</span> <span class='ocrx_word' id='word_1_7' title='bbox 223 265 373 302; x_wconf 83' lang='lat' dir='ltr'>firmata</span> <span class='ocrx_word' id='word_1_8' title='bbox 391 265 515 302; x_wconf 89' lang='lat' dir='ltr'>valido</span> <span class='ocrx_word' id='word_1_9' title='bbox 535 272 629 308; x_wconf 87' lang='lat' dir='ltr'>erat,</span> <span class='ocrx_word' id='word_1_10' title='bbox 650 270 702 308; x_wconf 89' lang='lat' dir='ltr'>et,</span> <span class='ocrx_word' id='word_1_11' title='bbox 723 264 854 300; x_wconf 84' lang='lat' dir='ltr'>castris</span> <span class='ocrx_word' id='word_1_12' title='bbox 876 264 915 299; x_wconf 92' lang='lat' dir='ltr'>in</span> <span class='ocrx_word' id='word_1_13' title='bbox 942 268 1074 312; x_wconf 88' lang='lat' dir='ltr'>aperto</span> <span class='ocrx_word' id='word_1_14' title='bbox 1099 262 1249 312; x_wconf 62' lang='lat' dir='ltr'>positis,&gt;</span> 
     </span>
     <span class='ocr_line' id='line_1_3' title="bbox 132 326 1249 378; baseline -0.002 -13"><span class='ocrx_word' id='word_1_15' title='bbox 132 328 332 378; x_wconf 82' lang='lat' dir='ltr'>aliquoties</span> <span class='ocrx_word' id='word_1_16' title='bbox 358 330 543 366; x_wconf 84' lang='lat' dir='ltr'>exercitus</span> <span class='ocrx_word' id='word_1_17' title='bbox 562 328 725 364; x_wconf 88' lang='lat' dir='ltr'>Latinus</span> <span class='ocrx_word' id='word_1_18' title='bbox 755 327 928 363; x_wconf 90' lang='lat' dir='ltr'>cominus</span> <span class='ocrx_word' id='word_1_19' title='bbox 952 337 1038 362; x_wconf 90' lang='lat' dir='ltr'>cum</span> <span class='ocrx_word' id='word_1_20' title='bbox 1062 326 1249 363; x_wconf 87' lang='lat' dir='ltr'>Romanis</span> 
     </span>
     <span class='ocr_line' id='line_1_4' title="bbox 131 389 1248 442; baseline -0.003 -14"><span class='ocrx_word' id='word_1_21' title='bbox 131 392 242 442; x_wconf 74' lang='lat' dir='ltr'>signa</span> <span class='ocrx_word' id='word_1_22' title='bbox 260 393 484 430; x_wconf 85' lang='lat' dir='ltr'>contulerat.</span> <span class='ocrx_word' id='word_1_23' title='bbox 530 392 590 428; x_wconf 89' lang='lat' dir='ltr'>Ad</span> <span class='ocrx_word' id='word_1_24' title='bbox 610 391 799 433; x_wconf 86' lang='lat' dir='ltr'>ultimum,</span> <span class='ocrx_word' id='word_1_25' title='bbox 821 389 996 426; x_wconf 87' lang='lat' dir='ltr'>omnibus</span> <span class='ocrx_word' id='word_1_26' title='bbox 1017 390 1135 440; x_wconf 87' lang='lat' dir='ltr'>copiis</span> <span class='ocrx_word' id='word_1_27' title='bbox 1156 402 1248 426; x_wconf 86' lang='lat' dir='ltr'>con-</span> 
     </span>
     <span class='ocr_line' id='line_1_5' title="bbox 130 454 1247 507; baseline -0.004 -14"><span class='ocrx_word' id='word_1_28' title='bbox 130 457 248 501; x_wconf 87' lang='lat' dir='ltr'>nisus,</span> <span class='ocrx_word' id='word_1_29' title='bbox 263 459 390 494; x_wconf 92' lang='lat' dir='ltr'>Ancus</span> <span class='ocrx_word' id='word_1_30' title='bbox 412 458 491 494; x_wconf 89' lang='lat' dir='ltr'>acie</span> <span class='ocrx_word' id='word_1_31' title='bbox 510 457 673 507; x_wconf 90' lang='lat' dir='ltr'>primum</span> <span class='ocrx_word' id='word_1_32' title='bbox 692 456 811 491; x_wconf 86' lang='lat' dir='ltr'>vincit</span> <span class='ocrx_word' id='word_1_33' title='bbox 828 469 836 490; x_wconf 90' lang='lat'><strong>:</strong></span> <span class='ocrx_word' id='word_1_34' title='bbox 864 455 966 497; x_wconf 82' lang='lat' dir='ltr'>inde,</span> <span class='ocrx_word' id='word_1_35' title='bbox 987 454 1134 503; x_wconf 84' lang='lat' dir='ltr'>ingenti</span> <span class='ocrx_word' id='word_1_36' title='bbox 1152 467 1247 504; x_wconf 82' lang='lat' dir='ltr'>prae-</span> 
     </span>
     <span class='ocr_line' id='line_1_6' title="bbox 130 517 1247 572; baseline -0.004 -14"><span class='ocrx_word' id='word_1_37' title='bbox 130 521 179 558; x_wconf 88' lang='lat' dir='ltr'>da</span> <span class='ocrx_word' id='word_1_38' title='bbox 203 523 360 572; x_wconf 91' lang='lat' dir='ltr'>potitus,</span> <span class='ocrx_word' id='word_1_39' title='bbox 381 521 548 557; x_wconf 85' lang='lat' dir='ltr'>Romam</span> <span class='ocrx_word' id='word_1_40' title='bbox 575 520 686 563; x_wconf 87' lang='lat' dir='ltr'>redit,</span> <span class='ocrx_word' id='word_1_41' title='bbox 707 526 788 556; x_wconf 89' lang='lat' dir='ltr'>tum</span> <span class='ocrx_word' id='word_1_42' title='bbox 812 532 962 569; x_wconf 88' lang='lat' dir='ltr'>quoque</span> <span class='ocrx_word' id='word_1_43' title='bbox 986 517 1114 554; x_wconf 87' lang='lat' dir='ltr'>multis</span> <span class='ocrx_word' id='word_1_44' title='bbox 1134 517 1247 554; x_wconf 86' lang='lat' dir='ltr'>milli-</span> 
     </span>
     <span class='ocr_line' id='line_1_7' title="bbox 129 583 1250 632; baseline -0.003 -11"><span class='ocrx_word' id='word_1_45' title='bbox 129 583 198 621; x_wconf 89' lang='lat' dir='ltr'>bus</span> <span class='ocrx_word' id='word_1_46' title='bbox 227 584 454 621; x_wconf 87' lang='lat' dir='ltr'>Latinorum</span> <span class='ocrx_word' id='word_1_47' title='bbox 487 585 527 620; x_wconf 89' lang='lat' dir='ltr'>in</span> <span class='ocrx_word' id='word_1_48' title='bbox 559 584 753 620; x_wconf 87' lang='lat' dir='ltr'>civitatem</span> <span class='ocrx_word' id='word_1_49' title='bbox 790 583 954 632; x_wconf 88' lang='lat' dir='ltr'>acceptis</span> <span class='ocrx_word' id='word_1_50' title='bbox 972 598 982 627; x_wconf 80' lang='lat'><em>3</em></span> <span class='ocrx_word' id='word_1_51' title='bbox 1022 583 1172 632; x_wconf 86' lang='lat' dir='ltr'>quibus,</span> <span class='ocrx_word' id='word_1_52' title='bbox 1206 588 1250 619; x_wconf 92' lang='lat' dir='ltr'>ut</span> 
     </span>
     <span class='ocr_line' id='line_1_8' title="bbox 121 646 1247 698; baseline -0.002 -14"><span class='ocrx_word' id='word_1_53' title='bbox 121 646 349 698; x_wconf 83' lang='lat' dir='ltr'>jungeretur</span> <span class='ocrx_word' id='word_1_54' title='bbox 369 649 520 686; x_wconf 85' lang='lat' dir='ltr'>Palatio</span> <span class='ocrx_word' id='word_1_55' title='bbox 539 649 786 691; x_wconf 84' lang='lat' dir='ltr'>Aventinum,</span> <span class='ocrx_word' id='word_1_56' title='bbox 808 647 855 684; x_wconf 87' lang='lat' dir='ltr'>ad</span> <span class='ocrx_word' id='word_1_57' title='bbox 879 646 1040 683; x_wconf 82' lang='lat' dir='ltr'>Murciae</span> <span class='ocrx_word' id='word_1_58' title='bbox 1066 647 1163 683; x_wconf 83' lang='lat' dir='ltr'>datae</span> <span class='ocrx_word' id='word_1_59' title='bbox 1189 659 1247 683; x_wconf 89' lang='lat' dir='ltr'>se-</span> 
     </span>
     <span class='ocr_line' id='line_1_9' title="bbox 127 708 1448 763; baseline -0.001 -15"><span class='ocrx_word' id='word_1_60' title='bbox 127 711 204 749; x_wconf 89' lang='lat' dir='ltr'>des.</span> <span class='ocrx_word' id='word_1_61' title='bbox 259 713 478 750; x_wconf 86' lang='lat' dir='ltr'>Janiculum</span> <span class='ocrx_word' id='word_1_62' title='bbox 498 725 647 763; x_wconf 87' lang='lat' dir='ltr'>quoque</span> <span class='ocrx_word' id='word_1_63' title='bbox 667 711 881 762; x_wconf 82' lang='lat' dir='ltr'>adjectum3</span> <span class='ocrx_word' id='word_1_64' title='bbox 910 724 989 747; x_wconf 88' lang='lat' dir='ltr'>non</span> <span class='ocrx_word' id='word_1_65' title='bbox 1009 711 1139 761; x_wconf 85' lang='lat' dir='ltr'>inopia</span> <span class='ocrx_word' id='word_1_66' title='bbox 1157 711 1245 754; x_wconf 81' lang='lat' dir='ltr'>loci,</span> <span class='ocrx_word' id='word_1_67' title='bbox 1260 708 1448 759; x_wconf 60' lang='lat' dir='ltr'>Janiculum</span> 
     </span>
     <span class='ocr_line' id='line_1_10' title="bbox 128 754 1425 838; baseline -0.001 -25"><span class='ocrx_word' id='word_1_68' title='bbox 128 777 193 813; x_wconf 86' lang='lat' dir='ltr'>sed</span> <span class='ocrx_word' id='word_1_69' title='bbox 221 789 268 813; x_wconf 91' lang='lat' dir='ltr'>ne</span> <span class='ocrx_word' id='word_1_70' title='bbox 288 778 439 827; x_wconf 89' lang='lat' dir='ltr'>quando</span> <span class='ocrx_word' id='word_1_71' title='bbox 462 791 505 814; x_wconf 88' lang='lat' dir='ltr'>ea</span> <span class='ocrx_word' id='word_1_72' title='bbox 525 790 593 814; x_wconf 85' lang='lat' dir='ltr'>arx</span> <span class='ocrx_word' id='word_1_73' title='bbox 614 777 784 813; x_wconf 87' lang='lat' dir='ltr'>hostium</span> <span class='ocrx_word' id='word_1_74' title='bbox 806 781 905 812; x_wconf 86' lang='lat' dir='ltr'>esset</span> <span class='ocrx_word' id='word_1_75' title='bbox 924 790 932 811; x_wconf 72' lang='grc' dir='ltr'>ι</span> <span class='ocrx_word' id='word_1_76' title='bbox 963 776 1003 811; x_wconf 88' lang='lat' dir='ltr'>id</span> <span class='ocrx_word' id='word_1_77' title='bbox 1031 789 1110 812; x_wconf 91' lang='lat' dir='ltr'>non</span> <span class='ocrx_word' id='word_1_78' title='bbox 1138 789 1246 812; x_wconf 79' lang='lat' dir='ltr'>muro</span> <span class='ocrx_word' id='word_1_79' title='bbox 1256 754 1425 838; x_wconf 42' lang='lat' dir='ltr'>3323)ss-</span> 
     </span>
     <span class='ocr_line' id='line_1_11' title="bbox 128 839 1248 889; baseline -0.001 -13"><span class='ocrx_word' id='word_1_80' title='bbox 128 840 265 884; x_wconf 87' lang='lat' dir='ltr'>solum,</span> <span class='ocrx_word' id='word_1_81' title='bbox 286 842 351 878; x_wconf 89' lang='lat' dir='ltr'>sed</span> <span class='ocrx_word' id='word_1_82' title='bbox 380 842 508 885; x_wconf 83' lang='lat' dir='ltr'>etiam,</span> <span class='ocrx_word' id='word_1_83' title='bbox 526 841 579 878; x_wconf 89' lang='lat' dir='ltr'>ob</span> <span class='ocrx_word' id='word_1_84' title='bbox 610 841 920 877; x_wconf 87' lang='lat' dir='ltr'>commoditatem</span> <span class='ocrx_word' id='word_1_85' title='bbox 945 839 1105 883; x_wconf 88' lang='lat' dir='ltr'>itineris,</span> <span class='ocrx_word' id='word_1_86' title='bbox 1130 847 1248 889; x_wconf 91' lang='lat' dir='ltr'>ponte</span> 
     </span>
     <span class='ocr_line' id='line_1_12' title="bbox 128 902 1248 956; baseline 0 -16"><span class='ocrx_word' id='word_1_87' title='bbox 128 904 302 949; x_wconf 87' lang='lat' dir='ltr'>sublicio,</span> <span class='ocrx_word' id='word_1_88' title='bbox 322 911 404 942; x_wconf 87' lang='lat' dir='ltr'>tum</span> <span class='ocrx_word' id='word_1_89' title='bbox 430 907 592 956; x_wconf 87' lang='lat' dir='ltr'>primum</span> <span class='ocrx_word' id='word_1_90' title='bbox 611 906 651 941; x_wconf 91' lang='lat' dir='ltr'>in</span> <span class='ocrx_word' id='word_1_91' title='bbox 670 904 802 941; x_wconf 86' lang='lat' dir='ltr'>Tiberi</span> <span class='ocrx_word' id='word_1_92' title='bbox 820 904 939 947; x_wconf 85' lang='lat' dir='ltr'>facto,</span> <span class='ocrx_word' id='word_1_93' title='bbox 960 902 1141 953; x_wconf 84' lang='lat' dir='ltr'>conjungi</span> <span class='ocrx_word' id='word_1_94' title='bbox 1163 904 1248 940; x_wconf 90' lang='lat' dir='ltr'>urbi</span> 
     </span>
     <span class='ocr_line' id='line_1_13' title="bbox 128 967 1245 1019; baseline -0.001 -15"><span class='ocrx_word' id='word_1_95' title='bbox 128 967 282 1018; x_wconf 87' lang='lat' dir='ltr'>placuit.</span> <span class='ocrx_word' id='word_1_96' title='bbox 331 970 538 1009; x_wconf 87' lang='lat' dir='ltr'>Quiritium</span> <span class='ocrx_word' id='word_1_97' title='bbox 559 982 710 1019; x_wconf 90' lang='lat' dir='ltr'>quoque</span> <span class='ocrx_word' id='word_1_98' title='bbox 727 968 845 1011; x_wconf 85' lang='lat' dir='ltr'>fossa,</span> <span class='ocrx_word' id='word_1_99' title='bbox 865 968 967 1004; x_wconf 86' lang='lat' dir='ltr'>haud</span> <span class='ocrx_word' id='word_1_100' title='bbox 986 980 1144 1018; x_wconf 86' lang='lat' dir='ltr'>parvum</span> <span class='ocrx_word' id='word_1_101' title='bbox 1163 981 1245 1004; x_wconf 89' lang='lat' dir='ltr'>mu-</span> 
     </span>
     <span class='ocr_line' id='line_1_14' title="bbox 127 1031 1245 1084; baseline 0.001 -16"><span class='ocrx_word' id='word_1_102' title='bbox 127 1033 338 1070; x_wconf 87' lang='lat' dir='ltr'>nimentum</span> <span class='ocrx_word' id='word_1_103' title='bbox 358 1047 381 1070; x_wconf 91' lang='lat' dir='ltr'>a</span> <span class='ocrx_word' id='word_1_104' title='bbox 398 1034 631 1084; x_wconf 79' lang='lat' dir='ltr'>planioribus</span> <span class='ocrx_word' id='word_1_105' title='bbox 652 1033 757 1070; x_wconf 89' lang='lat' dir='ltr'>aditu</span> <span class='ocrx_word' id='word_1_106' title='bbox 775 1031 884 1075; x_wconf 85' lang='lat' dir='ltr'>locis,</span> <span class='ocrx_word' id='word_1_107' title='bbox 905 1033 1005 1068; x_wconf 89' lang='lat' dir='ltr'>Anci</span> <span class='ocrx_word' id='word_1_108' title='bbox 1030 1033 1129 1081; x_wconf 85' lang='lat' dir='ltr'>regis</span> <span class='ocrx_word' id='word_1_109' title='bbox 1149 1045 1245 1082; x_wconf 88' lang='lat' dir='ltr'>opus</span> 
     </span>
     <span class='ocr_line' id='line_1_15' title="bbox 128 1097 1245 1147; baseline 0 -13"><span class='ocrx_word' id='word_1_110' title='bbox 128 1103 195 1134; x_wconf 83' lang='lat' dir='ltr'>est.</span> <span class='ocrx_word' id='word_1_111' title='bbox 252 1097 406 1147; x_wconf 85' lang='lat' dir='ltr'>Ingenti</span> <span class='ocrx_word' id='word_1_112' title='bbox 424 1099 659 1134; x_wconf 84' lang='lat' dir='ltr'>incremento</span> <span class='ocrx_word' id='word_1_113' title='bbox 679 1097 790 1134; x_wconf 85' lang='lat' dir='ltr'>rebus</span> <span class='ocrx_word' id='word_1_114' title='bbox 811 1097 945 1140; x_wconf 84' lang='lat' dir='ltr'>auctis,</span> <span class='ocrx_word' id='word_1_115' title='bbox 966 1109 1082 1145; x_wconf 88' lang='lat' dir='ltr'>quum</span> <span class='ocrx_word' id='word_1_116' title='bbox 1102 1097 1140 1132; x_wconf 92' lang='lat' dir='ltr'>in</span> <span class='ocrx_word' id='word_1_117' title='bbox 1159 1103 1245 1134; x_wconf 89' lang='lat' dir='ltr'>tan-</span> 
     </span>
     <span class='ocr_line' id='line_1_16' title="bbox 126 1162 1244 1212; baseline 0 -15"><span class='ocrx_word' id='word_1_118' title='bbox 126 1167 167 1197; x_wconf 81' lang='lat' dir='ltr'>ta</span> <span class='ocrx_word' id='word_1_119' title='bbox 194 1162 435 1200; x_wconf 88' lang='lat' dir='ltr'>multitudine</span> <span class='ocrx_word' id='word_1_120' title='bbox 464 1163 676 1206; x_wconf 88' lang='lat' dir='ltr'>hominum,</span> <span class='ocrx_word' id='word_1_121' title='bbox 706 1162 922 1198; x_wconf 85' lang='lat' dir='ltr'>discrimine</span> <span class='ocrx_word' id='word_1_122' title='bbox 950 1167 1053 1198; x_wconf 86' lang='lat' dir='ltr'>recte</span> <span class='ocrx_word' id='word_1_123' title='bbox 1082 1175 1130 1198; x_wconf 91' lang='lat' dir='ltr'>an</span> <span class='ocrx_word' id='word_1_124' title='bbox 1159 1175 1244 1212; x_wconf 84' lang='lat' dir='ltr'>per-</span> 
     </span>
     <span class='ocr_line' id='line_1_17' title="bbox 125 1225 1242 1276; baseline 0.001 -15"><span class='ocrx_word' id='word_1_125' title='bbox 125 1238 254 1276; x_wconf 89' lang='lat' dir='ltr'>peram</span> <span class='ocrx_word' id='word_1_126' title='bbox 285 1226 377 1263; x_wconf 89' lang='lat' dir='ltr'>facti</span> <span class='ocrx_word' id='word_1_127' title='bbox 409 1227 584 1270; x_wconf 87' lang='lat' dir='ltr'>confuso,</span> <span class='ocrx_word' id='word_1_128' title='bbox 621 1227 794 1263; x_wconf 74' lang='lat' dir='ltr'>facinora</span> <span class='ocrx_word' id='word_1_129' title='bbox 829 1225 1064 1261; x_wconf 82' lang='lat' dir='ltr'>clandestina</span> <span class='ocrx_word' id='word_1_130' title='bbox 1096 1226 1242 1270; x_wconf 85' lang='lat' dir='ltr'>fierent,</span> 
     </span>
     <span class='ocr_line' id='line_1_18' title="bbox 124 1290 1242 1335; baseline 0.002 -10"><span class='ocrx_word' id='word_1_131' title='bbox 124 1302 251 1326; x_wconf 87' lang='lat' dir='ltr'>carcer</span> <span class='ocrx_word' id='word_1_132' title='bbox 269 1290 317 1326; x_wconf 87' lang='lat' dir='ltr'>ad</span> <span class='ocrx_word' id='word_1_133' title='bbox 336 1296 521 1326; x_wconf 86' lang='lat' dir='ltr'>terrorem</span> <span class='ocrx_word' id='word_1_134' title='bbox 540 1290 784 1326; x_wconf 81' lang='lat' dir='ltr'>increscentis</span> <span class='ocrx_word' id='word_1_135' title='bbox 805 1290 972 1326; x_wconf 71' lang='lat' dir='ltr'>audaci-ae</span> <span class='ocrx_word' id='word_1_136' title='bbox 991 1291 1116 1327; x_wconf 87' lang='lat' dir='ltr'>media</span> <span class='ocrx_word' id='word_1_137' title='bbox 1134 1292 1242 1335; x_wconf 77' lang='lat' dir='ltr'>urbe,</span> 
     </span>
     <span class='ocr_line' id='line_1_19' title="bbox 122 1352 1241 1391; baseline 0.002 -2"><span class='ocrx_word' id='word_1_138' title='bbox 122 1352 310 1390; x_wconf 87' lang='lat' dir='ltr'>inminens</span> <span class='ocrx_word' id='word_1_139' title='bbox 340 1353 426 1390; x_wconf 89' lang='lat' dir='ltr'>foro</span> <span class='ocrx_word' id='word_1_140' title='bbox 459 1353 676 1390; x_wconf 77' lang='lat' dir='ltr'>aedificatur.</span> <span class='ocrx_word' id='word_1_141' title='bbox 732 1353 817 1390; x_wconf 87' lang='lat' dir='ltr'>Nec</span> <span class='ocrx_word' id='word_1_142' title='bbox 854 1353 943 1390; x_wconf 87' lang='lat' dir='ltr'>urbs</span> <span class='ocrx_word' id='word_1_143' title='bbox 980 1359 1131 1390; x_wconf 88' lang='lat' dir='ltr'>tantum</span> <span class='ocrx_word' id='word_1_144' title='bbox 1166 1356 1241 1391; x_wconf 87' lang='lat' dir='ltr'>hoc</span> 
     </span>
     <span class='ocr_line' id='line_1_20' title="bbox 124 1417 1242 1467; baseline 0.002 -13"><span class='ocrx_word' id='word_1_145' title='bbox 124 1429 211 1467; x_wconf 86' lang='lat' dir='ltr'>rege</span> <span class='ocrx_word' id='word_1_146' title='bbox 239 1418 369 1462; x_wconf 84' lang='lat' dir='ltr'>crevit,</span> <span class='ocrx_word' id='word_1_147' title='bbox 396 1418 462 1455; x_wconf 89' lang='lat' dir='ltr'>sed</span> <span class='ocrx_word' id='word_1_148' title='bbox 486 1418 601 1454; x_wconf 88' lang='lat' dir='ltr'>etiam</span> <span class='ocrx_word' id='word_1_149' title='bbox 630 1430 720 1466; x_wconf 86' lang='lat' dir='ltr'>ager</span> <span class='ocrx_word' id='word_1_150' title='bbox 747 1417 928 1467; x_wconf 89' lang='lat' dir='ltr'>finesque.</span> <span class='ocrx_word' id='word_1_151' title='bbox 985 1417 1087 1454; x_wconf 80' lang='lat' dir='ltr'>Silva</span> <span class='ocrx_word' id='word_1_152' title='bbox 1104 1418 1242 1456; x_wconf 80' lang='lat' dir='ltr'>Maesia</span> 
     </span>
     <span class='ocr_line' id='line_1_21' title="bbox 122 1483 1238 1535; baseline 0.002 -16"><span class='ocrx_word' id='word_1_153' title='bbox 122 1483 345 1520; x_wconf 89' lang='lat' dir='ltr'>Veientibus</span> <span class='ocrx_word' id='word_1_154' title='bbox 364 1485 528 1527; x_wconf 86' lang='lat' dir='ltr'>ademta,</span> <span class='ocrx_word' id='word_1_155' title='bbox 549 1496 666 1533; x_wconf 90' lang='lat' dir='ltr'>usque</span> <span class='ocrx_word' id='word_1_156' title='bbox 693 1484 738 1520; x_wconf 88' lang='lat' dir='ltr'>ad</span> <span class='ocrx_word' id='word_1_157' title='bbox 765 1496 869 1520; x_wconf 90' lang='lat' dir='ltr'>mare</span> <span class='ocrx_word' id='word_1_158' title='bbox 893 1484 1093 1534; x_wconf 76' lang='lat' dir='ltr'>imperium</span> <span class='ocrx_word' id='word_1_159' title='bbox 1113 1485 1238 1535; x_wconf 85' lang='lat' dir='ltr'>prola-</span> 
     </span>
     <span class='ocr_line' id='line_1_22' title="bbox 119 1548 1240 1592; baseline 0.001 -6"><span class='ocrx_word' id='word_1_160' title='bbox 119 1556 216 1592; x_wconf 88' lang='lat' dir='ltr'>tum,</span> <span class='ocrx_word' id='word_1_161' title='bbox 240 1555 278 1585; x_wconf 87' lang='lat' dir='ltr'>et</span> <span class='ocrx_word' id='word_1_162' title='bbox 306 1551 346 1586; x_wconf 86' lang='lat' dir='ltr'>in</span> <span class='ocrx_word' id='word_1_163' title='bbox 375 1562 440 1586; x_wconf 92' lang='lat' dir='ltr'>ore</span> <span class='ocrx_word' id='word_1_164' title='bbox 465 1548 614 1585; x_wconf 90' lang='lat' dir='ltr'>Tiberis</span> <span class='ocrx_word' id='word_1_165' title='bbox 642 1548 754 1585; x_wconf 85' lang='lat' dir='ltr'>Ostia</span> <span class='ocrx_word' id='word_1_166' title='bbox 782 1549 871 1585; x_wconf 86' lang='lat' dir='ltr'>urbs</span> <span class='ocrx_word' id='word_1_167' title='bbox 898 1549 1077 1585; x_wconf 83' lang='lat' dir='ltr'>condita:</span> <span class='ocrx_word' id='word_1_168' title='bbox 1111 1549 1240 1587; x_wconf 81' lang='lat' dir='ltr'>salinae</span> 
     </span>
     <span class='ocr_line' id='line_1_23' title="bbox 120 1613 1251 1663; baseline 0.002 -13"><span class='ocrx_word' id='word_1_169' title='bbox 120 1614 219 1650; x_wconf 82' lang='lat' dir='ltr'>circa</span> <span class='ocrx_word' id='word_1_170' title='bbox 242 1614 367 1658; x_wconf 85' lang='lat' dir='ltr'>factae,</span> <span class='ocrx_word' id='word_1_171' title='bbox 395 1614 620 1663; x_wconf 88' lang='lat' dir='ltr'>egregieque</span> <span class='ocrx_word' id='word_1_172' title='bbox 641 1613 752 1652; x_wconf 79' lang='lat' dir='ltr'>rebus</span> <span class='ocrx_word' id='word_1_173' title='bbox 777 1613 879 1650; x_wconf 87' lang='lat' dir='ltr'>bello</span> <span class='ocrx_word' id='word_1_174' title='bbox 907 1614 1038 1662; x_wconf 84' lang='lat' dir='ltr'>gestis,</span> <span class='ocrx_word' id='word_1_175' title='bbox 1061 1614 1148 1650; x_wconf 83' lang='lat' dir='ltr'>aedis</span> <span class='ocrx_word' id='word_1_176' title='bbox 1168 1614 1194 1650; x_wconf 87' lang='lat' dir='ltr'>J</span> <span class='ocrx_word' id='word_1_177' title='bbox 1197 1617 1251 1652; x_wconf 65' lang='lat' dir='ltr'>o-&#39;</span> 
     </span>
     <span class='ocr_line' id='line_1_24' title="bbox 119 1677 612 1728; baseline 0.002 -16"><span class='ocrx_word' id='word_1_178' title='bbox 119 1677 172 1713; x_wconf 73' lang='lat' dir='ltr'>vis</span> <span class='ocrx_word' id='word_1_179' title='bbox 193 1677 352 1714; x_wconf 84' lang='lat' dir='ltr'>Feretrii</span> <span class='ocrx_word' id='word_1_180' title='bbox 371 1677 612 1728; x_wconf 81' lang='lat' dir='ltr'>amplificata.</span> 
     </span>
    </p>

    <p class='ocr_par' dir='ltr' id='par_1_3' title="bbox 111 1741 1449 2308">
     <span class='ocr_line' id='line_1_25' title="bbox 172 1741 1438 1792; baseline 0.002 -14"><span class='ocrx_word' id='word_1_181' title='bbox 172 1741 366 1779; x_wconf 75' lang='lat' dir='ltr'>XXXIV.</span> <span class='ocrx_word' id='word_1_182' title='bbox 395 1743 504 1778; x_wconf 88' lang='lat' dir='ltr'>Anco</span> <span class='ocrx_word' id='word_1_183' title='bbox 522 1747 721 1791; x_wconf 87' lang='lat' dir='ltr'>regnante,</span> <span class='ocrx_word' id='word_1_184' title='bbox 740 1741 930 1785; x_wconf 83' lang='lat' dir='ltr'>Lucumo,</span> <span class='ocrx_word' id='word_1_185' title='bbox 950 1742 1008 1777; x_wconf 87' lang='lat' dir='ltr'>vir</span> <span class='ocrx_word' id='word_1_186' title='bbox 1025 1743 1174 1792; x_wconf 83' lang='lat' dir='ltr'>inpiger</span> <span class='ocrx_word' id='word_1_187' title='bbox 1192 1756 1235 1779; x_wconf 86' lang='lat' dir='ltr'>ac</span> <span class='ocrx_word' id='word_1_188' title='bbox 1251 1744 1289 1774; x_wconf 86' lang='lat' dir='ltr'>U.</span> <span class='ocrx_word' id='word_1_189' title='bbox 1310 1746 1346 1777; x_wconf 90' lang='lat' dir='ltr'>C.</span> <span class='ocrx_word' id='word_1_190' title='bbox 1366 1755 1438 1780; x_wconf 73' lang='lat'>121.</span> 
     </span>
     <span class='ocr_line' id='line_1_26' title="bbox 118 1789 1435 1866; baseline 0.002 -25"><span class='ocrx_word' id='word_1_191' title='bbox 118 1806 257 1842; x_wconf 84' lang='lat' dir='ltr'>divitiis</span> <span class='ocrx_word' id='word_1_192' title='bbox 287 1813 438 1856; x_wconf 83' lang='lat' dir='ltr'>potens,</span> <span class='ocrx_word' id='word_1_193' title='bbox 457 1806 624 1842; x_wconf 86' lang='lat' dir='ltr'>Romam</span> <span class='ocrx_word' id='word_1_194' title='bbox 644 1807 911 1854; x_wconf 81' lang='lat' dir='ltr'>conmigravit,</span> <span class='ocrx_word' id='word_1_195' title='bbox 932 1807 1107 1856; x_wconf 84' lang='lat' dir='ltr'>cupidine</span> <span class='ocrx_word' id='word_1_196' title='bbox 1127 1820 1232 1843; x_wconf 82' lang='lat' dir='ltr'>max·</span> <span class='ocrx_word' id='word_1_197' title='bbox 1245 1789 1284 1862; x_wconf 53' lang='grc' dir='ltr'>ἲ</span> <span class='ocrx_word' id='word_1_198' title='bbox 1298 1790 1435 1866; x_wconf 45' lang='grc' dir='ltr'>ξὲῐὸῗῐζ</span> 
     </span>
     <span class='ocr_line' id='line_1_27' title="bbox 116 1845 1400 1921; baseline 0.002 -15"><span class='ocrx_word' id='word_1_199' title='bbox 116 1871 190 1906; x_wconf 87' lang='lat' dir='ltr'>ime</span> <span class='ocrx_word' id='word_1_200' title='bbox 210 1884 253 1906; x_wconf 89' lang='lat' dir='ltr'>ac</span> <span class='ocrx_word' id='word_1_201' title='bbox 273 1883 338 1921; x_wconf 89' lang='lat' dir='ltr'>spe</span> <span class='ocrx_word' id='word_1_202' title='bbox 357 1872 486 1920; x_wconf 87' lang='lat' dir='ltr'>magni</span> <span class='ocrx_word' id='word_1_203' title='bbox 505 1871 677 1913; x_wconf 87' lang='lat' dir='ltr'>honoris,</span> <span class='ocrx_word' id='word_1_204' title='bbox 695 1869 800 1920; x_wconf 88' lang='lat' dir='ltr'>cujus</span> <span class='ocrx_word' id='word_1_205' title='bbox 821 1870 1051 1920; x_wconf 88' lang='lat' dir='ltr'>adipiscendi</span> <span class='ocrx_word' id='word_1_206' title='bbox 1071 1871 1232 1921; x_wconf 77' lang='lat' dir='ltr'>Tarqui·</span> <span class='ocrx_word' id='word_1_207' title='bbox 1246 1876 1318 1907; x_wconf 75' lang='lat' dir='ltr'>nius</span> <span class='ocrx_word' id='word_1_208' title='bbox 1336 1845 1400 1908; x_wconf 60' lang='lat' dir='ltr'>Rii-</span> 
     </span>
     <span class='ocr_line' id='line_1_28' title="bbox 114 1921 1449 1985; baseline 0.001 -14"><span class='ocrx_word' id='word_1_209' title='bbox 114 1935 186 1971; x_wconf 85' lang='lat' dir='ltr'>niis</span> <span class='ocrx_word' id='word_1_210' title='bbox 210 1937 315 1983; x_wconf 87' lang='lat' dir='ltr'>(nam</span> <span class='ocrx_word' id='word_1_211' title='bbox 335 1935 389 1971; x_wconf 91' lang='lat' dir='ltr'>ibi</span> <span class='ocrx_word' id='word_1_212' title='bbox 407 1948 558 1984; x_wconf 89' lang='lat' dir='ltr'>quoque</span> <span class='ocrx_word' id='word_1_213' title='bbox 577 1935 777 1985; x_wconf 78' lang='lat' dir='ltr'>peregrina</span> <span class='ocrx_word' id='word_1_214' title='bbox 795 1935 912 1984; x_wconf 87' lang='lat' dir='ltr'>stirpe</span> <span class='ocrx_word' id='word_1_215' title='bbox 931 1935 1111 1970; x_wconf 85' lang='lat' dir='ltr'>oriundus</span> <span class='ocrx_word' id='word_1_216' title='bbox 1132 1937 1229 1983; x_wconf 84' lang='lat' dir='ltr'>erat)</span> <span class='ocrx_word' id='word_1_217' title='bbox 1247 1929 1336 1951; x_wconf 85' lang='lat' dir='ltr'>mam</span> <span class='ocrx_word' id='word_1_218' title='bbox 1350 1921 1449 1953; x_wconf 56' lang='lat'>‘&#39;⁶¹¹³‘&#39;</span> 
     </span>
     <span class='ocr_line' id='line_1_29' title="bbox 114 1998 1229 2046; baseline 0.001 -11"><span class='ocrx_word' id='word_1_219' title='bbox 114 1999 273 2036; x_wconf 86' lang='lat' dir='ltr'>facultas</span> <span class='ocrx_word' id='word_1_220' title='bbox 294 2013 371 2036; x_wconf 87' lang='lat' dir='ltr'>non</span> <span class='ocrx_word' id='word_1_221' title='bbox 390 1999 526 2036; x_wconf 89' lang='lat' dir='ltr'>fuerat.</span> <span class='ocrx_word' id='word_1_222' title='bbox 572 1999 773 2035; x_wconf 86' lang='lat' dir='ltr'>Damarati</span> <span class='ocrx_word' id='word_1_223' title='bbox 793 1999 984 2034; x_wconf 84' lang='lat' dir='ltr'>Corinthii</span> <span class='ocrx_word' id='word_1_224' title='bbox 1006 1998 1101 2035; x_wconf 80' lang='lat' dir='ltr'>filius</span> <span class='ocrx_word' id='word_1_225' title='bbox 1125 2007 1206 2036; x_wconf 87' lang='lat' dir='ltr'>erat</span> <span class='ocrx_word' id='word_1_226' title='bbox 1218 2017 1229 2046; x_wconf 81' lang='lat'>5</span> 
     </span>
     <span class='ocr_line' id='line_1_30' title="bbox 114 2063 1231 2113; baseline 0.001 -13"><span class='ocrx_word' id='word_1_227' title='bbox 114 2065 192 2112; x_wconf 83' lang='lat' dir='ltr'>qui,</span> <span class='ocrx_word' id='word_1_228' title='bbox 213 2064 262 2100; x_wconf 89' lang='lat' dir='ltr'>ob</span> <span class='ocrx_word' id='word_1_229' title='bbox 292 2065 496 2100; x_wconf 88' lang='lat' dir='ltr'>seditiones</span> <span class='ocrx_word' id='word_1_230' title='bbox 521 2063 636 2100; x_wconf 89' lang='lat' dir='ltr'>domo</span> <span class='ocrx_word' id='word_1_231' title='bbox 661 2063 859 2113; x_wconf 76' lang='lat' dir='ltr'>profuguS,</span> <span class='ocrx_word' id='word_1_232' title='bbox 880 2076 996 2112; x_wconf 91' lang='lat' dir='ltr'>quum</span> <span class='ocrx_word' id='word_1_233' title='bbox 1015 2063 1231 2113; x_wconf 81' lang='lat' dir='ltr'>Tarquiniis</span> 
     </span>
     <span class='ocr_line' id='line_1_31' title="bbox 114 2127 1230 2178; baseline 0 -14"><span class='ocrx_word' id='word_1_234' title='bbox 114 2127 213 2164; x_wconf 84' lang='lat' dir='ltr'>forte</span> <span class='ocrx_word' id='word_1_235' title='bbox 242 2128 488 2171; x_wconf 86' lang='lat' dir='ltr'>consedisset,</span> <span class='ocrx_word' id='word_1_236' title='bbox 518 2141 636 2164; x_wconf 79' lang='lat' dir='ltr'>uxore</span> <span class='ocrx_word' id='word_1_237' title='bbox 665 2127 719 2164; x_wconf 91' lang='lat' dir='ltr'>ibi</span> <span class='ocrx_word' id='word_1_238' title='bbox 754 2128 878 2170; x_wconf 83' lang='lat' dir='ltr'>ducta,</span> <span class='ocrx_word' id='word_1_239' title='bbox 912 2128 1004 2164; x_wconf 87' lang='lat' dir='ltr'>duos</span> <span class='ocrx_word' id='word_1_240' title='bbox 1035 2128 1132 2164; x_wconf 85' lang='lat' dir='ltr'>filios</span> <span class='ocrx_word' id='word_1_241' title='bbox 1164 2142 1230 2178; x_wconf 85' lang='lat' dir='ltr'>ge-</span> 
     </span>
     <span class='ocr_line' id='line_1_32' title="bbox 114 2192 1231 2241; baseline 0.002 -13"><span class='ocrx_word' id='word_1_242' title='bbox 114 2193 208 2228; x_wconf 88' lang='lat' dir='ltr'>nuit.</span> <span class='ocrx_word' id='word_1_243' title='bbox 264 2192 434 2229; x_wconf 88' lang='lat' dir='ltr'>Nomina</span> <span class='ocrx_word' id='word_1_244' title='bbox 462 2193 523 2229; x_wconf 89' lang='lat' dir='ltr'>-his</span> <span class='ocrx_word' id='word_1_245' title='bbox 553 2193 728 2229; x_wconf 90' lang='lat' dir='ltr'>Lucumo</span> <span class='ocrx_word' id='word_1_246' title='bbox 761 2199 874 2241; x_wconf 85' lang='lat' dir='ltr'>atque</span> <span class='ocrx_word' id='word_1_247' title='bbox 905 2193 1032 2228; x_wconf 85' lang='lat' dir='ltr'>Aruns</span> <span class='ocrx_word' id='word_1_248' title='bbox 1066 2193 1231 2230; x_wconf 76' lang='lat' dir='ltr'>fuerunt,</span> 
     </span>
     <span class='ocr_line' id='line_1_33' title="bbox 111 2256 1228 2308; baseline 0.002 -16"><span class='ocrx_word' id='word_1_249' title='bbox 111 2256 287 2298; x_wconf 80' lang='lat' dir='ltr'>Lucumo</span> <span class='ocrx_word' id='word_1_250' title='bbox 315 2257 500 2307; x_wconf 84' lang='lat' dir='ltr'>superfuit</span> <span class='ocrx_word' id='word_1_251' title='bbox 526 2258 639 2308; x_wconf 87' lang='lat' dir='ltr'>patri,</span> <span class='ocrx_word' id='word_1_252' title='bbox 666 2256 856 2293; x_wconf 82' lang='lat' dir='ltr'>bonorum</span> <span class='ocrx_word' id='word_1_253' title='bbox 885 2257 1055 2293; x_wconf 75' lang='lat' dir='ltr'>omnium</span> <span class='ocrx_word' id='word_1_254' title='bbox 1084 2258 1228 2294; x_wconf 84' lang='lat' dir='ltr'>haeres:</span> 
     </span>
    </p>

    <p class='ocr_par' dir='ltr' id='par_1_4' title="bbox 114 2321 1232 2372">
     <span class='ocr_line' id='line_1_34' title="bbox 114 2321 1232 2372; baseline 0.002 -16"><span class='ocrx_word' id='word_1_255' title='bbox 114 2321 239 2357; x_wconf 84' lang='lat' dir='ltr'>Aruns</span> <span class='ocrx_word' id='word_1_256' title='bbox 276 2322 393 2372; x_wconf 85' lang='lat' dir='ltr'>prior,</span> <span class='ocrx_word' id='word_1_257' title='bbox 422 2334 535 2371; x_wconf 88' lang='lat' dir='ltr'>quam</span> <span class='ocrx_word' id='word_1_258' title='bbox 571 2327 694 2372; x_wconf 90' lang='lat' dir='ltr'>pater,</span> <span class='ocrx_word' id='word_1_259' title='bbox 724 2321 900 2365; x_wconf 81' lang='lat' dir='ltr'>moritur,</span> <span class='ocrx_word' id='word_1_260' title='bbox 932 2333 1049 2357; x_wconf 79' lang='lat' dir='ltr'>uxore</span> <span class='ocrx_word' id='word_1_261' title='bbox 1079 2322 1232 2369; x_wconf 81' lang='lat' dir='ltr'>gravida</span> 
     </span>
    </p>
   </div>
   <div class='ocr_carea' id='block_1_3' title="bbox 629 2384 712 2422">
    <p class='ocr_par' dir='ltr' id='par_1_5' title="bbox 629 2384 712 2422">
     <span class='ocr_line' id='line_1_35' title="bbox 629 2384 712 2422; baseline 0.012 -1"><span class='ocrx_word' id='word_1_262' title='bbox 629 2384 712 2422; x_wconf 88' lang='lat' dir='ltr'>D2</span> 
     </span>
    </p>
   </div>
  </div>
 </body>
</html>
