1573 2598
324 233 409 286 '29'2
771 239 817 273 Τ.
843 245 976 274 ῐ-,ινιι

113 342 155 373 U.
173 342 208 372 C.
226 349 300 374 324.
326 343 397 367 nec
417 330 515 367 ultra
533 337 656 367 terror
673 330 762 367 belli
782 338 839 368 est
858 332 1007 368 dilatus.
1048 331 1153 381 Lege
1172 340 1332 377 sacrata,
1352 330 1434 384 (111ae

112 386 154 416 Α·
171 386 206 416 C·
223 393 297 416 423·
327 395 493 431 maxima
511 395 610 444 apud
629 407 693 431 eos
713 396 767 431 vis
793 396 971 444 cogendae
1000 395 1145 432 militiae
1173 403 1267 440 erat,
1289 397 1435 434 delectu

316 459 475 501 -habito,
506 459 695 507 utrimque
719 459 831 495 validi
860 461 1047 496 exercitus
1077 461 1238 510 profecti
1267 462 1306 497 in
1326 462 1435 511 Algi-

113 519 242 551 Bellum
292 524 416 569 *dum
453 535 683 559 convenere:
725 524 866 573 ibique,
901 537 1069 561 seorsum
1099 525 1232 574 AEqui,
1267 539 1436 563 seorsum

112 564 474 639 ffssoffgffsvfflsci,
514 595 637 623 castra
674 588 975 633 communivere3
1016 589 1287 638 intentiorque,
1324 602 1438 639 quam

329 664 510 701 umquam
529 657 630 694 ante,
647 651 841 686 muniendi
861 652 1131 701 exercendique
1161 653 1319 689 militem
1347 666 1438 690 cura

311 734 314 737 ⁴
331 717 488 754 ducibus
509 722 588 752 erat
604 731 611 752 :
644 728 689 752 eo
708 715 791 765 plus
810 717 939 752 nuncii
958 718 1110 753 terroris
1133 717 1298 754 Romam
1327 719 1437 754 adtu-

314 783 418 820 ¹‘lere.
447 782 602 818 Senatui
618 782 842 817 dictatorem
858 781 929 817 dici
948 781 1109 831 placuit:
1132 783 1234 831 quia,
1252 783 1323 818 etsi
1338 795 1437 832 saepe

315 837 420 884 3victi
449 846 593 897 populi,
614 844 757 896 majore
786 852 912 882 tamen
936 853 1090 889 conatu,
1111 859 1223 895 quam
1243 846 1333 883 alias
1354 860 1436 883 um-

329 925 456 962 quam,
478 910 726 947 rebellarent:
760 916 798 946 et
826 910 1061 959 aliquantum
1088 909 1274 947 Romanae
1297 911 1435 961 juven·

318 978 419 1012 'tutis
455 976 588 1012 morbo
618 976 832 1011 absumtum
863 982 965 1010 erat:
999 981 1087 1011 aute
1115 976 1244 1011 omnia
1271 977 1436 1025 pravitas

317 1040 527 1078 ⁵eonsulum
553 1040 814 1088 discordiaque
843 1040 942 1076 inter
970 1041 1086 1091 ipsos,
1108 1047 1146 1077 et
1165 1042 1371 1078 certamina
1398 1041 1438 1077 in

319 1105 497 1141 ‘consiliis
518 1105 692 1141 omnibus
714 1104 919 1141 terrebant.
963 1105 1073 1149 Sunt,
1093 1107 1157 1155 qui
1176 1105 1273 1142 male
1291 1118 1438 1156 pugna·-

295 1160 411 1206 ”tum
431 1169 478 1206 ab
498 1170 556 1205 his
577 1168 794 1205 consulibus
814 1169 854 1205 in
873 1169 1013 1219 Algido
1033 1177 1205 1206 auctores
1226 1171 1315 1214 sint,
1337 1183 1438 1206 eam-

331 1247 403 1284 que
433 1247 603 1270 caussam
633 1234 826 1269 dictatoris
856 1234 1007 1270 creandi
1036 1234 1162 1271 fuisse.
1219 1234 1319 1270 Illud
1347 1235 1437 1271 satis

317 1298 495 1342 constat,
518 1299 563 1334 ad
583 1298 656 1334 alia
684 1298 870 1334 discordes
900 1299 938 1333 iu
968 1311 1045 1334 uno
1075 1298 1250 1334 adversus
1279 1298 1436 1335 Patrum

330 1362 567 1399 voluntatem
586 1363 835 1404 consensisse,
852 1375 899 1398 ne
919 1362 1085 1398 dicerent
1101 1362 1345 1398 dictatorem:
1369 1363 1437 1398 do-

330 1440 414 1471 nec,
435 1441 549 1476 quum
569 1427 643 1463 alia
672 1427 753 1463 aliis
783 1426 1012 1463 terribiliora
1041 1426 1290 1470 adferrentur,
1310 1439 1380 1463 uec
1400 1427 1439 1463 in

331 1492 557 1528 auctoritate
595 1497 747 1526 senatus
785 1490 958 1526 consules
1002 1497 1140 1533 essent,
1179 1490 1228 1529 Q.
1262 1490 1438 1527 Servilius

314 1557 496 1599 Priscus,
527 1557 680 1592 summis
711 1555 920 1592 honoribus
951 1557 1101 1604 egregie
1132 1568 1234 1599 usus,
1269 1556 1348 1599 Vos,
1379 1557 1438 1592 in·

331 1623 426 1672 quit,
458 1622 587 1657 tribuni
613 1622 735 1669 plebis,
757 1623 919 1669 quoniam
950 1622 998 1656 ad
1025 1626 1180 1656 extrema
1207 1626 1347 1656 ventum
1375 1626 1439 1664 est,

330 1693 471 1724 senatus
489 1688 662 1735 adpellat,
686 1691 724 1721 ut
743 1688 778 1721 in
805 1690 903 1721 tanto
923 1686 1123 1721 discrimine
1141 1685 1342 1733 reipublicae
1365 1684 1440 1722 dic—

333 1758 483 1789 tutorem.
514 1753 629 1788 dicere
664 1751 818 1786 eonsules
849 1762 916 1798 pro
945 1754 1121 1798 potestate
1148 1753 1442 1798 vestra-cogatis.

115 1818 252 1851 Tribuni
269 1817 312 1857 pl·
333 1818 420 1857 Qua
431 1829 525 1853 voce
540 1816 682 1858 audita,
697 1815 934 1851 occasionem
949 1813 1117 1850 oblatam
1132 1815 1202 1850 rati
1216 1813 1358 1850 tribuni
1375 1828 1441 1851 au-

119 1869 285 1893 minanti-'ll'

117 1905 248 1935 vincula

118 1947 318 1983 consulibus·
337 1948 451 1989 ciant,
470 1946 799 1995 placere‚‘consules
815 1946 954 1980 senatui
973 1945 1068 1980 dicto
1087 1945 1269 1979 audientes
1293 1955 1385 1980 esse:
1412 1946 1444 1980 si

335 1882 465 1932 gendae
485 1881 684 1932 potestatis
705 1879 898 1922 secedunt,
919 1891 1062 1929 proque
1085 1878 1244 1927 collegio
1272 1891 1440 1928 pronun-

335 2013 501 2048 adversus
520 2021 718 2045 consensum
737 2009 946 2056 amplissimi
965 2009 1101 2044 ordinis
1116 2008 1213 2044 ultra
1229 2008 1389 2050 tendant,
1406 2001 1444 2045 i‘n

314 2076 477 2114 ‘vincula
499 2086 535 2110 se
563 2075 644 2110 duci
673 2084 729 2108 eos
747 2071 918 2118 jussuros.
975 2071 1159 2108 Consules
1189 2070 1236 2107 ab
1265 2071 1442 2115 tribunis,

338 2154 450 2192 quam
474 2139 520 2176 ab
550 2144 696 2180 senatu,
717 2137 816 2172 vinci
846 2136 1084 2181 maluerunt3
1117 2135 1308 2186 proditum
1328 2148 1350 2172 a
1368 2135 1442 2173 Pa-

338 2205 458 2242 tribus
480 2202 615 2239 summi
634 2201 781 2252 imperii
793 2200 872 2251 jus,
894 2201 1097 2250 datumque
1117 2199 1185 2236 sub
1208 2199 1346 2250 jugum
1373 2202 1441 2237 tri-

336 2271 498 2308 buniciae
532 2268 712 2319 potestati
746 2266 983 2302 consulatum
1021 2272 1289 2309 memorantes,
1325 2266 1441 2315 siqui-

314 2334 324 2339 '
338 2336 421 2372 dem
441 2335 527 2383 cogi
547 2332 687 2382 aliquid
706 2345 774 2382 pro
795 2337 983 2382 potestate
1003 2330 1049 2367 ab
1071 2330 1226 2367 tribuno
1254 2329 1441 2373 consules,

339 2406 375 2437 et
402 2403 494 2450 (quo
515 2398 605 2449 quid
634 2396 786 2434 ulterius
816 2396 964 2448 privato
993 2395 1202 2434 timendum
1225 2393 1327 2434 foret
1342 2394 1372 2443 ?)
1400 2394 1442 2432 in
