1573 2598
76 357 116 387 U.
133 356 170 387 C.
191 363 261 388 138.

71 402 111 430 A.
130 400 166 430 C.
185 405 260 431 614.

72 443 219 484 Eligitur.

70 817 197 848 Bellum

67 870 146 909 cum
162 861 240 892 Lati-

69 913 130 935 ms.

68 1071 179 1104 Circus

66 1117 241 1148 maximus.

62 1455 150 1506 Ludi·
161 1455 224 1488 Ro-

62 1507 163 1530 mam.

59 1773 189 1805 Bellum

59 1827 138 1868 cum
153 1818 243 1850 Sabi-

59 1873 120 1893 ms.

287 200 347 248 54
747 207 791 235 Τ.
815 207 947 237 mvn

288 294 458 339 omnibus,
480 294 692 343 benignitate
713 297 798 344 erga'
822 298 912 333 alios
937 309 1015 333 cam
1038 308 1120 345 rege
1145 299 1218 346 ipso
1243 305 1400 338 certasse.

287 357 383 395 Haec
403 371 487 395 eum
507 359 608 395 haud
629 359 726 396 falsa
744 366 1018 397 memorantem
1042 361 1188 409 ingenti
1215 375 1401 401 consensu

286 422 448 473 populus
467 422 668 459 Romanus
695 436 854 473 regnare
873 424 1001 475 jussit.
1056 425 1162 474 Ergo
1181 427 1316 470 virum,
1340 441 1401 465 ce-

285 493 369 525 tera
396 490 604 538 egregium,
632 496 774 533 secuta,
798 503 910 540 quarn
940 491 979 526 in
1006 491 1171 540 petendo
1200 490 1400 535 habuerat,

287 554 401 590 etiam
429 559 653 602 regnantem
672 554 831 591 ambitio
851 562 930 606 est:
961 568 1032 591 nec
1059 555 1182 591 minus
1209 555 1316 604 regni
1344 555 1401 591 sui

285 615 473 660 firmandi,
505 630 617 666 quam
647 619 828 666 augendae
859 618 1089 668 reipublicae,
1119 631 1277 661 memor,
1312 631 1399 655 cen-

286 689 366 719 tum
390 684 428 719 in
451 684 583 720 Patres
605 683 725 733 legit3
758 685 822 733 qui
851 685 984 720 deinde
1013 685 1202 721 minorum
1231 686 1401 733 gentium

283 753 373 782 sunt
393 747 571 798 adpellati
589 762 596 782 :
628 747 746 784 factio
764 747 868 784 haud
890 748 1004 784 dubia
1025 748 1137 796 regis,
1160 747 1265 797 cujus
1284 748 1400 785 bene-

284 810 371 848 ficio
390 811 429 848 in
449 812 592 848 curiam
610 818 805 849 venerant.
860 811 1012 848 Bellum
1036 812 1198 862 primum
1218 825 1303 848 cum
1321 812 1399 848 La-

282 875 372 911 tinis
398 876 528 924 gessit,
559 884 598 912 et
624 876 808 927 oppidum
831 876 885 913 ibi
903 876 1060 927 Apiolas
1081 877 1116 912 vi
1145 877 1270 926 cepit:
1302 890 1399 926 prae-

282 938 403 988 daque
425 940 512 976 inde
536 939 693 990 majore,
714 953 827 989 quam
852 946 995 989 quanta
1020 939 1110 976 belli
1137 939 1239 976 fama
1259 940 1398 984 fuerat,

281 1010 444 1047 revecta,
471 1004 580 1041 ludos
606 1004 823 1055 opulentius
850 1005 1156 1053 instructiusque,
1180 1017 1293 1053 quam
1321 1005 1398 1055 pri-

283 1078 367 1103 ores
404 1080 526 1116 reges,
559 1068 662 1105 fecit.
718 1068 818 1104 Tum
853 1069 1016 1119 primum
1052 1069 1167 1111 circo,
1197 1069 1261 1117 qui
1297 1080 1399 1105 nunc

280 1131 466 1166 maximus
497 1131 647 1175 dicitur,
674 1131 892 1180 designatus
921 1131 1026 1168 locus
1056 1138 1135 1167 est:
1166 1131 1252 1168 loca
1279 1132 1399 1169 divisa

279 1194 457 1231 Patribus
487 1196 765 1245 equitibusque,
796 1196 861 1233 ubi
890 1195 1104 1247 spectacula
1132 1196 1204 1232 sibi
1241 1197 1397 1246 quisque

280 1260 473 1306 facerent3
512 1261 586 1298 fori
618 1261 808 1312 adpellati.
865 1261 1089 1311 Spectavere
1114 1259 1227 1296 furcis
1254 1260 1396 1297 duode—

280 1336 349 1360 nos
387 1324 435 1360 ab
464 1331 565 1361 terra
594 1324 809 1375 spectacula
846 1323 923 1361 alta
959 1323 1232 1360 sustinentibus
1269 1324 1395 1374 pedes·

277 1387 485 1425 Ludicrum
514 1389 588 1426 fuit
616 1390 701 1439 equi
730 1389 965 1440 pugilesque,
987 1402 1033 1425 ex
1051 1388 1207 1424 Etruria
1231 1388 1396 1425 maxime

279 1455 419 1492 adciti:
451 1455 651 1493 sollemnes
682 1457 815 1493 deinde
845 1457 960 1493 annui
989 1468 1160 1492 mansere
1189 1454 1282 1498 ludi,
1310 1453 1393 1491 Ro-

277 1520 380 1556 mani
398 1519 609 1571 Magnique
626 1522 729 1557 varie
751 1521 942 1571 adpellati.
996 1519 1058 1556 Ab
1088 1520 1220 1556 eodem
1245 1532 1333 1568 rege
1356 1526 1394 1555 et

277 1585 378 1620 circa
407 1585 534 1622 forum
570 1586 725 1636 privatis
760 1585 978 1622 aedificanda
1011 1585 1130 1621 divisa
1162 1589 1250 1620 sunt
1278 1583 1390 1629 loca;

275 1649 444 1698 porticus
464 1649 707 1699 tabernaeque
725 1651 848 1687 factae.

328 1712 524 1750 XXXVI.
553 1713 670 1750 Muro
703 1726 853 1763 quoque
885 1712 1035 1764 lapideo
1068 1713 1299 1749 circumdare
1331 1725 1392 1749 ur-

274 1775 360 1813 bem
385 1778 560 1827 parabat,
581 1791 696 1827 quum
717 1778 898 1814 Sabinum
917 1777 1058 1814 bellum
1076 1778 1210 1827 coeptis
1228 1778 1393 1813 interve-

274 1841 344 1876 nit.
399 1841 584 1891 Adeoque
607 1854 651 1877 ea
673 1841 799 1878 subita
822 1854 880 1878 res
905 1841 992 1884 fuit,
1013 1847 1056 1877 ut
1083 1841 1185 1891 prius
1205 1841 1391 1876 Anienem

275 1905 481 1941 transirent
499 1906 643 1949 hostes,
665 1919 777 1955 quam
797 1906 949 1942 obviam
969 1907 1021 1942 ire
1040 1918 1083 1941 ac
1105 1904 1305 1955 prohibere
1325 1916 1390 1941 ex-

275 1969 412 2004 ercitus
433 1968 631 2005 Romanus
654 1976 796 2019 posset.
853 1969 988 2017 Itaque
1007 1968 1235 2018 trepidatum
1256 1967 1389 2004 Romae

275 2039 353 2068 est:
388 2039 424 2069 et
453 2034 576 2082 primo
605 2033 719 2069 dubia
739 2034 896 2069 victoria
921 2045 1058 2081 magna
1084 2033 1270 2080 utrimque
1290 2032 1391 2068 caede

274 2103 485 2147 pugnatum
511 2104 579 2134 est.
635 2097 817 2133 Reductis
846 2097 979 2133 deinde
1005 2098 1042 2132 in
1072 2104 1194 2132 castra
1223 2096 1389 2132 hostium

274 2162 408 2211 copiis,
439 2162 603 2211 datoque
637 2164 759 2211 spatio
789 2162 987 2204 Romanis,
1020 2161 1065 2197 ad
1095 2161 1387 2210 comparandum

275 2224 319 2260 de
340 2225 489 2273 integro
509 2225 662 2268 bellum,
682 2226 924 2274 'sarapion-is,
946 2225 1108 2273 equitem
1133 2225 1293 2260 maxime
1313 2224 1388 2259 suis

274 2287 403 2324 deesse
431 2289 572 2325 viribus
602 2295 718 2331 ratus,
750 2289 796 2325 ad
824 2288 1006 2331 Ramnes,
1036 2288 1237 2330 Titienses,
1264 2287 1386 2323 Luce-

274 2364 346 2395 re&
368 2365 458 2402 quas
482 2354 668 2390 centurias
690 2352 875 2391 Romulus
902 2354 1114 2403 scripserat,
1136 2352 1270 2388 addere
1296 2350 1388 2387 alias
