<?xml version="1.0" encoding="UTF-8"?>
<!DOCTYPE html PUBLIC "-//W3C//DTD XHTML 1.0 Transitional//EN"
    "http://www.w3.org/TR/xhtml1/DTD/xhtml1-transitional.dtd">
<html xmlns="http://www.w3.org/1999/xhtml" xml:lang="en" lang="en">
 <head>
  <title>
</title>
<meta http-equiv="Content-Type" content="text/html;charset=utf-8" />
  <meta name='ocr-system' content='tesseract 3.04.00' />
  <meta name='ocr-capabilities' content='ocr_page ocr_carea ocr_par ocr_line ocrx_word'/>
</head>
<body>
  <div class='ocr_page' id='page_1' title='image "./historiarumquaes01livyuoft/historiarumquaes01livyuoft_0069.png"; bbox 0 0 1573 2598; ppageno 0'>
   <div class='ocr_carea' id='block_1_1' title="bbox 491 176 1291 219">
    <p class='ocr_par' dir='ltr' id='par_1_1' title="bbox 491 176 1291 219">
     <span class='ocr_line' id='line_1_1' title="bbox 491 176 1291 219; baseline -0.003 -11"><span class='ocrx_word' id='word_1_1' title='bbox 491 179 645 208; x_wconf 66' lang='lat' dir='ltr'>mex-:R</span> <span class='ocrx_word' id='word_1_2' title='bbox 670 179 704 207; x_wconf 92' lang='lat'>1.</span> <span class='ocrx_word' id='word_1_3' title='bbox 739 179 847 207; x_wconf 73' lang='lat' dir='ltr'>eAP.</span> <span class='ocrx_word' id='word_1_4' title='bbox 872 178 977 207; x_wconf 73' lang='lat' dir='ltr'>xm.</span> <span class='ocrx_word' id='word_1_5' title='bbox 1236 176 1291 219; x_wconf 86' lang='lat'>59</span> 
     </span>
    </p>
   </div>
   <div class='ocr_carea' id='block_1_2' title="bbox 162 265 1290 1533">
    <p class='ocr_par' dir='ltr' id='par_1_2' title="bbox 162 265 1290 1533">
     <span class='ocr_line' id='line_1_2' title="bbox 171 265 1290 315; baseline -0.004 -11"><span class='ocrx_word' id='word_1_6' title='bbox 171 268 299 311; x_wconf 85' lang='lat' dir='ltr'>fuerit,</span> <span class='ocrx_word' id='word_1_7' title='bbox 334 268 372 304; x_wconf 88' lang='lat' dir='ltr'>id</span> <span class='ocrx_word' id='word_1_8' title='bbox 402 279 528 304; x_wconf 83' lang='lat' dir='ltr'>servus</span> <span class='ocrx_word' id='word_1_9' title='bbox 554 279 660 303; x_wconf 87' lang='lat' dir='ltr'>serva</span> <span class='ocrx_word' id='word_1_10' title='bbox 689 272 800 302; x_wconf 89' lang='lat' dir='ltr'>natus</span> <span class='ocrx_word' id='word_1_11' title='bbox 826 265 1044 315; x_wconf 85' lang='lat' dir='ltr'>possideat:</span> <span class='ocrx_word' id='word_1_12' title='bbox 1075 272 1157 300; x_wconf 88' lang='lat' dir='ltr'>tum</span> <span class='ocrx_word' id='word_1_13' title='bbox 1186 278 1290 301; x_wconf 89' lang='lat' dir='ltr'>com-</span> 
     </span>
     <span class='ocr_line' id='line_1_3' title="bbox 170 327 1289 378; baseline -0.004 -10"><span class='ocrx_word' id='word_1_14' title='bbox 170 344 284 368; x_wconf 86' lang='lat' dir='ltr'>mune</span> <span class='ocrx_word' id='word_1_15' title='bbox 303 331 471 367; x_wconf 86' lang='lat' dir='ltr'>Romani</span> <span class='ocrx_word' id='word_1_16' title='bbox 489 330 668 372; x_wconf 87' lang='lat' dir='ltr'>nominis,</span> <span class='ocrx_word' id='word_1_17' title='bbox 689 336 770 365; x_wconf 86' lang='lat' dir='ltr'>tum</span> <span class='ocrx_word' id='word_1_18' title='bbox 792 329 979 378; x_wconf 86' lang='lat' dir='ltr'>praecipue</span> <span class='ocrx_word' id='word_1_19' title='bbox 1000 328 1037 364; x_wconf 92' lang='lat' dir='ltr'>id</span> <span class='ocrx_word' id='word_1_20' title='bbox 1060 327 1192 364; x_wconf 87' lang='lat' dir='ltr'>domus</span> <span class='ocrx_word' id='word_1_21' title='bbox 1214 341 1289 364; x_wconf 78' lang='lat' dir='ltr'>suae</span> 
     </span>
     <span class='ocr_line' id='line_1_4' title="bbox 172 391 1289 442; baseline -0.004 -10"><span class='ocrx_word' id='word_1_22' title='bbox 172 395 331 432; x_wconf 86' lang='lat' dir='ltr'><strong>dedecus</strong></span> <span class='ocrx_word' id='word_1_23' title='bbox 360 395 456 438; x_wconf 89' lang='lat' dir='ltr'>fore,</span> <span class='ocrx_word' id='word_1_24' title='bbox 486 395 531 437; x_wconf 90' lang='lat' dir='ltr'>si,</span> <span class='ocrx_word' id='word_1_25' title='bbox 553 394 652 430; x_wconf 87' lang='lat' dir='ltr'>Anci</span> <span class='ocrx_word' id='word_1_26' title='bbox 680 393 779 442; x_wconf 85' lang='lat' dir='ltr'>regis</span> <span class='ocrx_word' id='word_1_27' title='bbox 799 392 896 429; x_wconf 83' lang='lat' dir='ltr'>virili</span> <span class='ocrx_word' id='word_1_28' title='bbox 923 393 1038 442; x_wconf 84' lang='lat' dir='ltr'>stirpe</span> <span class='ocrx_word' id='word_1_29' title='bbox 1067 391 1183 435; x_wconf 83' lang='lat' dir='ltr'>salva,</span> <span class='ocrx_word' id='word_1_30' title='bbox 1210 404 1289 427; x_wconf 91' lang='lat' dir='ltr'>non</span> 
     </span>
     <span class='ocr_line' id='line_1_5' title="bbox 169 456 1289 506; baseline -0.005 -9"><span class='ocrx_word' id='word_1_31' title='bbox 169 461 284 497; x_wconf 92' lang='lat' dir='ltr'>modo</span> <span class='ocrx_word' id='word_1_32' title='bbox 304 460 471 503; x_wconf 83' lang='lat' dir='ltr'>advenis,</span> <span class='ocrx_word' id='word_1_33' title='bbox 496 459 561 495; x_wconf 85' lang='lat' dir='ltr'>sed</span> <span class='ocrx_word' id='word_1_34' title='bbox 589 457 703 495; x_wconf 84' lang='lat' dir='ltr'>s&#39;ervis</span> <span class='ocrx_word' id='word_1_35' title='bbox 730 459 858 500; x_wconf 88' lang='lat' dir='ltr'>etiam,</span> <span class='ocrx_word' id='word_1_36' title='bbox 881 469 1039 506; x_wconf 85' lang='lat' dir='ltr'>regnum</span> <span class='ocrx_word' id='word_1_37' title='bbox 1057 456 1194 492; x_wconf 85' lang='lat' dir='ltr'>Romae</span> <span class='ocrx_word' id='word_1_38' title='bbox 1221 469 1289 506; x_wconf 91' lang='lat' dir='ltr'>pa-</span> 
     </span>
     <span class='ocr_line' id='line_1_6' title="bbox 169 520 1287 573; baseline -0.003 -13"><span class='ocrx_word' id='word_1_39' title='bbox 169 531 278 562; x_wconf 86' lang='lat' dir='ltr'>teret.</span> <span class='ocrx_word' id='word_1_40' title='bbox 333 524 450 560; x_wconf 87' lang='lat' dir='ltr'>Ferro</span> <span class='ocrx_word' id='word_1_41' title='bbox 481 524 597 573; x_wconf 83' lang='lat' dir='ltr'>igitur</span> <span class='ocrx_word' id='word_1_42' title='bbox 625 536 708 559; x_wconf 87' lang='lat' dir='ltr'>eam</span> <span class='ocrx_word' id='word_1_43' title='bbox 745 535 872 559; x_wconf 86' lang='lat' dir='ltr'>arcere</span> <span class='ocrx_word' id='word_1_44' title='bbox 910 520 1180 557; x_wconf 87' lang='lat' dir='ltr'>contumeliam</span> <span class='ocrx_word' id='word_1_45' title='bbox 1209 526 1287 558; x_wconf 88' lang='lat' dir='ltr'>sta-</span> 
     </span>
     <span class='ocr_line' id='line_1_7' title="bbox 168 585 1288 638; baseline -0.004 -15"><span class='ocrx_word' id='word_1_46' title='bbox 168 594 293 625; x_wconf 84' lang='lat' dir='ltr'>tuunt.</span> <span class='ocrx_word' id='word_1_47' title='bbox 351 588 424 624; x_wconf 92' lang='lat' dir='ltr'>Sed</span> <span class='ocrx_word' id='word_1_48' title='bbox 453 594 491 624; x_wconf 92' lang='lat' dir='ltr'>et</span> <span class='ocrx_word' id='word_1_49' title='bbox 519 586 667 638; x_wconf 83' lang='lat' dir='ltr'>injuriae</span> <span class='ocrx_word' id='word_1_50' title='bbox 698 586 807 623; x_wconf 90' lang='lat' dir='ltr'>dolor</span> <span class='ocrx_word' id='word_1_51' title='bbox 836 587 875 622; x_wconf 93' lang='lat' dir='ltr'>in</span> <span class='ocrx_word' id='word_1_52' title='bbox 894 585 1143 634; x_wconf 76' lang='lat' dir='ltr'>Tarquinium</span> <span class='ocrx_word' id='word_1_53' title='bbox 1164 585 1288 634; x_wconf 89' lang='lat' dir='ltr'>ipsum</span> 
     </span>
     <span class='ocr_line' id='line_1_8' title="bbox 167 648 1288 701; baseline -0.004 -13"><span class='ocrx_word' id='word_1_54' title='bbox 167 652 303 700; x_wconf 85' lang='lat' dir='ltr'>magis,</span> <span class='ocrx_word' id='word_1_55' title='bbox 333 665 446 701; x_wconf 86' lang='lat' dir='ltr'>quam</span> <span class='ocrx_word' id='word_1_56' title='bbox 474 652 513 688; x_wconf 90' lang='lat' dir='ltr'>in</span> <span class='ocrx_word' id='word_1_57' title='bbox 545 651 729 692; x_wconf 86' lang='lat' dir='ltr'>Servium,</span> <span class='ocrx_word' id='word_1_58' title='bbox 760 662 824 685; x_wconf 82' lang='lat' dir='ltr'>eos</span> <span class='ocrx_word' id='word_1_59' title='bbox 854 648 1100 685; x_wconf 85' lang='lat' dir='ltr'>stimulabat:</span> <span class='ocrx_word' id='word_1_60' title='bbox 1133 655 1172 683; x_wconf 88' lang='lat' dir='ltr'>et</span> <span class='ocrx_word' id='word_1_61' title='bbox 1200 649 1288 697; x_wconf 87' lang='lat' dir='ltr'>quia</span> 
     </span>
     <span class='ocr_line' id='line_1_9' title="bbox 167 711 1284 763; baseline -0.004 -12"><span class='ocrx_word' id='word_1_62' title='bbox 167 715 318 763; x_wconf 83' lang='lat' dir='ltr'>gravior</span> <span class='ocrx_word' id='word_1_63' title='bbox 348 715 449 751; x_wconf 89' lang='lat' dir='ltr'>ultor</span> <span class='ocrx_word' id='word_1_64' title='bbox 477 715 603 758; x_wconf 80' lang='lat' dir='ltr'>caedis,</span> <span class='ocrx_word' id='word_1_65' title='bbox 625 715 655 750; x_wconf 93' lang='lat' dir='ltr'>si</span> <span class='ocrx_word' id='word_1_66' title='bbox 681 718 906 763; x_wconf 79' lang='lat' dir='ltr'>superesset,</span> <span class='ocrx_word' id='word_1_67' title='bbox 928 725 994 748; x_wconf 86' lang='lat' dir='ltr'>rex</span> <span class='ocrx_word' id='word_1_68' title='bbox 1018 711 1167 748; x_wconf 87' lang='lat' dir='ltr'>futurus</span> <span class='ocrx_word' id='word_1_69' title='bbox 1191 718 1284 755; x_wconf 87' lang='lat' dir='ltr'>erat,</span> 
     </span>
     <span class='ocr_line' id='line_1_10' title="bbox 167 776 1286 828; baseline -0.003 -15"><span class='ocrx_word' id='word_1_70' title='bbox 167 791 277 827; x_wconf 86' lang='lat' dir='ltr'>quam</span> <span class='ocrx_word' id='word_1_71' title='bbox 314 780 507 828; x_wconf 85' lang='lat' dir='ltr'>privatus:</span> <span class='ocrx_word' id='word_1_72' title='bbox 539 786 636 820; x_wconf 87' lang='lat' dir='ltr'>tum,</span> <span class='ocrx_word' id='word_1_73' title='bbox 672 778 802 813; x_wconf 79' lang='lat' dir='ltr'>Servio</span> <span class='ocrx_word' id='word_1_74' title='bbox 837 776 979 818; x_wconf 90' lang='lat' dir='ltr'>occiso,</span> <span class='ocrx_word' id='word_1_75' title='bbox 1013 787 1286 824; x_wconf 84' lang='lat' dir='ltr'>quemcumque</span> 
     </span>
     <span class='ocr_line' id='line_1_11' title="bbox 167 839 1285 891; baseline -0.004 -14"><span class='ocrx_word' id='word_1_76' title='bbox 167 841 282 878; x_wconf 82' lang='lat' dir='ltr'>alium</span> <span class='ocrx_word' id='word_1_77' title='bbox 310 855 490 891; x_wconf 84' lang='lat' dir='ltr'>generum</span> <span class='ocrx_word' id='word_1_78' title='bbox 519 842 733 890; x_wconf 83' lang='lat' dir='ltr'>delegisset,</span> <span class='ocrx_word' id='word_1_79' title='bbox 762 839 935 876; x_wconf 84' lang='lat' dir='ltr'>eumdem</span> <span class='ocrx_word' id='word_1_80' title='bbox 962 839 1070 887; x_wconf 86' lang='lat' dir='ltr'>regni</span> <span class='ocrx_word' id='word_1_81' title='bbox 1098 839 1285 874; x_wconf 82' lang='lat' dir='ltr'>haeredem</span> 
     </span>
     <span class='ocr_line' id='line_1_12' title="bbox 166 905 1283 956; baseline -0.002 -13"><span class='ocrx_word' id='word_1_82' title='bbox 166 907 332 944; x_wconf 83' lang='lat' dir='ltr'>facturus</span> <span class='ocrx_word' id='word_1_83' title='bbox 352 908 561 944; x_wconf 83' lang='lat' dir='ltr'>videbatur.</span> <span class='ocrx_word' id='word_1_84' title='bbox 609 907 670 943; x_wconf 91' lang='lat' dir='ltr'>Ob</span> <span class='ocrx_word' id='word_1_85' title='bbox 690 908 772 942; x_wconf 81' lang='lat' dir='ltr'>haee</span> <span class='ocrx_word' id='word_1_86' title='bbox 791 906 863 956; x_wconf 87' lang='lat' dir='ltr'>ipsi</span> <span class='ocrx_word' id='word_1_87' title='bbox 882 906 963 953; x_wconf 85' lang='lat' dir='ltr'>regi</span> <span class='ocrx_word' id='word_1_88' title='bbox 981 905 1126 941; x_wconf 87' lang='lat' dir='ltr'>insidiae</span> <span class='ocrx_word' id='word_1_89' title='bbox 1146 918 1283 954; x_wconf 83' lang='lat' dir='ltr'>paran-</span> 
     </span>
     <span class='ocr_line' id='line_1_13' title="bbox 164 969 1282 1022; baseline -0.002 -15"><span class='ocrx_word' id='word_1_90' title='bbox 164 979 238 1009; x_wconf 86' lang='lat' dir='ltr'>tur.</span> <span class='ocrx_word' id='word_1_91' title='bbox 294 972 354 1008; x_wconf 86' lang='lat' dir='ltr'>Ex</span> <span class='ocrx_word' id='word_1_92' title='bbox 383 972 597 1022; x_wconf 80' lang='lat' dir='ltr'>pastoribus</span> <span class='ocrx_word' id='word_1_93' title='bbox 627 972 702 1008; x_wconf 88' lang='lat' dir='ltr'>duo</span> <span class='ocrx_word' id='word_1_94' title='bbox 725 970 949 1007; x_wconf 82' lang='lat' dir='ltr'>ferocissimi</span> <span class='ocrx_word' id='word_1_95' title='bbox 969 969 1103 1005; x_wconf 82' lang='lat' dir='ltr'>delecti</span> <span class='ocrx_word' id='word_1_96' title='bbox 1123 969 1170 1006; x_wconf 80' lang='lat' dir='ltr'>ad</span> <span class='ocrx_word' id='word_1_97' title='bbox 1188 969 1282 1005; x_wconf 83' lang='lat' dir='ltr'>faci-</span> 
     </span>
     <span class='ocr_line' id='line_1_14' title="bbox 165 1033 1282 1084; baseline -0.003 -12"><span class='ocrx_word' id='word_1_98' title='bbox 165 1048 250 1078; x_wconf 86' lang='lat' dir='ltr'>nus,</span> <span class='ocrx_word' id='word_1_99' title='bbox 272 1036 406 1084; x_wconf 89' lang='lat' dir='ltr'>quibus</span> <span class='ocrx_word' id='word_1_100' title='bbox 427 1037 597 1072; x_wconf 87' lang='lat' dir='ltr'>consueti</span> <span class='ocrx_word' id='word_1_101' title='bbox 618 1042 725 1071; x_wconf 87' lang='lat' dir='ltr'>erant</span> <span class='ocrx_word' id='word_1_102' title='bbox 752 1041 908 1083; x_wconf 87' lang='lat' dir='ltr'>uterque</span> <span class='ocrx_word' id='word_1_103' title='bbox 934 1033 1144 1082; x_wconf 85' lang='lat' dir='ltr'>agrestibus</span> <span class='ocrx_word' id='word_1_104' title='bbox 1164 1034 1282 1070; x_wconf 88' lang='lat' dir='ltr'>ferra-</span> 
     </span>
     <span class='ocr_line' id='line_1_15' title="bbox 165 1098 1281 1148; baseline -0.002 -13"><span class='ocrx_word' id='word_1_105' title='bbox 165 1101 316 1142; x_wconf 82' lang='lat' dir='ltr'>mentis,</span> <span class='ocrx_word' id='word_1_106' title='bbox 338 1101 375 1136; x_wconf 89' lang='lat' dir='ltr'>in</span> <span class='ocrx_word' id='word_1_107' title='bbox 395 1100 582 1136; x_wconf 83' lang='lat' dir='ltr'>vestibulo</span> <span class='ocrx_word' id='word_1_108' title='bbox 602 1100 729 1148; x_wconf 79' lang='lat' dir='ltr'>regiae,</span> <span class='ocrx_word' id='word_1_109' title='bbox 751 1111 864 1147; x_wconf 87' lang='lat' dir='ltr'>quam</span> <span class='ocrx_word' id='word_1_110' title='bbox 892 1104 1050 1148; x_wconf 87' lang='lat' dir='ltr'>potuere</span> <span class='ocrx_word' id='word_1_111' title='bbox 1071 1098 1281 1134; x_wconf 83' lang='lat' dir='ltr'>tumultuo-</span> 
     </span>
     <span class='ocr_line' id='line_1_16' title="bbox 164 1163 1281 1214; baseline -0.001 -15"><span class='ocrx_word' id='word_1_112' title='bbox 164 1165 322 1208; x_wconf 86' lang='lat' dir='ltr'>sissime,</span> <span class='ocrx_word' id='word_1_113' title='bbox 344 1166 467 1214; x_wconf 86' lang='lat' dir='ltr'>specie</span> <span class='ocrx_word' id='word_1_114' title='bbox 493 1166 584 1201; x_wconf 79' lang='lat' dir='ltr'>rixae</span> <span class='ocrx_word' id='word_1_115' title='bbox 610 1166 648 1200; x_wconf 86' lang='lat' dir='ltr'>in</span> <span class='ocrx_word' id='word_1_116' title='bbox 676 1177 714 1200; x_wconf 88' lang='lat' dir='ltr'>se</span> <span class='ocrx_word' id='word_1_117' title='bbox 734 1177 865 1200; x_wconf 85' lang='lat' dir='ltr'>omnes</span> <span class='ocrx_word' id='word_1_118' title='bbox 895 1163 1126 1213; x_wconf 84' lang='lat' dir='ltr'>adparitores</span> <span class='ocrx_word' id='word_1_119' title='bbox 1156 1163 1281 1211; x_wconf 83' lang='lat' dir='ltr'>regios</span> 
     </span>
     <span class='ocr_line' id='line_1_17' title="bbox 163 1226 1279 1276; baseline -0.002 -13"><span class='ocrx_word' id='word_1_120' title='bbox 163 1235 412 1273; x_wconf 80' lang='lat' dir='ltr'>convertunt3</span> <span class='ocrx_word' id='word_1_121' title='bbox 448 1228 549 1269; x_wconf 85' lang='lat' dir='ltr'>inde,</span> <span class='ocrx_word' id='word_1_122' title='bbox 580 1241 695 1276; x_wconf 83' lang='lat' dir='ltr'>quum</span> <span class='ocrx_word' id='word_1_123' title='bbox 727 1227 839 1263; x_wconf 84' lang='lat' dir='ltr'>ambo</span> <span class='ocrx_word' id='word_1_124' title='bbox 876 1239 1004 1275; x_wconf 83' lang='lat' dir='ltr'>regem</span> <span class='ocrx_word' id='word_1_125' title='bbox 1033 1226 1279 1275; x_wconf 81' lang='lat' dir='ltr'>adpellarent,</span> 
     </span>
     <span class='ocr_line' id='line_1_18' title="bbox 164 1291 1280 1341; baseline -0.002 -14"><span class='ocrx_word' id='word_1_126' title='bbox 164 1291 379 1341; x_wconf 86' lang='lat' dir='ltr'>clamorque</span> <span class='ocrx_word' id='word_1_127' title='bbox 399 1305 529 1328; x_wconf 85' lang='lat' dir='ltr'>eorum</span> <span class='ocrx_word' id='word_1_128' title='bbox 548 1293 698 1341; x_wconf 87' lang='lat' dir='ltr'>penitus</span> <span class='ocrx_word' id='word_1_129' title='bbox 720 1293 758 1326; x_wconf 88' lang='lat' dir='ltr'>in</span> <span class='ocrx_word' id='word_1_130' title='bbox 778 1292 922 1339; x_wconf 85' lang='lat' dir='ltr'>regiam</span> <span class='ocrx_word' id='word_1_131' title='bbox 946 1291 1192 1340; x_wconf 77' lang='lat' dir='ltr'>pervenisset,</span> <span class='ocrx_word' id='word_1_132' title='bbox 1212 1303 1280 1326; x_wconf 92' lang='lat' dir='ltr'>vo-</span> 
     </span>
     <span class='ocr_line' id='line_1_19' title="bbox 162 1354 1278 1406; baseline -0.002 -14"><span class='ocrx_word' id='word_1_133' title='bbox 162 1357 237 1392; x_wconf 82' lang='lat' dir='ltr'>cati</span> <span class='ocrx_word' id='word_1_134' title='bbox 266 1357 312 1392; x_wconf 85' lang='lat' dir='ltr'>ad</span> <span class='ocrx_word' id='word_1_135' title='bbox 340 1369 468 1405; x_wconf 84' lang='lat' dir='ltr'>regem</span> <span class='ocrx_word' id='word_1_136' title='bbox 496 1363 671 1406; x_wconf 83' lang='lat' dir='ltr'>pergunt.</span> <span class='ocrx_word' id='word_1_137' title='bbox 727 1356 857 1391; x_wconf 77' lang='lat' dir='ltr'>Primo</span> <span class='ocrx_word' id='word_1_138' title='bbox 887 1362 1043 1403; x_wconf 87' lang='lat' dir='ltr'>uterque</span> <span class='ocrx_word' id='word_1_139' title='bbox 1068 1354 1278 1398; x_wconf 86' lang='lat' dir='ltr'>vociferari,</span> 
     </span>
     <span class='ocr_line' id='line_1_20' title="bbox 162 1419 1278 1469; baseline -0.001 -13"><span class='ocrx_word' id='word_1_140' title='bbox 162 1427 199 1455; x_wconf 85' lang='lat' dir='ltr'>et</span> <span class='ocrx_word' id='word_1_141' title='bbox 219 1421 398 1456; x_wconf 60' lang='lat' dir='ltr'>certatim&gt;</span> <span class='ocrx_word' id='word_1_142' title='bbox 417 1420 512 1456; x_wconf 84' lang='lat' dir='ltr'>alter</span> <span class='ocrx_word' id='word_1_143' title='bbox 531 1420 639 1456; x_wconf 85' lang='lat' dir='ltr'>alteri</span> <span class='ocrx_word' id='word_1_144' title='bbox 659 1420 891 1469; x_wconf 84' lang='lat' dir='ltr'>obstrepere,</span> <span class='ocrx_word' id='word_1_145' title='bbox 913 1420 1068 1455; x_wconf 68' lang='lat' dir='ltr'>coerciti</span> <span class='ocrx_word' id='word_1_146' title='bbox 1094 1419 1141 1455; x_wconf 86' lang='lat' dir='ltr'>ab</span> <span class='ocrx_word' id='word_1_147' title='bbox 1168 1419 1278 1455; x_wconf 89' lang='lat' dir='ltr'>licto-</span> 
     </span>
     <span class='ocr_line' id='line_1_21' title="bbox 162 1483 1277 1533; baseline 0.001 -14"><span class='ocrx_word' id='word_1_148' title='bbox 162 1497 214 1526; x_wconf 90' lang='lat' dir='ltr'>re,</span> <span class='ocrx_word' id='word_1_149' title='bbox 246 1491 282 1519; x_wconf 87' lang='lat' dir='ltr'>et</span> <span class='ocrx_word' id='word_1_150' title='bbox 304 1483 402 1533; x_wconf 81' lang='lat' dir='ltr'>jussi</span> <span class='ocrx_word' id='word_1_151' title='bbox 431 1485 471 1520; x_wconf 89' lang='lat' dir='ltr'>in</span> <span class='ocrx_word' id='word_1_152' title='bbox 496 1485 616 1520; x_wconf 86' lang='lat' dir='ltr'>vicem</span> <span class='ocrx_word' id='word_1_153' title='bbox 646 1484 783 1527; x_wconf 89' lang='lat' dir='ltr'>dicere,</span> <span class='ocrx_word' id='word_1_154' title='bbox 812 1483 967 1520; x_wconf 85' lang='lat' dir='ltr'>tandem</span> <span class='ocrx_word' id='word_1_155' title='bbox 995 1483 1151 1533; x_wconf 77' lang='lat' dir='ltr'>obloqui</span> <span class='ocrx_word' id='word_1_156' title='bbox 1180 1484 1277 1520; x_wconf 85' lang='lat' dir='ltr'>desi-</span> 
     </span>
    </p>
   </div>
   <div class='ocr_carea' id='block_1_3' title="bbox 161 1549 1482 1599">
    <p class='ocr_par' dir='ltr' id='par_1_3' title="bbox 161 1549 1482 1599">
     <span class='ocr_line' id='line_1_22' title="bbox 161 1549 1482 1599; baseline 0.001 -15"><span class='ocrx_word' id='word_1_157' title='bbox 161 1555 277 1585; x_wconf 85' lang='lat' dir='ltr'>stunt.</span> <span class='ocrx_word' id='word_1_158' title='bbox 336 1549 444 1586; x_wconf 89' lang='lat' dir='ltr'>Unus</span> <span class='ocrx_word' id='word_1_159' title='bbox 471 1562 549 1585; x_wconf 78' lang='lat' dir='ltr'>ren]</span> <span class='ocrx_word' id='word_1_160' title='bbox 577 1562 622 1585; x_wconf 83' lang='lat' dir='ltr'>ex</span> <span class='ocrx_word' id='word_1_161' title='bbox 645 1549 858 1599; x_wconf 86' lang='lat' dir='ltr'>composito</span> <span class='ocrx_word' id='word_1_162' title='bbox 879 1549 1036 1584; x_wconf 85' lang='lat' dir='ltr'>orditur.</span> <span class='ocrx_word' id='word_1_163' title='bbox 1093 1549 1191 1585; x_wconf 86' lang='lat' dir='ltr'>Cum</span> <span class='ocrx_word' id='word_1_164' title='bbox 1220 1550 1277 1585; x_wconf 86' lang='lat' dir='ltr'>in·</span> <span class='ocrx_word' id='word_1_165' title='bbox 1290 1556 1482 1595; x_wconf 75' lang='lat' dir='ltr'>Tarquinius</span> 
     </span>
    </p>
   </div>
   <div class='ocr_carea' id='block_1_4' title="bbox 156 1612 1278 2250">
    <p class='ocr_par' dir='ltr' id='par_1_4' title="bbox 158 1612 1278 1792">
     <span class='ocr_line' id='line_1_23' title="bbox 158 1612 1278 1656; baseline 0.001 -8"><span class='ocrx_word' id='word_1_166' title='bbox 158 1620 284 1649; x_wconf 87' lang='lat' dir='ltr'>tentus</span> <span class='ocrx_word' id='word_1_167' title='bbox 314 1615 353 1650; x_wconf 89' lang='lat' dir='ltr'>in</span> <span class='ocrx_word' id='word_1_168' title='bbox 383 1627 468 1650; x_wconf 87' lang='lat' dir='ltr'>eum</span> <span class='ocrx_word' id='word_1_169' title='bbox 497 1626 536 1650; x_wconf 90' lang='lat' dir='ltr'>se</span> <span class='ocrx_word' id='word_1_170' title='bbox 564 1626 631 1650; x_wconf 86' lang='lat' dir='ltr'>rex</span> <span class='ocrx_word' id='word_1_171' title='bbox 659 1619 763 1649; x_wconf 87' lang='lat' dir='ltr'>totus</span> <span class='ocrx_word' id='word_1_172' title='bbox 793 1618 992 1656; x_wconf 83' lang='lat' dir='ltr'>averteret,</span> <span class='ocrx_word' id='word_1_173' title='bbox 1021 1612 1115 1649; x_wconf 87' lang='lat' dir='ltr'>alter</span> <span class='ocrx_word' id='word_1_174' title='bbox 1140 1612 1278 1650; x_wconf 75' lang='lat' dir='ltr'>elatam</span> 
     </span>
     <span class='ocr_line' id='line_1_24' title="bbox 160 1669 1275 1729; baseline 0.001 -16"><span class='ocrx_word' id='word_1_175' title='bbox 160 1679 319 1714; x_wconf 88' lang='lat' dir='ltr'>securim</span> <span class='ocrx_word' id='word_1_176' title='bbox 338 1679 377 1715; x_wconf 92' lang='lat' dir='ltr'>in</span> <span class='ocrx_word' id='word_1_177' title='bbox 397 1685 511 1729; x_wconf 88' lang='lat' dir='ltr'>caput</span> <span class='ocrx_word' id='word_1_178' title='bbox 530 1678 689 1729; x_wconf 82' lang='lat' dir='ltr'>dejecit:</span> <span class='ocrx_word' id='word_1_179' title='bbox 722 1678 930 1727; x_wconf 83' lang='lat' dir='ltr'>relictoque</span> <span class='ocrx_word' id='word_1_180' title='bbox 953 1678 991 1713; x_wconf 84' lang='lat' dir='ltr'>in</span> <span class='ocrx_word' id='word_1_181' title='bbox 1011 1669 1165 1713; x_wconf 80' lang='lat' dir='ltr'>vulnere</span> <span class='ocrx_word' id='word_1_182' title='bbox 1184 1677 1275 1722; x_wconf 87' lang='lat' dir='ltr'>telo,</span> 
     </span>
     <span class='ocr_line' id='line_1_25' title="bbox 161 1742 643 1792; baseline 0.002 -14"><span class='ocrx_word' id='word_1_183' title='bbox 161 1742 273 1778; x_wconf 87' lang='lat' dir='ltr'>ambo</span> <span class='ocrx_word' id='word_1_184' title='bbox 293 1755 332 1778; x_wconf 89' lang='lat' dir='ltr'>se</span> <span class='ocrx_word' id='word_1_185' title='bbox 350 1742 452 1779; x_wconf 84' lang='lat' dir='ltr'>foras</span> <span class='ocrx_word' id='word_1_186' title='bbox 473 1742 643 1792; x_wconf 88' lang='lat' dir='ltr'>ejiciunt.</span> 
     </span>
    </p>

    <p class='ocr_par' dir='ltr' id='par_1_5' title="bbox 156 1805 1277 2250">
     <span class='ocr_line' id='line_1_26' title="bbox 212 1805 1277 1856; baseline 0.002 -14"><span class='ocrx_word' id='word_1_187' title='bbox 212 1805 322 1844; x_wconf 91' lang='lat' dir='ltr'><strong>XLI.</strong></span> <span class='ocrx_word' id='word_1_188' title='bbox 351 1806 601 1856; x_wconf 81' lang='lat' dir='ltr'>Tarquinium</span> <span class='ocrx_word' id='word_1_189' title='bbox 630 1806 898 1842; x_wconf 87' lang='lat' dir='ltr'>moribundum</span> <span class='ocrx_word' id='word_1_190' title='bbox 926 1819 1055 1856; x_wconf 83' lang='lat' dir='ltr'>quum,</span> <span class='ocrx_word' id='word_1_191' title='bbox 1087 1807 1277 1856; x_wconf 73' lang='lat' dir='ltr'>quien-ca</span> 
     </span>
     <span class='ocr_line' id='line_1_27' title="bbox 157 1870 1274 1921; baseline 0.001 -15"><span class='ocrx_word' id='word_1_192' title='bbox 157 1877 277 1914; x_wconf 85' lang='lat' dir='ltr'>erant,</span> <span class='ocrx_word' id='word_1_193' title='bbox 309 1872 559 1920; x_wconf 84' lang='lat' dir='ltr'>excepissent,</span> <span class='ocrx_word' id='word_1_194' title='bbox 589 1871 674 1907; x_wconf 82' lang='lat' dir='ltr'>illos</span> <span class='ocrx_word' id='word_1_195' title='bbox 705 1870 894 1919; x_wconf 82' lang='lat' dir='ltr'>fugientes</span> <span class='ocrx_word' id='word_1_196' title='bbox 922 1871 1073 1907; x_wconf 85' lang='lat' dir='ltr'>lictores</span> <span class='ocrx_word' id='word_1_197' title='bbox 1104 1884 1274 1921; x_wconf 87' lang='lat' dir='ltr'>compre—</span> 
     </span>
     <span class='ocr_line' id='line_1_28' title="bbox 156 1936 1273 1987; baseline 0.002 -16"><span class='ocrx_word' id='word_1_198' title='bbox 156 1936 349 1972; x_wconf 87' lang='lat' dir='ltr'>hendunt:</span> <span class='ocrx_word' id='word_1_199' title='bbox 383 1936 524 1972; x_wconf 86' lang='lat' dir='ltr'>clamor</span> <span class='ocrx_word' id='word_1_200' title='bbox 553 1937 640 1972; x_wconf 87' lang='lat' dir='ltr'>inde</span> <span class='ocrx_word' id='word_1_201' title='bbox 660 1948 939 1985; x_wconf 87' lang='lat' dir='ltr'>concursusque</span> <span class='ocrx_word' id='word_1_202' title='bbox 964 1937 1109 1987; x_wconf 87' lang='lat' dir='ltr'>populi,</span> <span class='ocrx_word' id='word_1_203' title='bbox 1133 1939 1273 1974; x_wconf 83' lang='lat' dir='ltr'>miran-</span> 
     </span>
     <span class='ocr_line' id='line_1_29' title="bbox 157 2004 1273 2052; baseline 0.002 -13"><span class='ocrx_word' id='word_1_204' title='bbox 157 2004 252 2039; x_wconf 84' lang='lat' dir='ltr'>tium</span> <span class='ocrx_word' id='word_1_205' title='bbox 272 2004 361 2052; x_wconf 80' lang='lat' dir='ltr'>quid</span> <span class='ocrx_word' id='word_1_206' title='bbox 379 2004 432 2039; x_wconf 85' lang='lat' dir='ltr'>rei</span> <span class='ocrx_word' id='word_1_207' title='bbox 453 2010 562 2040; x_wconf 89' lang='lat' dir='ltr'>esset.</span> <span class='ocrx_word' id='word_1_208' title='bbox 618 2004 807 2052; x_wconf 84' lang='lat' dir='ltr'>Tanaquil</span> <span class='ocrx_word' id='word_1_209' title='bbox 829 2005 928 2040; x_wconf 91' lang='lat' dir='ltr'>inter</span> <span class='ocrx_word' id='word_1_210' title='bbox 946 2004 1151 2041; x_wconf 86' lang='lat' dir='ltr'>tumultum</span> <span class='ocrx_word' id='word_1_211' title='bbox 1170 2005 1273 2041; x_wconf 88' lang='lat' dir='ltr'>clau-</span> 
     </span>
     <span class='ocr_line' id='line_1_30' title="bbox 157 2067 1272 2118; baseline 0.003 -16"><span class='ocrx_word' id='word_1_212' title='bbox 157 2067 193 2102; x_wconf 80' lang='lat' dir='ltr'>di</span> <span class='ocrx_word' id='word_1_213' title='bbox 222 2069 365 2116; x_wconf 86' lang='lat' dir='ltr'>regiam</span> <span class='ocrx_word' id='word_1_214' title='bbox 386 2067 513 2118; x_wconf 84' lang='lat' dir='ltr'>jubet,</span> <span class='ocrx_word' id='word_1_215' title='bbox 535 2068 696 2104; x_wconf 83' lang='lat' dir='ltr'>arbitros</span> <span class='ocrx_word' id='word_1_216' title='bbox 720 2067 856 2117; x_wconf 82' lang='lat' dir='ltr'>ejecit:</span> <span class='ocrx_word' id='word_1_217' title='bbox 889 2068 1013 2112; x_wconf 88' lang='lat' dir='ltr'>simul,</span> <span class='ocrx_word' id='word_1_218' title='bbox 1036 2082 1118 2118; x_wconf 85' lang='lat' dir='ltr'>quae</span> <span class='ocrx_word' id='word_1_219' title='bbox 1138 2082 1272 2105; x_wconf 88' lang='lat' dir='ltr'>curan-</span> 
     </span>
     <span class='ocr_line' id='line_1_31' title="bbox 158 2133 1273 2187; baseline 0.004 -19"><span class='ocrx_word' id='word_1_220' title='bbox 158 2133 206 2169; x_wconf 87' lang='lat' dir='ltr'>do</span> <span class='ocrx_word' id='word_1_221' title='bbox 234 2133 379 2187; x_wconf 74' lang='lat' dir='ltr'>vulneri</span> <span class='ocrx_word' id='word_1_222' title='bbox 409 2147 502 2184; x_wconf 90' lang='lat' dir='ltr'>opus</span> <span class='ocrx_word' id='word_1_223' title='bbox 533 2140 634 2178; x_wconf 85' lang='lat' dir='ltr'>sunt,</span> <span class='ocrx_word' id='word_1_224' title='bbox 663 2141 858 2183; x_wconf 86' lang='lat' dir='ltr'>tamquam</span> <span class='ocrx_word' id='word_1_225' title='bbox 890 2148 972 2185; x_wconf 88' lang='lat' dir='ltr'>spes</span> <span class='ocrx_word' id='word_1_226' title='bbox 1004 2135 1187 2179; x_wconf 87' lang='lat' dir='ltr'>subesset,</span> <span class='ocrx_word' id='word_1_227' title='bbox 1215 2149 1273 2172; x_wconf 85' lang='lat' dir='ltr'>se-</span> 
     </span>
     <span class='ocr_line' id='line_1_32' title="bbox 157 2196 1272 2250; baseline 0.003 -17"><span class='ocrx_word' id='word_1_228' title='bbox 157 2196 246 2233; x_wconf 82' lang='lat' dir='ltr'>dulo</span> <span class='ocrx_word' id='word_1_229' title='bbox 266 2204 489 2248; x_wconf 84' lang='lat' dir='ltr'>comparat:</span> <span class='ocrx_word' id='word_1_230' title='bbox 523 2197 647 2242; x_wconf 87' lang='lat' dir='ltr'>simul,</span> <span class='ocrx_word' id='word_1_231' title='bbox 669 2199 699 2234; x_wconf 89' lang='lat' dir='ltr'>si</span> <span class='ocrx_word' id='word_1_232' title='bbox 726 2198 906 2235; x_wconf 84' lang='lat' dir='ltr'>destituat</span> <span class='ocrx_word' id='word_1_233' title='bbox 933 2212 1030 2249; x_wconf 90' lang='lat' dir='ltr'>spes,</span> <span class='ocrx_word' id='word_1_234' title='bbox 1052 2199 1125 2236; x_wconf 84' lang='lat' dir='ltr'>alia</span> <span class='ocrx_word' id='word_1_235' title='bbox 1143 2201 1272 2250; x_wconf 87' lang='lat' dir='ltr'>praesi-</span> 
     </span>
    </p>
   </div>
   <div class='ocr_carea' id='block_1_5' title="bbox 1289 1600 1454 1632">
    <p class='ocr_par' dir='ltr' id='par_1_6' title="bbox 1289 1600 1454 1632">
     <span class='ocr_line' id='line_1_33' title="bbox 1289 1600 1454 1632; baseline -0.024 0"><span class='ocrx_word' id='word_1_236' title='bbox 1289 1600 1454 1632; x_wconf 83' lang='lat' dir='ltr'>occiditur.</span> 
     </span>
    </p>
   </div>
   <div class='ocr_carea' id='block_1_6' title="bbox 157 2256 1486 2314">
    <p class='ocr_par' dir='ltr' id='par_1_7' title="bbox 157 2256 1486 2314">
     <span class='ocr_line' id='line_1_34' title="bbox 157 2256 1486 2314; baseline 0.004 -18"><span class='ocrx_word' id='word_1_237' title='bbox 157 2261 230 2297; x_wconf 88' lang='lat' dir='ltr'>dia·</span> <span class='ocrx_word' id='word_1_238' title='bbox 247 2261 412 2300; x_wconf 86' lang='lat' dir='ltr'>molitur.</span> <span class='ocrx_word' id='word_1_239' title='bbox 470 2263 600 2300; x_wconf 87' lang='lat' dir='ltr'>Servio</span> <span class='ocrx_word' id='word_1_240' title='bbox 626 2276 785 2313; x_wconf 86' lang='lat' dir='ltr'>propere</span> <span class='ocrx_word' id='word_1_241' title='bbox 805 2264 932 2300; x_wconf 86' lang='lat' dir='ltr'>adcito</span> <span class='ocrx_word' id='word_1_242' title='bbox 951 2277 1067 2313; x_wconf 87' lang='lat' dir='ltr'>quum</span> <span class='ocrx_word' id='word_1_243' title='bbox 1092 2277 1187 2314; x_wconf 92' lang='lat' dir='ltr'>pene</span> <span class='ocrx_word' id='word_1_244' title='bbox 1207 2278 1271 2301; x_wconf 84' lang='lat' dir='ltr'>ex·</span> <span class='ocrx_word' id='word_1_245' title='bbox 1286 2256 1411 2287; x_wconf 61' lang='lat' dir='ltr'>sewius</span> <span class='ocrx_word' id='word_1_246' title='bbox 1429 2267 1486 2289; x_wconf 66' lang='grc' dir='ltr'>ω·</span> 
     </span>
    </p>
   </div>
   <div class='ocr_carea' id='block_1_7' title="bbox 1285 2309 1477 2332">
    <p class='ocr_par' dir='ltr' id='par_1_8' title="bbox 1285 2309 1477 2332">
     <span class='ocr_line' id='line_1_35' title="bbox 1285 2309 1477 2332; baseline 0.01 -2"><span class='ocrx_word' id='word_1_247' title='bbox 1285 2309 1352 2330; x_wconf 77' lang='lat' dir='ltr'>ram</span> <span class='ocrx_word' id='word_1_248' title='bbox 1369 2310 1438 2331; x_wconf 79' lang='lat' dir='ltr'>reru</span> <span class='ocrx_word' id='word_1_249' title='bbox 1443 2311 1477 2332; x_wconf 86' lang='lat' dir='ltr'>m</span> 
     </span>
    </p>
   </div>
   <div class='ocr_carea' id='block_1_8' title="bbox 157 2327 1427 2385">
    <p class='ocr_par' dir='ltr' id='par_1_9' title="bbox 157 2327 1427 2385">
     <span class='ocr_line' id='line_1_36' title="bbox 157 2327 1427 2385; baseline 0.006 -25"><span class='ocrx_word' id='word_1_250' title='bbox 157 2337 338 2375; x_wconf 82' lang='lat' dir='ltr'>sanguem</span> <span class='ocrx_word' id='word_1_251' title='bbox 366 2328 487 2365; x_wconf 85' lang='lat' dir='ltr'>virum</span> <span class='ocrx_word' id='word_1_252' title='bbox 515 2327 743 2365; x_wconf 88' lang='lat' dir='ltr'>ostendisset</span> <span class='ocrx_word' id='word_1_253' title='bbox 759 2344 769 2373; x_wconf 89' lang='lat'>;</span> <span class='ocrx_word' id='word_1_254' title='bbox 810 2329 982 2365; x_wconf 79' lang='lat' dir='ltr'>dextram</span> <span class='ocrx_word' id='word_1_255' title='bbox 1009 2335 1142 2366; x_wconf 88' lang='lat' dir='ltr'>tenens</span> <span class='ocrx_word' id='word_1_256' title='bbox 1172 2336 1270 2376; x_wconf 80' lang='lat' dir='ltr'>orat,</span> <span class='ocrx_word' id='word_1_257' title='bbox 1284 2345 1427 2385; x_wconf 84' lang='lat' dir='ltr'>capessit.</span> 
     </span>
    </p>
   </div>
   <div class='ocr_carea' id='block_1_9' title="bbox 671 2390 753 2428">
    <p class='ocr_par' dir='ltr' id='par_1_10' title="bbox 671 2390 753 2428">
     <span class='ocr_line' id='line_1_37' title="bbox 671 2390 753 2428; baseline 0.012 -1"><span class='ocrx_word' id='word_1_258' title='bbox 671 2390 753 2428; x_wconf 83' lang='lat' dir='ltr'>D6</span> 
     </span>
    </p>
   </div>
  </div>
 </body>
</html>
