1573 2598
277 178 362 225 542
733 177 779 208 T.
804 177 938 209 mvn

86 266 176 298 U·C·
193 274 268 299 41⁵-
281 269 408 312 edicti,
425 278 590 319 praeceps
608 266 655 303 ad
673 267 712 303 id
731 275 924 305 certamen
943 270 1084 319 agitur,
1101 282 1190 320 quo,
1210 271 1396 318 vinceret,

84 310 176 342 A’C'
192 316 330 370 337‘an
365 333 598 373 vinceretur,
620 330 723 367 haud
754 331 916 369 multum
947 334 1169 370 interesset:
1201 335 1393 385 equit-ibus

281 397 415 434 ceteris
436 394 538 431 velut
557 395 604 430 ad
626 395 884 444 spectaculum
905 398 1108 441 submotis,
1129 400 1267 448 spatio,
1288 398 1391 448 quod

280 461 391 498 vacui
408 457 658 509 interjacebat
677 461 813 509 campi,
832 461 1007 497 adversos
1028 463 1224 499 concitant
1243 474 1359 511 equos
1377 476 1385 498 ε

281 532 334 569 et,
366 537 481 574 quum
513 523 660 559 infestis
688 524 905 574 cuspidibus
933 527 1224 569 concurrissent,
1254 525 1394 562 Manlii

281 591 405 640 cuspis
443 600 554 638 super
583 587 729 636 galeam
761 589 896 632 hostis,
926 589 1040 626 Metii
1073 597 1177 626 trans
1208 590 1391 626 cervicem

280 654 367 703 equi
386 652 513 702 elapsa
529 658 596 687 est.
631 651 880 688 Circum-actis
896 652 1029 689 deinde
1044 655 1163 702 equis,
1181 666 1295 703 quum
1316 653 1393 704 pri-

87 717 198 766 Vincit
281 731 326 754 or
344 718 392 754 ad
409 716 620 752 iterandum
635 716 753 752 ictum
772 716 941 753 Manlius
957 719 1258 754 consurrexisset
1272 734 1281 762 3
1313 718 1392 768 spi-

89 759 244 793 Manhus'
281 782 408 818 culum
428 782 527 817 inter
549 793 656 816 aures
677 781 762 829 equi
783 781 887 817 fixit:
921 782 969 823 ad
989 781 1094 832 cujus
1114 781 1278 818 vulneris
1305 794 1391 818 sen-

281 859 364 882 sum
384 857 498 894 quum
525 856 656 892 equuS,
677 844 866 893 prioribus
893 846 1050 894 pedibus
1078 846 1226 889 erectis,
1253 857 1392 894 magna

280 911 317 946 vi
344 914 458 960 caput
478 913 664 957 quateret,
686 909 854 943 excussit
880 910 1068 957 equitem:
1101 922 1212 958 quem
1238 909 1396 959 cuspide

281 986 488 1025 parmaque
520 972 702 1013 innisum,
734 971 982 1008 adtollentem
1009 985 1049 1008 se
1079 973 1126 1009 ab
1153 974 1258 1022 gravi
1286 985 1391 1017 casu,

280 1037 450 1075 Elanlius
465 1036 511 1073 ab
522 1035 678 1085 jugulo,
696 1036 750 1071 ita
765 1042 805 1071 ut
821 1049 888 1085 per
900 1042 1024 1073 costas
1039 1037 1180 1073 ferrum
1195 1038 1403 1081 emineret,.

280 1109 390 1139 terrae
428 1101 558 1138 adfixit
575 1116 581 1136 :
621 1100 826 1150 spoliisque
862 1100 968 1137 lectis
1006 1102 1052 1137 ad
1090 1114 1177 1138 suos
1207 1108 1392 1146 revectuS,

283 1180 368 1203 cum
400 1172 538 1202 ovante
559 1165 699 1214 gaudio
727 1171 853 1201 turma
881 1166 920 1201 in
941 1171 1076 1209 castra,
1097 1173 1210 1214 atque
1238 1166 1325 1202 inde
1345 1167 1403 1203 θῶ

281 1231 499 1280 praetorium
521 1229 566 1265 ad
587 1234 746 1278 patrem,
768 1229 903 1271 tendit,
925 1229 1077 1277 ignarus
1097 1229 1167 1265 fati
1185 1229 1399 1279 futurique‚.

280 1294 361 1330 laus
392 1307 441 1330 an
470 1305 585 1343 poena
617 1292 751 1327 merita
781 1298 892 1335 esset,
930 1294 980 1329 Ut
1006 1305 1063 1329 me
1092 1305 1222 1336 omnes,
1254 1293 1391 1343 inquit,

276 1363 398 1407 pater,
434 1363 495 1394 tuo
530 1358 703 1404 sanguine
735 1361 851 1392 ortum
883 1369 963 1393 vere
989 1357 1149 1405 ferrent,
1179 1363 1400 1406 provocatus-

73 1422 102 1452 Α
117 1427 202 1470 patre
219 1429 265 1449 se·
280 1424 456 1471 equestria
479 1422 550 1458 haec
574 1423 691 1469 spolia
710 1426 817 1469 capta
837 1433 878 1457 ea:
904 1421 1000 1457 hoste
1024 1434 1110 1457 cceso
1131 1427 1249 1470 porto.
1278 1422 1404 1462 Quod*

66 1473 266 1503 rcuripercu-

72 1507 159 1537 titur.
279 1486 343 1523 ubi
374 1486 515 1522 audivit
536 1485 682 1528 consul,
700 1484 904 1534 extemplo,
926 1484 1043 1521 filium
1073 1493 1277 1528 aversatus,
1297 1499 1389 1523 con—

279 1550 426 1585 cionem
458 1549 615 1584 classico
646 1548 819 1583 advocari
843 1546 984 1596 jussit:
1017 1561 1099 1596 quae
1129 1548 1191 1584 ubi
1213 1548 1387 1598 frequens

278 1613 470 1655 convenit,
509 1614 740 1660 Quandoque,
780 1612 916 1660 inquit,
951 1617 1002 1653 tu,
1043 1613 1082 1647 T.
1111 1613 1244 1654 Manli,
1281 1625 1393 1662 neque

279 1678 471 1724 imperium
487 1678 683 1719 consulare,
705 1687 817 1724 neque
834 1674 1053 1721 majestatem
1069 1677 1229 1722 patriam
1243 1678 1388 1719 veritus,

279 1742 446 1776 adversus
481 1742 637 1775 edictum
672 1745 833 1775 nostrum
865 1745 966 1776 extra
995 1742 1155 1776 ordinem
1188 1744 1222 1776 ἐπ
1260 1741 1401 1778 hostem-

273 1805 458 1853 pugnasti,
478 1809 524 1845 et,
543 1809 715 1851 quantum
733 1805 768 1838 in
789 1803 925 1851 tesan,
942 1805 1169 1851 disciplinam
1184 1805 1392 1848 militarem,

277 1880 347 1915 qua
364 1869 466 1903 stetit
484 1869 532 1902 ad
553 1868 750 1903 llam-‘diem
776 1868 941 1903 Romana
959 1880 1026 1909 res,
1045 1869 1194 1911 solvisti,
1215 1880 1339 1916 meque
1357 1871 1395 1905 in

276 1942 353 1966 eam
374 1933 615 1972 necessitatem
636 1932 833 1972 adduxisti,
850 1936 892 1967 ut
910 1936 974 1967 aut
991 1931 1194 1979 reipublice?
1211 1932 1311 1975 mihi,
1328 1938 1394 1969 aut

276 1995 347 2029 mei
380 2006 607 2041 meorumque
636 1995 908 2030 obliviscendum
935 1996 1004 2037 εὲες
1034 2007 1096 2030 nos
1125 1996 1244 2042 potius
1271 2000 1405 2031 nostro

277 2060 407 2095 delicto
435 2060 648 2106 plectemur,
676 2071 782 2106 quam
816 2060 1013 2106 respublica
1043 2064 1143 2094 tanto
1170 2071 1233 2094 suo
1261 2060 1401 2096 damno

274 2127 396 2158 nostra
412 2127 563 2170 peccata
584 2124 685 2158 luat:
716 2124 815 2158 triste
840 2124 1049 2170 exemplum,
1069 2123 1130 2158 sed
1156 2124 1191 2158 z'n
1209 2128 1402 2170 posterum-

273 2185 416 2222 salubre
435 2184 633 2230 juventuti,
664 2187 803 2222 erimus.
851 2186 912 2221 Me
931 2187 1071 2233 quidem
1098 2198 1202 2234 quum
1234 2187 1402 2234 ingenita:

275 2251 410 2285 caritas
430 2250 589 2293 liberum,
612 2255 687 2286 tum
704 2252 879 2297 specimen
904 2251 1000 2286 istud
1027 2253 1184 2292 virtutis,
1207 2251 1403 2298 deceptum.-

274 2324 369 2349 vana
388 2314 545 2362 imagine
563 2316 710 2358 decoris,
732 2316 769 2351 in
785 2319 819 2351 te
832 2314 958 2351 movet.
980 2315 1053 2352 Sed
1069 2327 1178 2363 quum
1196 2319 1260 2352 aut
1277 2319 1392 2351 morte
