<?xml version="1.0" encoding="UTF-8"?>
<!DOCTYPE html PUBLIC "-//W3C//DTD XHTML 1.0 Transitional//EN"
    "http://www.w3.org/TR/xhtml1/DTD/xhtml1-transitional.dtd">
<html xmlns="http://www.w3.org/1999/xhtml" xml:lang="en" lang="en">
 <head>
  <title>
</title>
<meta http-equiv="Content-Type" content="text/html;charset=utf-8" />
  <meta name='ocr-system' content='tesseract 3.04.00' />
  <meta name='ocr-capabilities' content='ocr_page ocr_carea ocr_par ocr_line ocrx_word'/>
</head>
<body>
  <div class='ocr_page' id='page_1' title='image "./historiarumquaes01livyuoft/historiarumquaes01livyuoft_0021.png"; bbox 0 0 1573 2598; ppageno 0'>
   <div class='ocr_carea' id='block_1_1' title="bbox 482 182 1281 215">
    <p class='ocr_par' dir='ltr' id='par_1_1' title="bbox 482 182 1281 215">
     <span class='ocr_line' id='line_1_1' title="bbox 482 182 1281 215; baseline -0.004 0"><span class='ocrx_word' id='word_1_1' title='bbox 482 185 637 215; x_wconf 78' lang='lat' dir='ltr'>LIBER</span> <span class='ocrx_word' id='word_1_2' title='bbox 662 184 696 212; x_wconf 90' lang='lat'>1.</span> <span class='ocrx_word' id='word_1_3' title='bbox 730 182 836 212; x_wconf 62' lang='lat' dir='ltr'>CAR</span> <span class='ocrx_word' id='word_1_4' title='bbox 860 183 941 213; x_wconf 85' lang='lat'>111.</span> <span class='ocrx_word' id='word_1_5' title='bbox 1232 182 1281 212; x_wconf 63' lang='lat'>1}</span> 
     </span>
    </p>
   </div>
   <div class='ocr_carea' id='block_1_2' title="bbox 118 271 1410 2443">
    <p class='ocr_par' dir='ltr' id='par_1_2' title="bbox 158 271 1282 458">
     <span class='ocr_line' id='line_1_2' title="bbox 159 271 1282 327; baseline -0.005 -12"><span class='ocrx_word' id='word_1_6' title='bbox 159 273 265 316; x_wconf 83' lang='lat' dir='ltr'>lento</span> <span class='ocrx_word' id='word_1_7' title='bbox 307 284 389 315; x_wconf 89' lang='lat' dir='ltr'>tum</span> <span class='ocrx_word' id='word_1_8' title='bbox 425 275 566 327; x_wconf 84' lang='lat' dir='ltr'>oppido</span> <span class='ocrx_word' id='word_1_9' title='bbox 603 275 839 325; x_wconf 84' lang='lat' dir='ltr'>imperitans,</span> <span class='ocrx_word' id='word_1_10' title='bbox 862 273 945 325; x_wconf 84' lang='lat' dir='ltr'>jam</span> <span class='ocrx_word' id='word_1_11' title='bbox 978 272 1066 310; x_wconf 82' lang='lat' dir='ltr'>inde</span> <span class='ocrx_word' id='word_1_12' title='bbox 1095 271 1142 310; x_wconf 83' lang='lat' dir='ltr'>ab</span> <span class='ocrx_word' id='word_1_13' title='bbox 1172 273 1282 310; x_wconf 75' lang='lat' dir='ltr'>initio</span> 
     </span>
     <span class='ocr_line' id='line_1_3' title="bbox 159 337 1282 388; baseline -0.006 -9"><span class='ocrx_word' id='word_1_14' title='bbox 159 344 315 380; x_wconf 84' lang='lat' dir='ltr'>minime</span> <span class='ocrx_word' id='word_1_15' title='bbox 346 342 458 378; x_wconf 77' lang='lat' dir='ltr'>laetus</span> <span class='ocrx_word' id='word_1_16' title='bbox 488 353 597 377; x_wconf 77' lang='lat' dir='ltr'>novae</span> <span class='ocrx_word' id='word_1_17' title='bbox 628 339 776 388; x_wconf 83' lang='lat' dir='ltr'>origine</span> <span class='ocrx_word' id='word_1_18' title='bbox 814 338 932 381; x_wconf 71' lang='lat' dir='ltr'>urbis,</span> <span class='ocrx_word' id='word_1_19' title='bbox 971 344 1009 373; x_wconf 84' lang='lat' dir='ltr'>et</span> <span class='ocrx_word' id='word_1_20' title='bbox 1045 344 1126 373; x_wconf 80' lang='lat' dir='ltr'>tuln</span> <span class='ocrx_word' id='word_1_21' title='bbox 1163 337 1282 373; x_wconf 82' lang='lat' dir='ltr'>nimio</span> 
     </span>
     <span class='ocr_line' id='line_1_4' title="bbox 158 400 1281 458; baseline -0.006 -15"><span class='ocrx_word' id='word_1_22' title='bbox 158 407 260 458; x_wconf 76' lang='lat' dir='ltr'>plus,</span> <span class='ocrx_word' id='word_1_23' title='bbox 290 419 402 456; x_wconf 81' lang='lat' dir='ltr'>quam</span> <span class='ocrx_word' id='word_1_24' title='bbox 435 405 525 441; x_wconf 82' lang='lat' dir='ltr'>satis</span> <span class='ocrx_word' id='word_1_25' title='bbox 560 410 687 440; x_wconf 86' lang='lat' dir='ltr'>tutum</span> <span class='ocrx_word' id='word_1_26' title='bbox 720 409 818 439; x_wconf 84' lang='lat' dir='ltr'>esset</span> <span class='ocrx_word' id='word_1_27' title='bbox 848 401 1005 444; x_wconf 64' lang='grc'><strong>01100115,</strong></span> <span class='ocrx_word' id='word_1_28' title='bbox 1032 413 1111 437; x_wconf 88' lang='lat' dir='ltr'>rem</span> <span class='ocrx_word' id='word_1_29' title='bbox 1143 400 1281 450; x_wconf 77' lang='lat' dir='ltr'>Troja—</span> 
     </span>
    </p>

    <p class='ocr_par' dir='ltr' id='par_1_3' title="bbox 159 464 1281 515">
     <span class='ocr_line' id='line_1_5' title="bbox 159 464 1281 515; baseline -0.005 -8"><span class='ocrx_word' id='word_1_30' title='bbox 159 484 248 508; x_wconf 84' lang='lat' dir='ltr'>nam</span> <span class='ocrx_word' id='word_1_31' title='bbox 273 481 440 506; x_wconf 87' lang='lat' dir='ltr'>crescere</span> <span class='ocrx_word' id='word_1_32' title='bbox 462 475 580 512; x_wconf 64' lang='lat' dir='ltr'>raum,</span> <span class='ocrx_word' id='word_1_33' title='bbox 605 467 707 504; x_wconf 77' lang='lat' dir='ltr'>haud</span> <span class='ocrx_word' id='word_1_34' title='bbox 730 467 916 515; x_wconf 80' lang='lat' dir='ltr'>gravatim</span> <span class='ocrx_word' id='word_1_35' title='bbox 942 466 1046 502; x_wconf 81' lang='lat' dir='ltr'>socia</span> <span class='ocrx_word' id='word_1_36' title='bbox 1075 477 1180 502; x_wconf 86' lang='lat' dir='ltr'>arma</span> <span class='ocrx_word' id='word_1_37' title='bbox 1197 464 1281 502; x_wconf 84' lang='lat' dir='ltr'>Ru-</span> 
     </span>
    </p>

    <p class='ocr_par' dir='ltr' id='par_1_4' title="bbox 157 529 1283 584">
     <span class='ocr_line' id='line_1_6' title="bbox 157 529 1283 584; baseline -0.004 -13"><span class='ocrx_word' id='word_1_38' title='bbox 157 535 246 572; x_wconf 87' lang='lat' dir='ltr'><strong>tulis</strong></span> <span class='ocrx_word' id='word_1_39' title='bbox 270 533 413 584; x_wconf 85' lang='lat' dir='ltr'>juuxit.</span> <span class='ocrx_word' id='word_1_40' title='bbox 470 533 630 576; x_wconf 80' lang='lat' dir='ltr'>AEneas,</span> <span class='ocrx_word' id='word_1_41' title='bbox 653 532 829 569; x_wconf 74' lang='lat' dir='ltr'>adversus</span> <span class='ocrx_word' id='word_1_42' title='bbox 859 532 958 568; x_wconf 81' lang='lat' dir='ltr'>tanti</span> <span class='ocrx_word' id='word_1_43' title='bbox 985 529 1077 568; x_wconf 87' lang='lat' dir='ltr'>belli</span> <span class='ocrx_word' id='word_1_44' title='bbox 1097 536 1283 567; x_wconf 85' lang='lat' dir='ltr'>terrorem</span> 
     </span>
    </p>

    <p class='ocr_par' dir='ltr' id='par_1_5' title="bbox 157 595 1280 647">
     <span class='ocr_line' id='line_1_7' title="bbox 157 595 1280 647; baseline -0.004 -12"><span class='ocrx_word' id='word_1_45' title='bbox 157 605 199 636; x_wconf 84' lang='lat' dir='ltr'>ut</span> <span class='ocrx_word' id='word_1_46' title='bbox 229 600 375 636; x_wconf 80' lang='lat' dir='ltr'>animos</span> <span class='ocrx_word' id='word_1_47' title='bbox 395 598 652 647; x_wconf 83' lang='lat' dir='ltr'>Aboriginum</span> <span class='ocrx_word' id='word_1_48' title='bbox 678 598 750 633; x_wconf 83' lang='lat' dir='ltr'>sibi</span> <span class='ocrx_word' id='word_1_49' title='bbox 782 596 1016 640; x_wconf 80' lang='lat' dir='ltr'>conciliaret,</span> <span class='ocrx_word' id='word_1_50' title='bbox 1039 607 1089 632; x_wconf 86' lang='lat' dir='ltr'>ne</span> <span class='ocrx_word' id='word_1_51' title='bbox 1116 595 1185 631; x_wconf 88' lang='lat' dir='ltr'>sub</span> <span class='ocrx_word' id='word_1_52' title='bbox 1215 608 1280 632; x_wconf 92' lang='lat' dir='ltr'>eo-</span> 
     </span>
    </p>

    <p class='ocr_par' dir='ltr' id='par_1_6' title="bbox 154 661 1410 905">
     <span class='ocr_line' id='line_1_8' title="bbox 157 661 1279 713; baseline -0.004 -13"><span class='ocrx_word' id='word_1_53' title='bbox 157 664 242 700; x_wconf 81' lang='lat' dir='ltr'>dem</span> <span class='ocrx_word' id='word_1_54' title='bbox 261 661 349 713; x_wconf 85' lang='lat' dir='ltr'>jure</span> <span class='ocrx_word' id='word_1_55' title='bbox 379 662 516 705; x_wconf 83' lang='lat' dir='ltr'>solum,</span> <span class='ocrx_word' id='word_1_56' title='bbox 548 662 613 698; x_wconf 82' lang='lat' dir='ltr'>sed</span> <span class='ocrx_word' id='word_1_57' title='bbox 646 662 761 697; x_wconf 77' lang='lat' dir='ltr'>etiam</span> <span class='ocrx_word' id='word_1_58' title='bbox 786 661 956 704; x_wconf 84' lang='lat' dir='ltr'>nomine,</span> <span class='ocrx_word' id='word_1_59' title='bbox 978 671 1109 696; x_wconf 87' lang='grc'><strong>01111105</strong></span> <span class='ocrx_word' id='word_1_60' title='bbox 1138 665 1279 703; x_wconf 82' lang='lat' dir='ltr'>essent,</span> 
     </span>
     <span class='ocr_line' id='line_1_9' title="bbox 156 724 1410 776; baseline -0.006 -11"><span class='ocrx_word' id='word_1_61' title='bbox 156 728 318 765; x_wconf 70' lang='lat' dir='ltr'>Latinos</span> <span class='ocrx_word' id='word_1_62' title='bbox 352 733 551 776; x_wconf 77' lang='lat' dir='ltr'>utramque</span> <span class='ocrx_word' id='word_1_63' title='bbox 581 732 734 775; x_wconf 79' lang='lat' dir='ltr'><strong>gentem</strong></span> <span class='ocrx_word' id='word_1_64' title='bbox 765 725 980 776; x_wconf 80' lang='lat' dir='ltr'>adpellavit.</span> <span class='ocrx_word' id='word_1_65' title='bbox 1036 724 1121 760; x_wconf 87' lang='lat' dir='ltr'>Nec</span> <span class='ocrx_word' id='word_1_66' title='bbox 1145 724 1280 760; x_wconf 89' lang='lat' dir='ltr'>deinde</span> <span class='ocrx_word' id='word_1_67' title='bbox 1294 727 1410 758; x_wconf 80' lang='lat' dir='ltr'>Latini.</span> 
     </span>
     <span class='ocr_line' id='line_1_10' title="bbox 155 788 1281 841; baseline -0.004 -12"><span class='ocrx_word' id='word_1_68' title='bbox 155 792 386 841; x_wconf 78' lang='lat' dir='ltr'>Aborigines</span> <span class='ocrx_word' id='word_1_69' title='bbox 410 790 588 840; x_wconf 80' lang='lat' dir='ltr'>Trojanis</span> <span class='ocrx_word' id='word_1_70' title='bbox 619 791 745 826; x_wconf 84' lang='lat' dir='ltr'>studio</span> <span class='ocrx_word' id='word_1_71' title='bbox 776 803 819 825; x_wconf 81' lang='lat' dir='ltr'>ac</span> <span class='ocrx_word' id='word_1_72' title='bbox 848 789 920 826; x_wconf 87' lang='lat' dir='ltr'>fide</span> <span class='ocrx_word' id='word_1_73' title='bbox 947 801 1036 837; x_wconf 80' lang='lat' dir='ltr'>erga</span> <span class='ocrx_word' id='word_1_74' title='bbox 1059 801 1188 837; x_wconf 82' lang='lat' dir='ltr'>regem</span> <span class='ocrx_word' id='word_1_75' title='bbox 1207 788 1281 824; x_wconf 88' lang='lat' dir='ltr'>AE-</span> 
     </span>
     <span class='ocr_line' id='line_1_11' title="bbox 154 854 1281 905; baseline -0.003 -11"><span class='ocrx_word' id='word_1_76' title='bbox 154 870 254 894; x_wconf 84' lang='lat' dir='ltr'>nean</span> <span class='ocrx_word' id='word_1_77' title='bbox 275 869 419 893; x_wconf 79' lang='lat' dir='ltr'><strong>cessere</strong></span> <span class='ocrx_word' id='word_1_78' title='bbox 439 870 445 891; x_wconf 93' lang='lat'><strong>:</strong></span> <span class='ocrx_word' id='word_1_79' title='bbox 478 856 673 905; x_wconf 84' lang='lat' dir='ltr'><strong>fretusque</strong></span> <span class='ocrx_word' id='word_1_80' title='bbox 693 856 751 891; x_wconf 85' lang='lat' dir='ltr'>his</span> <span class='ocrx_word' id='word_1_81' title='bbox 771 856 906 891; x_wconf 78' lang='lat' dir='ltr'>animis</span> <span class='ocrx_word' id='word_1_82' title='bbox 927 854 1222 891; x_wconf 84' lang='lat' dir='ltr'>coalescentium</span> <span class='ocrx_word' id='word_1_83' title='bbox 1241 855 1281 891; x_wconf 88' lang='lat' dir='ltr'>in</span> 
     </span>
    </p>

    <p class='ocr_par' dir='ltr' id='par_1_7' title="bbox 155 920 1281 1036">
     <span class='ocr_line' id='line_1_12' title="bbox 155 920 1281 971; baseline -0.001 -14"><span class='ocrx_word' id='word_1_84' title='bbox 155 923 233 958; x_wconf 85' lang='lat' dir='ltr'>dies</span> <span class='ocrx_word' id='word_1_85' title='bbox 264 922 384 970; x_wconf 81' lang='lat' dir='ltr'>magis</span> <span class='ocrx_word' id='word_1_86' title='bbox 415 921 576 957; x_wconf 87' lang='lat' dir='ltr'>duorum</span> <span class='ocrx_word' id='word_1_87' title='bbox 604 920 834 971; x_wconf 88' lang='lat' dir='ltr'>populorum</span> <span class='ocrx_word' id='word_1_88' title='bbox 860 920 1020 962; x_wconf 85' lang='lat' dir='ltr'>AEneas,</span> <span class='ocrx_word' id='word_1_89' title='bbox 1051 932 1281 968; x_wconf 82' lang='lat' dir='ltr'>quamquam</span> 
     </span>
     <span class='ocr_line' id='line_1_13' title="bbox 155 983 1280 1036; baseline -0.003 -14"><span class='ocrx_word' id='word_1_90' title='bbox 155 991 264 1022; x_wconf 84' lang='lat' dir='ltr'>tanta</span> <span class='ocrx_word' id='word_1_91' title='bbox 283 986 419 1036; x_wconf 85' lang='lat' dir='ltr'>opibus</span> <span class='ocrx_word' id='word_1_92' title='bbox 439 986 595 1022; x_wconf 81' lang='lat' dir='ltr'><strong>Etruria</strong></span> <span class='ocrx_word' id='word_1_93' title='bbox 614 992 709 1029; x_wconf 84' lang='lat' dir='ltr'>erat,</span> <span class='ocrx_word' id='word_1_94' title='bbox 732 992 773 1021; x_wconf 90' lang='lat' dir='ltr'>ut</span> <span class='ocrx_word' id='word_1_95' title='bbox 786 984 870 1035; x_wconf 81' lang='lat' dir='ltr'>jam</span> <span class='ocrx_word' id='word_1_96' title='bbox 895 997 972 1021; x_wconf 87' lang='lat' dir='ltr'>non</span> <span class='ocrx_word' id='word_1_97' title='bbox 996 990 1114 1020; x_wconf 82' lang='lat' dir='ltr'>terras</span> <span class='ocrx_word' id='word_1_98' title='bbox 1142 983 1280 1027; x_wconf 88' lang='lat' dir='ltr'>solum,</span> 
     </span>
    </p>

    <p class='ocr_par' dir='ltr' id='par_1_8' title="bbox 118 1047 1406 1421">
     <span class='ocr_line' id='line_1_14' title="bbox 156 1047 1280 1099; baseline -0.001 -13"><span class='ocrx_word' id='word_1_99' title='bbox 156 1051 222 1086; x_wconf 85' lang='lat' dir='ltr'>sed</span> <span class='ocrx_word' id='word_1_100' title='bbox 247 1062 350 1085; x_wconf 81' lang='lat' dir='ltr'>mare</span> <span class='ocrx_word' id='word_1_101' title='bbox 373 1051 487 1086; x_wconf 82' lang='lat' dir='ltr'>ctiam</span> <span class='ocrx_word' id='word_1_102' title='bbox 516 1062 583 1099; x_wconf 90' lang='lat' dir='ltr'>per</span> <span class='ocrx_word' id='word_1_103' title='bbox 608 1055 730 1086; x_wconf 79' lang='lat' dir='ltr'>totam</span> <span class='ocrx_word' id='word_1_104' title='bbox 759 1049 881 1085; x_wconf 79' lang='lat' dir='ltr'>ltaliae</span> <span class='ocrx_word' id='word_1_105' title='bbox 910 1048 1205 1097; x_wconf 81' lang='lat' dir='ltr'>longitudinem,</span> <span class='ocrx_word' id='word_1_106' title='bbox 1232 1047 1280 1085; x_wconf 85' lang='lat' dir='ltr'>ab</span> 
     </span>
     <span class='ocr_line' id='line_1_15' title="bbox 118 1113 1280 1164; baseline -0.002 -14"><span class='ocrx_word' id='word_1_107' title='bbox 118 1114 317 1164; x_wconf 70' lang='lat' dir='ltr'>·Alpibus</span> <span class='ocrx_word' id='word_1_108' title='bbox 348 1114 395 1150; x_wconf 82' lang='lat' dir='ltr'>ad</span> <span class='ocrx_word' id='word_1_109' title='bbox 424 1114 564 1150; x_wconf 85' lang='lat' dir='ltr'>fretum</span> <span class='ocrx_word' id='word_1_110' title='bbox 598 1114 780 1157; x_wconf 78' lang='lat' dir='ltr'>Siculum,</span> <span class='ocrx_word' id='word_1_111' title='bbox 804 1114 908 1150; x_wconf 83' lang='lat' dir='ltr'>fama</span> <span class='ocrx_word' id='word_1_112' title='bbox 935 1114 1100 1149; x_wconf 85' lang='lat' dir='ltr'>nominis</span> <span class='ocrx_word' id='word_1_113' title='bbox 1131 1113 1189 1149; x_wconf 88' lang='lat' dir='ltr'>sui</span> <span class='ocrx_word' id='word_1_114' title='bbox 1220 1113 1280 1149; x_wconf 90' lang='lat' dir='ltr'>in-</span> 
     </span>
     <span class='ocr_line' id='line_1_16' title="bbox 154 1177 1279 1230; baseline -0.001 -16"><span class='ocrx_word' id='word_1_115' title='bbox 154 1178 308 1230; x_wconf 80' lang='lat' dir='ltr'>plesset,</span> <span class='ocrx_word' id='word_1_116' title='bbox 339 1185 481 1221; x_wconf 79' lang='lat' dir='ltr'>tamen,</span> <span class='ocrx_word' id='word_1_117' title='bbox 512 1191 628 1227; x_wconf 89' lang='lat' dir='ltr'>quum</span> <span class='ocrx_word' id='word_1_118' title='bbox 658 1178 849 1214; x_wconf 84' lang='lat' dir='ltr'>moenibus</span> <span class='ocrx_word' id='word_1_119' title='bbox 879 1178 1021 1215; x_wconf 87' lang='lat' dir='ltr'>bellum</span> <span class='ocrx_word' id='word_1_120' title='bbox 1057 1177 1279 1228; x_wconf 85' lang='lat' dir='ltr'>propulsare</span> 
     </span>
     <span class='ocr_line' id='line_1_17' title="bbox 153 1238 1406 1294; baseline -0.001 -15"><span class='ocrx_word' id='word_1_121' title='bbox 153 1248 296 1294; x_wconf 88' lang='lat' dir='ltr'>posset,</span> <span class='ocrx_word' id='word_1_122' title='bbox 335 1242 375 1278; x_wconf 89' lang='grc'>111</span> <span class='ocrx_word' id='word_1_123' title='bbox 412 1243 533 1279; x_wconf 85' lang='lat' dir='ltr'>aciem</span> <span class='ocrx_word' id='word_1_124' title='bbox 570 1243 699 1291; x_wconf 78' lang='lat' dir='ltr'>copias</span> <span class='ocrx_word' id='word_1_125' title='bbox 738 1242 881 1279; x_wconf 83' lang='lat' dir='ltr'>eduxit.</span> <span class='ocrx_word' id='word_1_126' title='bbox 939 1242 1155 1278; x_wconf 78' lang='lat' dir='ltr'>Secundum</span> <span class='ocrx_word' id='word_1_127' title='bbox 1190 1242 1278 1279; x_wconf 88' lang='lat' dir='ltr'>inde</span> <span class='ocrx_word' id='word_1_128' title='bbox 1291 1238 1406 1269; x_wconf 64' lang='lat' dir='ltr'>AEsseae</span> 
     </span>
     <span class='ocr_line' id='line_1_18' title="bbox 153 1291 1390 1359; baseline -0.001 -15"><span class='ocrx_word' id='word_1_129' title='bbox 153 1307 332 1359; x_wconf 86' lang='lat' dir='ltr'>proelium</span> <span class='ocrx_word' id='word_1_130' title='bbox 367 1306 533 1350; x_wconf 82' lang='lat' dir='ltr'>Latinis,</span> <span class='ocrx_word' id='word_1_131' title='bbox 571 1306 709 1343; x_wconf 81' lang='lat' dir='ltr'>AEneae</span> <span class='ocrx_word' id='word_1_132' title='bbox 754 1307 869 1343; x_wconf 82' lang='lat' dir='ltr'>etiam</span> <span class='ocrx_word' id='word_1_133' title='bbox 907 1306 1083 1343; x_wconf 86' lang='lat' dir='ltr'>ultimum</span> <span class='ocrx_word' id='word_1_134' title='bbox 1120 1291 1390 1357; x_wconf 55' lang='lat' dir='ltr'>operummors&#39;</span> 
     </span>
     <span class='ocr_line' id='line_1_19' title="bbox 153 1371 1282 1421; baseline -0.001 -13"><span class='ocrx_word' id='word_1_135' title='bbox 153 1371 373 1408; x_wconf 82' lang='lat' dir='ltr'>mortalium</span> <span class='ocrx_word' id='word_1_136' title='bbox 407 1371 505 1408; x_wconf 85' lang='lat' dir='ltr'>fuit:</span> <span class='ocrx_word' id='word_1_137' title='bbox 546 1371 640 1408; x_wconf 87' lang='lat' dir='ltr'>situs</span> <span class='ocrx_word' id='word_1_138' title='bbox 679 1376 750 1414; x_wconf 83' lang='lat' dir='ltr'>est,</span> <span class='ocrx_word' id='word_1_139' title='bbox 782 1383 1058 1421; x_wconf 87' lang='lat' dir='ltr'>quemcumque</span> <span class='ocrx_word' id='word_1_140' title='bbox 1090 1383 1177 1408; x_wconf 87' lang='lat' dir='ltr'>eum</span> <span class='ocrx_word' id='word_1_141' title='bbox 1205 1371 1282 1408; x_wconf 82' lang='lat' dir='ltr'>dici</span> 
     </span>
    </p>

    <p class='ocr_par' dir='ltr' id='par_1_9' title="bbox 146 1434 1281 1551">
     <span class='ocr_line' id='line_1_20' title="bbox 146 1434 1281 1487; baseline 0.001 -15"><span class='ocrx_word' id='word_1_142' title='bbox 146 1434 211 1487; x_wconf 82' lang='lat' dir='ltr'>jus</span> <span class='ocrx_word' id='word_1_143' title='bbox 249 1436 382 1485; x_wconf 85' lang='lat' dir='ltr'>fasque</span> <span class='ocrx_word' id='word_1_144' title='bbox 418 1442 489 1482; x_wconf 78' lang='lat' dir='ltr'>est,</span> <span class='ocrx_word' id='word_1_145' title='bbox 529 1448 640 1487; x_wconf 84' lang='lat' dir='ltr'>super</span> <span class='ocrx_word' id='word_1_146' title='bbox 675 1436 898 1473; x_wconf 87' lang='lat' dir='ltr'>Numicium</span> <span class='ocrx_word' id='word_1_147' title='bbox 934 1436 1086 1473; x_wconf 87' lang='lat' dir='ltr'>fiumen.</span> <span class='ocrx_word' id='word_1_148' title='bbox 1142 1436 1281 1474; x_wconf 87' lang='lat' dir='ltr'>Jovem</span> 
     </span>
     <span class='ocr_line' id='line_1_21' title="bbox 152 1500 587 1551; baseline 0 -13"><span class='ocrx_word' id='word_1_149' title='bbox 152 1501 362 1550; x_wconf 82' lang='lat' dir='ltr'>indigetem</span> <span class='ocrx_word' id='word_1_150' title='bbox 381 1500 587 1551; x_wconf 82' lang='lat' dir='ltr'>adpellant.</span> 
     </span>
    </p>

    <p class='ocr_par' dir='ltr' id='par_1_10' title="bbox 152 1564 1279 1938">
     <span class='ocr_line' id='line_1_22' title="bbox 206 1564 1279 1617; baseline -0.004 -13"><span class='ocrx_word' id='word_1_151' title='bbox 206 1568 282 1604; x_wconf 91' lang='lat' dir='ltr'>III.</span> <span class='ocrx_word' id='word_1_152' title='bbox 312 1568 497 1604; x_wconf 86' lang='lat' dir='ltr'>Nondum</span> <span class='ocrx_word' id='word_1_153' title='bbox 525 1573 695 1604; x_wconf 83' lang='lat' dir='ltr'>maturus</span> <span class='ocrx_word' id='word_1_154' title='bbox 729 1566 890 1617; x_wconf 87' lang='lat' dir='ltr'>imperio</span> <span class='ocrx_word' id='word_1_155' title='bbox 920 1565 1108 1602; x_wconf 79' lang='lat' dir='ltr'>Ascanius</span> <span class='ocrx_word' id='word_1_156' title='bbox 1141 1564 1279 1601; x_wconf 79' lang='lat' dir='ltr'>AEneae</span> 
     </span>
     <span class='ocr_line' id='line_1_23' title="bbox 152 1618 1278 1682; baseline -0.004 -13"><span class='ocrx_word' id='word_1_157' title='bbox 152 1631 250 1670; x_wconf 85' lang='lat' dir='ltr'>filius</span> <span class='ocrx_word' id='word_1_158' title='bbox 271 1639 375 1669; x_wconf 84' lang='lat' dir='ltr'>erat:</span> <span class='ocrx_word' id='word_1_159' title='bbox 406 1638 535 1668; x_wconf 82' lang='lat' dir='ltr'>tamen</span> <span class='ocrx_word' id='word_1_160' title='bbox 558 1632 595 1668; x_wconf 91' lang='lat' dir='ltr'>id</span> <span class='ocrx_word' id='word_1_161' title='bbox 621 1632 823 1682; x_wconf 88' lang='lat' dir='ltr'>imperium</span> <span class='ocrx_word' id='word_1_162' title='bbox 843 1631 878 1667; x_wconf 90' lang='lat' dir='ltr'>ei</span> <span class='ocrx_word' id='word_1_163' title='bbox 905 1630 952 1667; x_wconf 83' lang='lat' dir='ltr'>ad</span> <span class='ocrx_word' id='word_1_164' title='bbox 978 1629 1159 1680; x_wconf 84' lang='lat' dir='ltr'>puberem</span> <span class='ocrx_word' id='word_1_165' title='bbox 1186 1618 1278 1665; x_wconf 55' lang='grc'><strong>30111-</strong></span> 
     </span>
     <span class='ocr_line' id='line_1_24' title="bbox 152 1692 1278 1745; baseline -0.004 -13"><span class='ocrx_word' id='word_1_166' title='bbox 152 1702 231 1733; x_wconf 81' lang='lat' dir='ltr'>tem</span> <span class='ocrx_word' id='word_1_167' title='bbox 273 1695 463 1732; x_wconf 89' lang='lat' dir='ltr'>incolume</span> <span class='ocrx_word' id='word_1_168' title='bbox 506 1696 677 1732; x_wconf 84' lang='lat' dir='ltr'>mansit:</span> <span class='ocrx_word' id='word_1_169' title='bbox 721 1696 908 1745; x_wconf 75' lang='lat' dir='ltr'>tantisper</span> <span class='ocrx_word' id='word_1_170' title='bbox 944 1693 1066 1729; x_wconf 80' lang='lat' dir='ltr'>tutela</span> <span class='ocrx_word' id='word_1_171' title='bbox 1101 1692 1278 1729; x_wconf 90' lang='lat' dir='ltr'>muliebri</span> 
     </span>
     <span class='ocr_line' id='line_1_25' title="bbox 156 1758 1277 1807; baseline -0.003 -11"><span class='ocrx_word' id='word_1_172' title='bbox 156 1761 283 1807; x_wconf 86' lang='lat' dir='ltr'>(tanta</span> <span class='ocrx_word' id='word_1_173' title='bbox 308 1760 453 1796; x_wconf 86' lang='lat' dir='ltr'>indoles</span> <span class='ocrx_word' id='word_1_174' title='bbox 479 1761 519 1796; x_wconf 91' lang='lat' dir='ltr'>in</span> <span class='ocrx_word' id='word_1_175' title='bbox 544 1760 708 1796; x_wconf 84' lang='lat' dir='ltr'>Lavinia</span> <span class='ocrx_word' id='word_1_176' title='bbox 736 1760 833 1807; x_wconf 89' lang='lat' dir='ltr'>erat)</span> <span class='ocrx_word' id='word_1_177' title='bbox 866 1772 924 1796; x_wconf 89' lang='lat' dir='ltr'>res</span> <span class='ocrx_word' id='word_1_178' title='bbox 953 1758 1096 1795; x_wconf 80' lang='lat' dir='ltr'>Latina</span> <span class='ocrx_word' id='word_1_179' title='bbox 1125 1763 1163 1794; x_wconf 88' lang='lat' dir='ltr'>et</span> <span class='ocrx_word' id='word_1_180' title='bbox 1191 1769 1277 1806; x_wconf 88' lang='lat' dir='ltr'>reg-</span> 
     </span>
     <span class='ocr_line' id='line_1_26' title="bbox 153 1818 1278 1875; baseline -0.004 -15"><span class='ocrx_word' id='word_1_181' title='bbox 153 1837 245 1860; x_wconf 88' lang='grc'><strong>1111111</strong></span> <span class='ocrx_word' id='word_1_182' title='bbox 264 1825 407 1861; x_wconf 82' lang='lat' dir='ltr'>avitum</span> <span class='ocrx_word' id='word_1_183' title='bbox 427 1830 702 1875; x_wconf 83' lang='lat' dir='ltr'>paternumque</span> <span class='ocrx_word' id='word_1_184' title='bbox 721 1836 839 1874; x_wconf 87' lang='lat' dir='ltr'>puero</span> <span class='ocrx_word' id='word_1_185' title='bbox 860 1824 979 1860; x_wconf 85' lang='lat' dir='ltr'>stetit.</span> <span class='ocrx_word' id='word_1_186' title='bbox 1035 1822 1153 1860; x_wconf 83' lang='lat' dir='ltr'>Haud</span> <span class='ocrx_word' id='word_1_187' title='bbox 1180 1818 1278 1857; x_wconf 88' lang='lat' dir='ltr'>nihil</span> 
     </span>
     <span class='ocr_line' id='line_1_27' title="bbox 153 1886 1275 1938; baseline -0.003 -13"><span class='ocrx_word' id='word_1_188' title='bbox 153 1888 357 1938; x_wconf 80' lang='lat' dir='ltr'>ambigam,</span> <span class='ocrx_word' id='word_1_189' title='bbox 380 1889 480 1937; x_wconf 86' lang='lat' dir='ltr'>(quis</span> <span class='ocrx_word' id='word_1_190' title='bbox 500 1889 601 1924; x_wconf 88' lang='lat' dir='ltr'>enim</span> <span class='ocrx_word' id='word_1_191' title='bbox 620 1901 700 1924; x_wconf 86' lang='lat' dir='ltr'>rem</span> <span class='ocrx_word' id='word_1_192' title='bbox 719 1894 799 1924; x_wconf 80' lang='lat' dir='ltr'>tam</span> <span class='ocrx_word' id='word_1_193' title='bbox 811 1894 977 1925; x_wconf 86' lang='lat' dir='ltr'>veterem</span> <span class='ocrx_word' id='word_1_194' title='bbox 996 1901 1066 1938; x_wconf 90' lang='lat' dir='ltr'>pro</span> <span class='ocrx_word' id='word_1_195' title='bbox 1087 1892 1191 1923; x_wconf 87' lang='lat' dir='ltr'>certo</span> <span class='ocrx_word' id='word_1_196' title='bbox 1209 1886 1275 1922; x_wconf 83' lang='lat' dir='ltr'>ad-</span> 
     </span>
    </p>

    <p class='ocr_par' dir='ltr' id='par_1_11' title="bbox 128 1951 1276 2443">
     <span class='ocr_line' id='line_1_28' title="bbox 128 1951 1276 2003; baseline -0.003 -13"><span class='ocrx_word' id='word_1_197' title='bbox 128 1954 319 2001; x_wconf 63' lang='lat' dir='ltr'>firmeti)</span> <span class='ocrx_word' id='word_1_198' title='bbox 350 1954 499 1990; x_wconf 87' lang='lat' dir='ltr'>hiccine</span> <span class='ocrx_word' id='word_1_199' title='bbox 526 1953 642 1990; x_wconf 81' lang='lat' dir='ltr'>fuerit</span> <span class='ocrx_word' id='word_1_200' title='bbox 669 1954 873 1997; x_wconf 82' lang='lat' dir='ltr'>Ascanius,</span> <span class='ocrx_word' id='word_1_201' title='bbox 904 1966 954 1990; x_wconf 81' lang='lat' dir='ltr'>an</span> <span class='ocrx_word' id='word_1_202' title='bbox 990 1951 1127 2003; x_wconf 86' lang='lat' dir='ltr'>major,</span> <span class='ocrx_word' id='word_1_203' title='bbox 1161 1963 1276 2001; x_wconf 84' lang='lat' dir='ltr'>quam</span> 
     </span>
     <span class='ocr_line' id='line_1_29' title="bbox 150 2016 1275 2064; baseline -0.004 -10"><span class='ocrx_word' id='word_1_204' title='bbox 150 2018 227 2062; x_wconf 83' lang='lat' dir='ltr'>hic,</span> <span class='ocrx_word' id='word_1_205' title='bbox 263 2018 408 2054; x_wconf 70' lang='lat' dir='ltr'>Creusa</span> <span class='ocrx_word' id='word_1_206' title='bbox 439 2023 560 2054; x_wconf 83' lang='lat' dir='ltr'>matre</span> <span class='ocrx_word' id='word_1_207' title='bbox 592 2016 667 2053; x_wconf 84' lang='lat' dir='ltr'>llio</span> <span class='ocrx_word' id='word_1_208' title='bbox 696 2016 880 2054; x_wconf 86' lang='lat' dir='ltr'>incolumi</span> <span class='ocrx_word' id='word_1_209' title='bbox 910 2022 1036 2061; x_wconf 75' lang='lat' dir='ltr'>natus,</span> <span class='ocrx_word' id='word_1_210' title='bbox 1071 2027 1275 2064; x_wconf 79' lang='lat' dir='ltr'>comesque</span> 
     </span>
     <span class='ocr_line' id='line_1_30' title="bbox 150 2080 1271 2133; baseline -0.004 -14"><span class='ocrx_word' id='word_1_211' title='bbox 150 2083 238 2119; x_wconf 81' lang='lat' dir='ltr'>inde</span> <span class='ocrx_word' id='word_1_212' title='bbox 259 2088 426 2133; x_wconf 80' lang='lat' dir='ltr'>paternae</span> <span class='ocrx_word' id='word_1_213' title='bbox 446 2083 561 2131; x_wconf 74' lang='lat' dir='ltr'>fugae,</span> <span class='ocrx_word' id='word_1_214' title='bbox 583 2095 695 2131; x_wconf 86' lang='lat' dir='ltr'>quem</span> <span class='ocrx_word' id='word_1_215' title='bbox 713 2081 738 2118; x_wconf 93' lang='lat' dir='ltr'><strong>J</strong></span> <span class='ocrx_word' id='word_1_216' title='bbox 741 2082 845 2119; x_wconf 86' lang='lat' dir='ltr'>ulum</span> <span class='ocrx_word' id='word_1_217' title='bbox 864 2082 1037 2119; x_wconf 77' lang='lat' dir='ltr'>eumdem</span> <span class='ocrx_word' id='word_1_218' title='bbox 1055 2080 1080 2117; x_wconf 82' lang='lat' dir='ltr'><strong>J</strong></span> <span class='ocrx_word' id='word_1_219' title='bbox 1084 2080 1160 2117; x_wconf 85' lang='lat' dir='ltr'>ulia</span> <span class='ocrx_word' id='word_1_220' title='bbox 1177 2090 1271 2128; x_wconf 80' lang='lat' dir='ltr'>gens</span> 
     </span>
     <span class='ocr_line' id='line_1_31' title="bbox 152 2143 1270 2196; baseline -0.003 -14"><span class='ocrx_word' id='word_1_221' title='bbox 152 2153 345 2183; x_wconf 82' lang='lat' dir='ltr'>auctorem</span> <span class='ocrx_word' id='word_1_222' title='bbox 364 2148 529 2183; x_wconf 85' lang='lat' dir='ltr'>nominis</span> <span class='ocrx_word' id='word_1_223' title='bbox 557 2147 615 2182; x_wconf 85' lang='lat' dir='ltr'>sui</span> <span class='ocrx_word' id='word_1_224' title='bbox 638 2152 847 2196; x_wconf 75' lang='lat' dir='ltr'>nuncupat,</span> <span class='ocrx_word' id='word_1_225' title='bbox 903 2145 942 2183; x_wconf 87' lang='lat' dir='ltr'>Is</span> <span class='ocrx_word' id='word_1_226' title='bbox 962 2145 1164 2188; x_wconf 82' lang='lat' dir='ltr'>Ascanius,</span> <span class='ocrx_word' id='word_1_227' title='bbox 1185 2143 1270 2180; x_wconf 87' lang='lat' dir='ltr'>ubi-</span> 
     </span>
     <span class='ocr_line' id='line_1_32' title="bbox 151 2210 1272 2260; baseline 0 -15"><span class='ocrx_word' id='word_1_228' title='bbox 151 2223 310 2259; x_wconf 89' lang='lat' dir='ltr'>cumque</span> <span class='ocrx_word' id='word_1_229' title='bbox 335 2216 373 2246; x_wconf 88' lang='lat' dir='ltr'>et</span> <span class='ocrx_word' id='word_1_230' title='bbox 398 2223 633 2260; x_wconf 77' lang='lat' dir='ltr'>quacumque</span> <span class='ocrx_word' id='word_1_231' title='bbox 654 2216 776 2246; x_wconf 82' lang='lat' dir='ltr'>matre</span> <span class='ocrx_word' id='word_1_232' title='bbox 805 2210 971 2258; x_wconf 84' lang='lat' dir='ltr'>genitus,</span> <span class='ocrx_word' id='word_1_233' title='bbox 993 2211 1114 2257; x_wconf 86' lang='lat' dir='ltr'>(certe</span> <span class='ocrx_word' id='word_1_234' title='bbox 1137 2213 1272 2245; x_wconf 81' lang='lat' dir='ltr'>natum</span> 
     </span>
     <span class='ocr_line' id='line_1_33' title="bbox 149 2271 1270 2322; baseline -0.003 -11"><span class='ocrx_word' id='word_1_235' title='bbox 149 2273 278 2313; x_wconf 81' lang='lat' dir='ltr'>AEnea</span> <span class='ocrx_word' id='word_1_236' title='bbox 304 2273 472 2322; x_wconf 76' lang='lat' dir='ltr'>constat)</span> <span class='ocrx_word' id='word_1_237' title='bbox 495 2274 713 2311; x_wconf 81' lang='lat' dir='ltr'>abundante</span> <span class='ocrx_word' id='word_1_238' title='bbox 739 2273 894 2310; x_wconf 78' lang='lat' dir='ltr'>Lavinii</span> <span class='ocrx_word' id='word_1_239' title='bbox 918 2272 1176 2316; x_wconf 84' lang='lat' dir='ltr'>multitudine,</span> <span class='ocrx_word' id='word_1_240' title='bbox 1198 2271 1270 2308; x_wconf 90' lang='lat' dir='ltr'>fio·</span> 
     </span>
     <span class='ocr_line' id='line_1_34' title="bbox 149 2337 1268 2392; baseline -0.002 -17"><span class='ocrx_word' id='word_1_241' title='bbox 149 2346 296 2377; x_wconf 83' lang='lat' dir='ltr'>rentem</span> <span class='ocrx_word' id='word_1_242' title='bbox 311 2338 395 2390; x_wconf 83' lang='lat' dir='ltr'>jam</span> <span class='ocrx_word' id='word_1_243' title='bbox 416 2340 477 2390; x_wconf 85' lang='lat' dir='ltr'>(ut</span> <span class='ocrx_word' id='word_1_244' title='bbox 493 2346 576 2377; x_wconf 80' lang='lat' dir='ltr'>tum</span> <span class='ocrx_word' id='word_1_245' title='bbox 594 2351 653 2377; x_wconf 87' lang='lat' dir='ltr'>res</span> <span class='ocrx_word' id='word_1_246' title='bbox 674 2338 800 2387; x_wconf 84' lang='lat' dir='ltr'>erant)</span> <span class='ocrx_word' id='word_1_247' title='bbox 824 2345 938 2392; x_wconf 85' lang='lat' dir='ltr'>atque</span> <span class='ocrx_word' id='word_1_248' title='bbox 957 2337 1178 2392; x_wconf 82' lang='lat' dir='ltr'>opulentam</span> <span class='ocrx_word' id='word_1_249' title='bbox 1205 2348 1268 2375; x_wconf 85' lang='lat' dir='ltr'>ur·</span> 
     </span>
     <span class='ocr_line' id='line_1_35' title="bbox 666 2404 745 2443; baseline -0.013 0"><span class='ocrx_word' id='word_1_250' title='bbox 666 2404 701 2443; x_wconf 89' lang='lat' dir='ltr'>B</span> <span class='ocrx_word' id='word_1_251' title='bbox 723 2405 745 2442; x_wconf 87' lang='grc'><strong>6</strong></span> 
     </span>
    </p>
   </div>
  </div>
 </body>
</html>
