1573 2598
337 135 492 164 LIBER
518 134 587 163 VI.
619 132 726 161 cAt’.
748 132 916 160 XXXII·
1099 126 1179 172 451

73 225 217 262 Neutra
241 231 348 276 parte
373 224 494 261 hostis
519 223 651 260 obvius
681 221 766 258 fuit.
823 216 1028 270 Populatio
1055 219 1184 268 itaque

72 302 147 325 non
169 289 222 326 illi
242 302 345 338 vagae
366 288 512 331 similis,
534 300 646 336 quam
666 285 826 321 Volscus
847 284 1041 320 latrocinii
1062 296 1183 326 more,

70 354 258 390 discordia
284 354 453 389 hostium
480 352 614 394 fretus,
635 357 672 387 et
693 351 871 386 virtutem
900 355 1087 389 metuens,
1117 359 1185 397 per

69 419 360 467 trepidationem
384 418 520 467 raptim
540 415 681 452 fecerat
696 431 706 460 5
739 414 803 450 sed
825 414 871 450 ab
886 413 994 464 justo
1015 412 1182 457 exercitu

62 481 169 531 justa
205 483 259 517 ira
296 481 411 524 facta,
449 481 573 531 spatio
609 491 760 528 quoque
798 477 978 526 temporis
1017 476 1182 524 gravior.

69 546 221 596 Quippe
247 559 269 582 a
289 546 450 588 Volscis,
478 543 714 585 timentibus,
742 555 790 578 ne
813 542 966 578 interim
995 540 1199 589 exercitus

70 609 116 646 ab
137 609 264 646 Roma
283 610 415 651 exiret,
435 608 669 644 incursiones
692 607 730 642 in
750 613 920 642 extrema
942 604 1074 640 finium
1102 602 1182 639 fac-

70 681 117 711 tae
137 682 245 710 erant
263 689 269 709 :
301 674 480 710 Romano
501 679 636 709 contra
655 672 769 708 etiam
792 672 830 707 in
857 670 1008 706 hostico
1028 681 1181 704 moran-

69 738 105 774 di
126 751 258 774 caussa
276 743 371 781 erat,
391 744 434 773 ut
452 737 602 772 hostem
622 736 668 771 ad
688 742 876 771 certamen
897 733 1062 769 efficeret.
1101 732 1182 768 Ita·

69 814 154 851 que,
176 801 350 838 omnibus
377 801 518 851 passim
536 800 647 836 tectis
667 811 858 848 agrorum,
879 798 1046 846 vicisque
1067 797 1183 833 etiam

70 865 293 915 quibusdam
316 865 472 908 exustis,
494 877 572 900 non
601 863 736 900 arbore
764 861 962 910 frugifera,
983 873 1061 896 non
1091 860 1182 896 satis

69 930 108 965 in
139 941 242 979 spem
271 928 424 977 frugum
452 928 607 971 relictis,
638 927 756 968 omni,
787 939 870 974 quae
904 930 1011 960 extra
1041 923 1185 959 moenia

69 992 155 1036 fuit,
176 992 376 1029 hominum
402 992 663 1042 pecudumque
688 989 816 1042 praeda
845 988 995 1031 abacta,
1016 986 1184 1024 Romam

68 1057 257 1106 utrimque
276 1057 462 1094 exereitus
482 1057 640 1094 reducti.

121 1121 304 1158 XXXII.
339 1121 463 1158 Parvo
499 1119 699 1157 intervallo
736 1121 783 1157 ad
819 1120 1080 1170 respirandum
1117 1119 1181 1155 de·-

64 1183 252 1222 bitoribus
285 1185 390 1228 dato,
419 1192 622 1235 postquam
655 1185 791 1234 quietae
828 1197 885 1220 res
923 1183 970 1220 ab
1004 1182 1179 1219 hostibus

67 1256 189 1292 erant,
219 1249 401 1285 celebrari
429 1249 474 1285 de
504 1249 655 1298 integro
677 1248 925 1299 jurisdicti03
967 1254 1004 1283 et
1034 1254 1184 1283 tantum

68 1312 199 1350 abesse
228 1325 311 1363 spes
338 1314 473 1350 veteris
499 1312 646 1350 levandi
670 1313 844 1357 foenoris,
872 1319 914 1349 ut
941 1312 1087 1348 tributo
1111 1323 1182 1347 no-

67 1389 156 1412 vum
183 1377 308 1412 foenus
339 1378 627 1415 contraheretur
656 1378 694 1414 in
725 1390 887 1419 murum,
913 1390 935 1412 a
961 1375 1181 1412 censoribus

66 1439 235 1477 locatum
254 1453 346 1477 saxo
366 1441 551 1490 quadrato
570 1440 792 1476 faciundum
809 1454 815 1475 :
850 1440 911 1475 cui
930 1438 1181 1475 subcumbere

67 1505 175 1540 oneri
204 1511 338 1540 coacta
365 1504 492 1554 plebes
507 1520 518 1550 3
551 1505 653 1553 quia,
678 1517 790 1552 quem
819 1503 1006 1539 delectum
1034 1502 1182 1552 inpedi-

65 1574 164 1612 rent,
185 1582 263 1605 non
288 1569 482 1605 habebant
499 1569 644 1605 tribuni
663 1568 796 1618 plebis.
853 1568 1045 1604 Tribunos
1067 1568 1182 1603 etiam

67 1632 247 1669 militares
274 1634 455 1682 patricios
475 1646 621 1676 omnes,
643 1641 776 1670 coacta
795 1634 1009 1684 principum
1028 1632 1180 1682 opibus,

66 1696 173 1739 fecit,
192 1697 238 1733 L.
259 1697 472 1740 AEmilium,
497 1698 540 1734 P.
560 1698 755 1734 Valerium
784 1706 973 1747 quartum,
996 1698 1039 1734 C.
1061 1696 1180 1732 Vetu-

68 1761 180 1803 rium,
207 1761 286 1799 Ser.
308 1761 530 1812 Sulpicium,
559 1763 606 1800 L.
627 1769 664 1798 et
685 1764 728 1800 C.
749 1763 952 1802 Quinctios
975 1762 1181 1797 Cincinna-

67 1830 141 1862 tos.
198 1825 338 1862 Iisdem
364 1827 499 1876 opibus
527 1827 740 1871 obtinuere,
764 1834 804 1863 u't
824 1828 998 1864 adversus
1019 1826 1182 1862 Latinos

67 1889 318 1939 Volscosque,
349 1892 413 1940 qui
439 1891 654 1941 conjunctis
678 1892 892 1941 legionibus
917 1892 965 1927 ad
994 1891 1183 1927 Satricum

69 1961 193 1990 castra
220 1955 428 1999 habebant,
450 1956 556 1992 nullo
579 1957 795 2007 inpediente
815 1956 991 1992 omnibus
1013 1955 1180 2005 juniori-

67 2017 138 2054 bus
169 2026 407 2056 sacramento
437 2021 594 2064 adactis,
626 2027 700 2057 tres
731 2021 916 2057 exercitus
948 2020 1179 2056 scriberent:

71 2095 186 2118 unum
209 2083 256 2119 ad
284 2085 500 2133 praesidium
521 2085 622 2121 urbis
640 2102 650 2131 5
684 2085 858 2128 aiterum,
879 2085 956 2134 qui,
979 2085 1009 2119 si
1030 2085 1093 2132 qui
1113 2083 1182 2119 ali--

68 2145 108 2183 bi
136 2153 260 2182 motus
290 2149 510 2192 exstitisset,
542 2149 587 2185 ad
618 2149 745 2185 subita
772 2149 862 2185 belli
891 2149 990 2184 mitti
1027 2153 1181 2198 posset;

71 2211 225 2246 tertium
254 2210 368 2260 longe
387 2212 658 2249 validissimum
678 2213 720 2250 P.
741 2212 913 2248 Valerius
935 2218 972 2248 et
992 2212 1037 2248 L.
1058 2211 1184 2248 AEmi-

69 2274 139 2311 lius
167 2275 225 2315 ad.
243 2276 430 2314 Satricum
456 2278 595 2314 duxere
614 2293 621 2314 :
656 2278 720 2314 ubi
740 2291 855 2328 quuni
875 2277 995 2314 aciem
1021 2277 1184 2313 instrue-

1195 1698 1235 1728 U.
1248 1697 1284 1727 C.
1301 1702 1377 1732 378.

1194 1741 1233 1772 A.
1247 1741 1283 1771 C.
1301 1747 1377 1778 374,
