1573 2598
387 109 542 138 Lmen
566 108 686 137 V111.
721 106 828 136 CAP.
852 108 1007 137 xv111.
1142 103 1225 150 559

112 201 294 251 primores
315 200 476 236 civitatis
497 198 681 235 similibus
702 199 860 241 morbis,
878 198 1086 246 eodemque
1108 196 1224 232 ferme
1240 198 1281 228 U.
1295 196 1420 255 9¹42&

112 277 243 301 omnes
274 271 425 307 eventu,
455 270 715 300 morerentur:
748 263 887 299 ancilla
905 262 1076 311 quaedam
1103 261 1150 297 ad
1176 241 1416 325 Q.{7²'er(¹‘efi³e‘{g

113 327 274 365 Fabium
293 328 507 365 Maximum
538 327 682 364 aedilem
704 327 887 370 curulem,
909 327 1160 363 indicaturam
1187 337 1224 360 se
1239 345 1400 368 matrona-

113 405 282 428 caussam
308 392 468 442 publieze
498 392 629 441 pestis,
649 391 822 441 professa
851 397 921 434 est,
943 391 974 426 si
1003 390 1050 426 ab
1072 403 1121 426 eo
1137 389 1225 425 fides
1239 391 1324 412 ‘¹³¹¹‘-

114 455 186 492 sibi
201 456 290 492 data
310 462 422 498 esset,
438 456 538 491 haud
553 455 724 491 futurum
737 468 848 491 noxae
869 455 1060 491 indicium.
1086 453 1227 490 Fabius

113 520 316 557 confestim
336 534 415 556 rem
434 520 479 556 ad
501 519 689 563 consules,
711 519 884 555 consules
905 519 952 555 ad
972 525 1147 555 senatum
1167 530 1227 553 re*

110 584 262 622 ferunt:
294 596 555 633 consensuque
575 584 717 620 ordinis
739 583 828 620 fides
850 584 964 620 indici
989 583 1090 620 data.
1129 582 1230 618 Tum

112 648 360 699 patefactum,
381 648 555 684 muliebri
573 648 705 684 fraude
722 648 915 684 civitatem
935 648 1068 698 premi,
1085 654 1228 683 matro-

112 724 255 761 nasque
288 725 332 748 ea
361 724 507 747 venena
537 725 722 761 coquere,
756 720 807 756 et,
840 714 870 748 si
901 713 1005 761 sequi
1036 711 1228 762 extemplo

109 775 241 820 velint,
261 775 464 813 manifesto
483 776 712 826 deprehendi
733 789 859 826 posse.
900 777 1030 813 Secuti
1050 777 1228 819 indicem,

113 845 151 880 et
183 846 387 889 coquentes
415 840 597 889 quasdam
633 841 927 884 medicamenta,
958 846 997 877 et
1033 840 1230 877 recondita

113 903 201 946 alia,
239 904 486 940 invenerunt:
521 903 662 952 quibus
695 905 735 940 in
770 904 896 940 forum
930 903 1078 947 delatis,
1109 911 1147 940 et
1183 904 1231 940 ad

112 967 250 1016 viginti
278 968 477 1011 matronis,
508 967 608 1018 apud
627 980 718 1016 quas
749 967 984 1018 deprehensa
1012 974 1134 1011 erant,
1164 979 1231 1018 per

113 1033 300 1068 viatorem
327 1031 475 1075 adcitis,
503 1032 584 1068 duae
615 1044 662 1068 ex
695 1032 762 1075 eis,
795 1032 975 1069 Cornelia
1007 1045 1050 1069 ac
1085 1032 1229 1081 Sergia,

115 1096 285 1147 patriciae
314 1102 473 1145 utraque
493 1097 634 1144 gentis,
656 1109 774 1146 quum
802 1109 848 1133 ea
875 1096 1154 1142 medicamenta
1173 1108 1233 1132 sa-

109 1158 235 1196 lubria
263 1171 343 1196 esse
372 1159 660 1212 contenderent,
685 1159 733 1197 ab
762 1160 988 1196 confutante
1018 1159 1142 1196 indice
1170 1159 1229 1196 bi-

110 1222 202 1260 bere
224 1222 357 1273 jussae,
387 1229 430 1258 ut
458 1235 497 1258 se
532 1222 671 1260 falsum
707 1230 964 1261 commentam
1000 1230 1226 1272 arguerent3

111 1288 234 1337 spatio
254 1288 302 1323 ad
317 1286 621 1336 conloquendum
640 1294 781 1332 sumto,
803 1301 933 1337 quum,
955 1287 1134 1323 submoto
1157 1300 1227 1337 po-

110 1350 216 1401 pulo,
237 1351 277 1386 in
303 1357 513 1401 conspectu
530 1352 701 1389 omnium
731 1364 812 1388 rem
841 1352 889 1390 ad
908 1358 1052 1388 ceteras
1077 1350 1227 1388 retulis‘

110 1419 196 1450 sent
207 1429 219 1459 3
250 1414 352 1450 haud
371 1414 626 1452 abnuentibus
647 1422 685 1451 et
709 1415 783 1451 illis
809 1415 953 1459 bibere,
974 1420 1089 1464 epoto
1109 1414 1230 1450 medi-2

109 1484 301 1521 eamento,
339 1484 486 1514 suamet
521 1479 612 1529 ipsae
640 1479 772 1515 fraude
803 1491 935 1516 omnes
974 1479 1225 1515 interierunt:

108 1542 391 1593 comprehensae
435 1542 627 1593 extemplo
676 1555 805 1579 earum
845 1544 1002 1579 comites
1047 1556 1226 1591 magnum

110 1619 309 1644 numerum
339 1615 600 1644 matronarum
627 1608 914 1645 indicaverunt:
948 1621 995 1645 ex
1015 1609 1150 1657 quibus
1182 1609 1229 1645 ad

110 1676 263 1706 centum
292 1671 535 1719 septuaginta
563 1671 763 1709 damnatae.
797 1671 934 1721 Neque
963 1672 1008 1708 de
1037 1672 1228 1708 veneficiis

109 1740 199 1770 ante
218 1746 302 1770 eam
321 1734 420 1770 diem
434 1733 571 1771 Romae
587 1737 789 1784 quaesitum
804 1743 873 1773 est.
914 1736 1085 1785 Prodigii
1106 1749 1150 1772 ea
1169 1748 1226 1772 res

110 1798 197 1835 loco
217 1798 372 1844 habita,
406 1800 600 1849 captisque
624 1801 745 1849 magis
774 1800 979 1844 mentibus,
1001 1813 1114 1849 quam
1135 1812 1227 1835 con-

109 1862 314 1907 sceleratis,
335 1862 466 1898 similis
493 1864 584 1900 visa.
627 1864 776 1913 Itaque,
798 1865 982 1900 memoria
1007 1877 1052 1900 ex
1079 1864 1226 1900 annali-

108 1926 178 1963 bus
195 1928 370 1977 repetita,
387 1928 425 1963 in
446 1928 721 1964 secessionibus
739 1929 930 1977 quondam
945 1928 1065 1979 plebis
1080 1928 1227 1966 clavum

110 1990 157 2027 ab
192 1991 376 2027 dictatore
406 1991 536 2034 fixum,
569 1992 826 2042 alienatasque
861 1993 1048 2029 discordia
1080 1999 1225 2029 mentes

109 2053 308 2091 hominum
337 2067 382 2090 eo
411 2055 562 2105 piaculo
593 2062 786 2106 compotes
817 2057 874 2092 sui
893 2056 1041 2099 fecisse,
1063 2057 1226 2092 dictato-

109 2129 188 2152 rem
209 2117 306 2153 clavi
327 2118 466 2167 figendi
485 2132 618 2156 caussa
638 2122 755 2156 creari
785 2121 950 2171 placuit:
985 2128 1132 2156 creatus
1154 2121 1225 2158 Cn.
1240 2121 1331 2173 Clavi
1346 2122 1383 2152 fi-

109 2180 341 2219 Quinctilius
370 2185 594 2232 magistrum
621 2185 791 2234 equitum
819 2185 866 2223 L.
887 2184 1082 2221 Valerium
1102 2185 1199 2231 dixit
1216 2201 1222 2221 :
1239 2174 1442 2238 §aengxeactauigs-

108 2245 187 2294 qui,
208 2244 284 2281 fixo
305 2245 424 2291 clavo,
446 2249 670 2297 magistratu
690 2260 730 2285 se
749 2248 1034 2286 abdicaverunt.
1240 2252 1383 2282 dictator.

604 2311 724 2347 lib-4
