1573 2598
423 177 577 205 LIBER
602 176 635 205 1·
669 175 777 206 eAP.
799 176 991 207 xxvlu.
1209 179 1264 223 43

143 271 194 316 go
227 266 393 303 arcebat.
449 267 538 306 Quo
570 272 774 316 postquam
806 266 899 316 suga
928 266 1151 314 inclinavit5
1185 268 1263 313 alii,
1278 275 1417 306 Romani

142 344 245 368 arma
266 331 367 368 foede
382 330 591 381 jactanteS,
612 331 651 367 in
681 344 818 380 aquam
847 332 938 368 caeci
965 331 1152 378 ruebant3
1185 333 1263 377 alii,
1276 321 1421 351 victores.

143 396 231 432 dum
252 401 478 432 cunctantur
501 395 541 431 in
562 395 668 445 ripiS,
691 397 790 432 inter
811 396 912 445 fugae
940 409 1153 447 pugnaeque
1172 410 1264 434 con-

143 461 269 498 silium
305 461 488 511 obpressi.
563 461 656 498 Non
693 461 768 498 alia
800 469 889 499 ante
921 462 1102 499 Romana
1136 476 1267 514 pugna

143 525 309 562 atrocior
327 524 412 562 fuit.

192 587 391 625 XXVIII.
420 588 520 625 Tum
539 588 712 626 Albanus
740 589 943 633 exercitus,
968 595 1160 640 spectator
1185 603 1266 627 cer-

140 655 308 698 taminis,
332 655 514 691 deductus
542 656 580 691 iu
608 664 775 705 campos,
831 654 980 691 Mettus
999 654 1114 691 Tullo
1140 655 1265 692 devic-

139 725 201 756 tos
237 719 367 756 hostes
402 719 640 768 gratulatur:
673 726 809 757 contra
835 719 969 756 Tullus
998 719 1168 756 Mettum
1197 720 1265 757 be-

138 784 256 832 nigne
284 783 512 832 adloquitur.
569 784 685 824 Quod
712 783 811 820 bene
832 789 971 827 vertat,
1002 791 1128 820 castra
1145 783 1265 820 Alba-

139 860 210 885 nos
229 847 417 884 Romanis
438 848 569 884 castris
582 847 748 898 jungere
760 847 875 898 jubet
893 862 900 883 :
934 847 1160 883 sacrificium
1187 847 1265 884 lus-

136 910 237 948 trale
258 912 297 948 in
320 912 419 948 diem
441 918 637 962 posterum
662 918 783 962 parat.
840 911 920 948 Ubi
948 911 1101 954 inluxit,
1123 911 1264 962 paratis

141 976 333 1020 omnibus,
362 982 406 1012 ut
439 975 601 1020 adsolet,
630 977 760 1013 vocari
789 976 837 1013 ad
865 976 1091 1012 concionem
1121 981 1267 1011 utrum³

141 1053 215 1090 que
243 1041 451 1077 exercitum
472 1039 600 1091 jubet.
656 1041 872 1084 Praecones‚
894 1040 942 1077 ab
973 1046 1144 1076 extremo
1174 1041 1265 1083 orsi,

140 1104 282 1156 primos
312 1104 483 1140 excivere
511 1104 697 1140 Albanos.
754 1103 824 1147 Hi,
853 1104 1026 1140 novitate
1060 1103 1177 1139 etiam
1214 1104 1268 1139 rei

141 1169 252 1211 moti,
277 1174 319 1204 ut
347 1181 476 1217 regem
502 1169 723 1206 Romanum
753 1171 1048 1206 concionantem
1077 1169 1266 1212 audirent,

0 1227 2 1294 J
143 1233 309 1284 proximi
334 1233 552 1270 constitere.
608 1234 670 1270 Ex
696 1235 912 1284 composito
938 1239 1085 1269 armata
1106 1234 1267 1268 eircum-

143 1297 255 1333 datur
281 1295 462 1333 Romana
494 1297 618 1346 legio:
652 1297 938 1334 centurionibus
980 1297 1111 1333 datum
1146 1309 1266 1345 nego·

142 1361 240 1397 tium
276 1366 370 1404 erat,
408 1367 452 1397 ut
495 1362 576 1398 sine
613 1375 722 1398 mora
764 1362 924 1413 imperia
960 1367 1267 1410 exsequerentur.

142 1424 244 1462 Tum
271 1426 327 1461 ita
344 1424 478 1462 Tullus
504 1426 589 1462 infit
608 1441 614 1448 ·
648 1427 819 1470 Romani,
838 1428 869 1462 si
888 1438 1057 1474 umquam
1076 1430 1159 1461 ante
1177 1426 1268 1461 alias
1281 1431 1486 1472 Supplicium

142 1490 217 1526 ullo
243 1491 280 1525 in
302 1489 391 1525 bello
409 1490 503 1539 fuit,
526 1493 620 1539 quod
635 1493 795 1539 primum
814 1491 902 1527 Diis
920 1489 1165 1526 inmortalibus
1179 1501 1266 1537 gra·
1279 1477 1441 1550 ἓξῃξῗξξὲο

136 1555 213 1590 ‘tias
237 1555 401 1601 agerem,
426 1555 552 1591 deinde
573 1561 694 1591 vestrae
720 1557 877 1603 ipsorum
903 1555 1041 1596 virtuti,
1070 1553 1269 1590 hesternum

142 1619 181 1653 id
205 1618 371 1666 praelium
387 1617 480 1667 suit.
537 1620 767 1655 Dimicatzim
786 1623 837 1654 est
855 1619 947 1654 enim
966 1630 1036 1653 non
1054 1619 1170 1665 magis
1188 1616 1268 1653 cuin

145 1681 310 1725 hostibus,
340 1695 460 1730 qaam,
492 1696 567 1732 quae
596 1685 779 1720 dimicatio
807 1681 924 1728 major
952 1687 1058 1730 atque
1088 1683 1268 1730 periculo-

138 1746 216 1781 ‘sior
242 1751 306 1789 est,
331 1759 410 1782 cum
434 1749 637 1794 proditione
666 1760 708 1783 ac
732 1748 885 1796 pefidia
912 1748 1098 1782 sociorum.
1155 1746 1268 1789 Nam,

143 1821 188 1845 ne
213 1821 272 1845 vos
288 1809 394 1859 falsa
423 1812 542 1859 opinio
565 1816 694 1854 teneat,
722 1810 852 1857 injussu
882 1823 958 1847 meo
977 1810 1111 1846 Albani
1137 1810 1271 1846 subiere

143 1874 194 1909 ad
221 1879 383 1910 montes:
410 1884 476 1911 'nec
504 1877 693 1925 imperium
723 1877 813 1912 illud
841 1888 970 1918 meum,
996 1877 1059 1911 secl
1088 1876 1272 1911 consilium

144 1942 179 1973 et
206 1938 347 1986 imperii
373 1941 556 1976 simulatio
582 1940 665 1989 fuit
682 1957 693 1977 :
732 1946 772 1976 ut
799 1952 874 1983 nec,
905 1940 1000 1975 vobis
1029 1940 1273 1987 ignorantibus

145 2003 255 2039 deseri
274 2016 346 2046 vos,
367 2009 583 2041 averteretur
602 2019 625 2041 a
644 2006 835 2041 certamine
854 2006 1017 2048 animus,·
1047 2009 1081 2040 et
1104 2004 1271 2046 hostibus,

146 2073 390 2108 circumveniri
407 2085 442 2108 se
460 2087 483 2109 a
503 2078 600 2122 tergo
619 2075 721 2116 ratis,
744 2078 856 2109 terror
874 2085 917 2108 ac
931 2072 1032 2121 fuga
1060 2071 1273 2119 injiceretur.

148 2135 224 2170 Nec
251 2147 292 2171 ea
321 2138 440 2184 culpa,
472 2150 579 2185 quam
609 2149 734 2185 arguo,
765 2138 922 2172 omnium
950 2135 1174 2172 Albanorum
1211 2141 1272 2171 cst.

148 2200 290 2235 Ducem
308 2203 416 2237 secati
433 2207 540 2238 sunt:
570 2207 610 2238 ut
638 2206 672 2238 et
698 2214 769 2244 vos,
789 2202 820 2237 si
848 2213 916 2249 quo
944 2212 1007 2249 ego
1037 2201 1120 2236 inde
1148 2213 1275 2246 agmen

149 2262 327 2300 ‹Im-‘linare
353 2267 549 2308 voluissem,
573 2266 762 2315 fecissetis.
819 2266 956 2301 Mettus
983 2266 1045 2301 ille
1072 2269 1123 2301 est
1152 2265 1279 2300 ductor

148 2329 286 2366 itineris
325 2328 438 2375 hujm,
478 2331 613 2367 Mettus
651 2332 743 2367 idem
781 2329 882 2377 lutjas
916 2329 1141 2366 machinator
1179 2328 1278 2369 belli.
