1573 2598
331 179 415 234 360
727 197 732 202 ·
785 191 830 219 Τ.
849 189 985 219 mvn

131 282 176 318 U.
191 283 229 314 C.
240 289 318 317 358-
333 279 455 315 eatibi
473 279 540 322 his,
556 290 634 327 quoe
647 290 742 314 nunc
755 280 978 327 panduntur,
988 276 1088 326 fatis
1101 277 1289 313 victoriam
1304 278 1440 313 datam:
1454 269 1457 275 ’

131 326 222 360 AC.
247 333 320 360 3⁹4¹
333 344 439 379 Bello
463 342 641 391 perfecto,
668 344 799 378 donum
828 343 991 390 amplum
1022 343 1136 377 victor
1163 341 1212 376 ad
1239 351 1319 375 mea
1352 344 1440 375 tems

329 408 397 455 pla
411 411 559 455 portato
572 423 584 444 :
610 418 783 455 sacraque
796 408 936 454 patria,
957 417 1108 454 quorum
1126 406 1254 440 omissa
1271 415 1359 439 cura
1377 408 1443 446 est,

328 472 551 514 instaurata,
571 476 613 508 ut
631 472 780 513 adsolet,
790 470 925 519 facito.

386 534 519 570 XVII.
550 534 690 583 Ingens
710 534 797 570 inde
816 533 947 569 haberi
967 532 1135 582 captivus
1155 536 1258 566 vates
1279 536 1440 580 coeptus,

331 610 495 646 eumque
520 598 697 634 adhibere
722 597 866 633 tribuni
894 596 1056 632 militum
1076 594 1274 631 Cornelius
1302 594 1442 630 Postu·

330 662 507 711 miusque
526 663 572 698 ad
591 662 753 712 prodigii
773 661 913 698 Albani
937 660 1241 710 procurationem
1262 671 1307 695 ac
1333 657 1442 697 Deo·

334 726 406 762 rite
435 725 637 775 placandos
667 739 827 776 coepere.
887 725 1163 773 Iuveniumque
1191 724 1341 760 tandem
1367 729 1442 766 est,

331 789 401 826 ubi
436 790 626 839 neglectas
663 791 894 827 ceremonias
925 789 1225 825 intermissumve
1261 786 1446 824 sollemne

334 851 403 890 Dii
421 860 643 902 arguerent;
674 854 770 890 nihil
788 854 960 903 profecto
985 853 1087 889 aliud
1108 865 1202 895 esse,
1222 864 1335 900 quam
1362 863 1443 887 ma·-

336 916 530 965 gistratus‚
557 918 650 953 vitio
679 924 840 960 creatos,
870 916 1028 953 Latinas
1058 928 1279 964 sacrumque
1307 916 1347 951 iu
1374 914 1443 951 Al,

332 980 439 1017 bano
457 987 587 1017 monte
608 994 687 1017 non
715 982 787 1017 rite
815 981 1044 1030 concepisse.
1102 979 1229 1015 Unam
1258 979 1444 1029 expiatio-

336 1057 424 1081 nem
453 1057 583 1081 eorum
600 1058 703 1088 esse,
729 1051 772 1081 ut
800 1045 943 1081 tribuni
972 1044 1133 1080 militum
1159 1043 1378 1079 abdicarent
1405 1055 1446 1079 se

336 1112 574 1159 magistram,
595 1112 763 1161 auspicia
784 1112 829 1148 de
857 1113 1007 1160 integro
1037 1117 1308 1161 repeterentur,
1329 1115 1367 1146 et
1385 1111 1445 1147 in-

334 1181 552 1224 terregnum
582 1177 751 1213 iniretur.
805 1176 865 1212 Ea
883 1177 937 1212 ita
954 1176 1057 1212 facta
1081 1181 1170 1211 sunt
1198 1188 1245 1212 ex
1273 1181 1444 1211 senatus·-

332 1239 524 1278 consulto.
579 1240 792 1290 Interreges
818 1239 893 1277 tr'es
923 1241 1096 1289 deinceps
1125 1239 1243 1282 fuere,
1262 1239 1310 1276 L.
1331 1239 1443 1275 Vale·

334 1303 426 1346 rius,
464 1304 513 1343 Q.
551 1304 728 1341 Servilius
771 1306 945 1348 Fidenas,
982 1304 1039 1340 M.
1076 1304 1210 1340 Furius
1249 1303 1443 1340 Camillus.

331 1366 555 1416 Numquam
570 1369 732 1405 desitum
750 1370 902 1406 interim
922 1369 1079 1411 turbari,
1096 1369 1251 1405 comitia
1266 1366 1444 1417 interpel-

335 1430 502 1468 lantibus
521 1433 682 1469 tribunis
705 1433 839 1482 plebis,
860 1434 978 1470 donec
1007 1433 1245 1469 convenisset
1269 1433 1387 1482 prius,
1406 1435 1447 1469 ut

336 1494 453 1541 major
485 1509 573 1544 pars
605 1498 827 1534 tribunorum
863 1499 1020 1534 militum
1049 1510 1091 1533 ex
1117 1497 1221 1545 plebe
1252 1502 1446 1534 crearetur.

332 1559 434 1598 ›Quae
453 1561 541 1596 dum
560 1567 738 1609 aguntur,
759 1561 920 1597 concilia
947 1561 1109 1597 Etruriae
1135 1562 1182 1598 ad
1201 1561 1332 1597 fanum
1350 1560 1445 1597 Vol-

333 1629 478 1660 tumnae
496 1625 640 1667 habita,
658 1624 1012 1674 postulantibusque
1033 1624 1288 1675 Capenatibus
1309 1637 1352 1661 ac
1370 1624 1402 1661 F
1404 1638 1445 1661 a·

333 1686 452 1731 liscis,
471 1695 514 1724 ut
533 1689 647 1725 Veios
673 1691 865 1726 communi
894 1691 1021 1726 animo
1051 1689 1285 1738 consilioque
1313 1700 1444 1725 omnes

336 1749 501 1787 Etruriae
529 1752 660 1802 populi
689 1766 736 1789 ex
769 1752 967 1789 obsidione
995 1754 1196 1803 eriperent,
1224 1762 1447 1802 responsum

338 1822 418 1850 est:
451 1817 572 1851 Antea
588 1828 625 1852 se
643 1817 682 1852 id
705 1817 904 1852 Veientibus
921 1828 1076 1864 negasse,
1099 1817 1196 1865 quia,
1216 1817 1310 1852 uncle
1334 1817 1447 1852 consi.-

338 1879 428 1914 lium
446 1891 516 1914 mm
531 1881 703 1928 petissent
719 1893 826 1928 super
845 1886 948 1917 tanta
966 1893 1016 1923 re,
1037 1882 1211 1917 auxilium
1231 1886 1355 1928 petere
1375 1892 1447 1917 non

336 1942 521 1978 deberent:
542 1955 637 1979 nunc
645 1943 727 1990 jam
743 1957 810 1992 pro
828 1956 864 1980 se
871 1944 1069 1994 fortunam
1085 1957 1188 1981 suamv
1207 1945 1280 1980 illis
1297 1957 1428 1992 negare
1434 1962 1447 1990 ;

334 2007 491 2041 maxz'me
509 2008 546 2042 z'n
565 2019 607 2042 ea
623 2013 730 2055 parte
749 2010 919 2045 Etruriae.
963 2010 1108 2044 Gentem
1129 2010 1364 2052 invisitatam,
1380 2021 1446 2045 uo-

335 2080 396 2104 vos
414 2070 560 2106 adcolas
583 2071 707 2107 Gallos
725 2083 808 2114 esse,
829 2084 909 2107 cnm
928 2072 1050 2120 quibus
1069 2084 1132 2108 nec
1154 2085 1227 2120 pax
1244 2075 1332 2109 satis
1347 2075 1446 2123 fida,

335 2144 399 2168 nec
417 2133 547 2169 bellum
566 2147 635 2182 pro
654 2140 750 2171 certo
767 2137 815 2171 sit
827 2152 839 2172 :
866 2138 1033 2183 sanguini
1053 2141 1170 2173 tamen
1187 2140 1393 2187 nominique
1411 2145 1447 2180 et

330 2197 564 2245 praesentibus
586 2200 760 2246 periculis
787 2203 1128 2248 consanguineorum
1158 2203 1194 2238 id
1221 2204 1315 2246 dari,
1341 2209 1396 2246 ut,
1415 2205 1447 2242 si

335 2261 397 2307 qui
405 2258 607 2305 juventutis
620 2274 692 2298 suae
709 2264 894 2300 voluntate
911 2265 959 2300 ad
978 2265 1016 2300 z'd
1033 2265 1164 2301 bellum
1183 2271 1279 2309 eant,
1299 2279 1371 2303 non
1389 2270 1444 2305 in·

330 2324 495 2371 pediam.
526 2324 626 2361 Eum
642 2337 822 2379 magnum
842 2327 1034 2364 advenisse
1049 2328 1217 2367 hostium
1231 2342 1442 2381 numerung,
