1573 2598
410 215 564 245 LIBER
589 214 671 244 111.
704 215 810 244 CAP.
831 215 974 244 XXIV.
1174 215 1250 258 199

137 303 184 341 ab
220 303 347 341 Roma
390 304 592 355 profectus.
668 303 729 339 Ita
764 302 940 339 bifariam
979 302 1150 340 consules
1191 305 1249 339 in·
1263 312 1306 344 U.
1323 309 1359 342 C.
1378 317 1452 343 29⁵.

136 369 253 416 gressi
289 369 457 404 hostium
485 368 592 410 fines,
621 367 769 416 ingenti
799 368 1003 404 certamine
1039 367 1130 404 hinc
1157 367 1250 403 Vol-

137 444 234 475 scos,
272 432 361 468 hinc
389 431 537 481 AEquos
574 429 815 481 populantur.
872 430 1019 467 Eodem
1057 443 1159 468 anno
1188 431 1253 467 de-

137 496 251 531 scisse
283 496 472 537 Antiates‚
508 494 606 544 apud
643 493 842 543 plerosque
880 500 1052 530 auctores
1086 494 1253 531 invenio.

136 560 183 595 L.
213 554 431 595 Cornelium
465 557 657 595 consulem
691 559 728 594 id
760 557 901 595 bellum
935 559 1108 607 gessisse,
1143 559 1253 608 oppi-

139 623 300 671 dumque
326 622 482 672 cepisse,
503 628 648 658 certum
675 621 886 665 adfirmare,
907 623 995 670 quia
1022 622 1128 659 nulla
1155 623 1255 672 apud

138 687 361 722 vetustiores
392 684 703 736 scriptoresejus
733 687 786 721 rei
815 687 960 722 mentio
990 692 1060 729 est,
1079 698 1158 722 non
1188 699 1255 722 au-

138 750 221 786 sim.

189 813 343 850 XXIV.
381 813 470 850 Hoc
506 813 608 851 bello
647 814 831 865 perfecto,
867 814 1116 852 tribunicium
1151 814 1254 852 (lomi

135 878 277 915 bellum
304 878 436 914 Patres
465 879 626 915 territat.
684 879 874 923 Clamant,
887 880 1028 929 fraude
1040 882 1140 930 fieri,
1161 881 1255 929 quod

127 942 225 991 foris
253 947 413 979 teneatur
440 943 634 979 exercitus:
659 942 938 991 frustrationem
965 956 1044 981 eam
1073 945 1158 993 legis
1187 945 1255 982 tol-

140 1007 250 1044 Lendae
277 1018 370 1042 esse:
398 1018 434 1042 se
459 1006 688 1042 nihilominus
715 1019 789 1043 rem
816 1013 1013 1056 susceptam
1038 1013 1258 1056 peracturos.

140 1069 321 1106 Obtinuit
341 1076 470 1106 tamen
488 1070 531 1106 P.
550 1070 752 1107 Lucretius
775 1071 974 1121 praefectus
994 1071 1112 1116 urbis,
1133 1080 1177 1109 ut
1195 1085 1261 1109 ac-

139 1134 263 1170 tiones
283 1133 495 1170 tribuniciae
516 1134 554 1169 in
577 1134 777 1171 adventum
804 1135 1001 1172 consulum
1026 1136 1258 1174 differentur.

139 1199 235 1235 Erat
264 1204 302 1234 et
337 1211 437 1235 nova
465 1205 598 1235 exorta
627 1212 759 1236 caussa
786 1206 926 1237 motus.
982 1201 1030 1238 A.
1059 1201 1259 1237 Cornelius

139 1268 177 1298 et
205 1262 254 1301 Q.
285 1262 462 1297 Servilius
492 1268 696 1311 quaestores
725 1263 783 1300 Μ.
810 1263 981 1307 Volscio,
1012 1264 1114 1313 quod
1142 1263 1258 1300 falsus

138 1325 239 1361 haud
262 1325 374 1362 dubie
394 1326 502 1361 testis
527 1326 565 1361 in
590 1326 798 1362 Kaesonem
821 1328 1042 1371 exstitisset,
1074 1328 1173 1364 diem
1202 1327 1258 1365 di-

138 1395 295 1426 xerant:
327 1389 455 1426 multis
485 1391 586 1427 enim
615 1390 818 1436 emanabat
846 1391 1010 1435 indiciis,
1036 1404 1160 1440 neque
1182 1391 1260 1428 fra-

139 1459 236 1489 trem
263 1453 421 1497 Volscii,
453 1467 501 1491 ex
529 1467 604 1504 quo
637 1454 752 1491 semel
784 1454 900 1491 fuerit
933 1467 1046 1504 aeger,
1080 1467 1260 1504 umquam

138 1529 218 1553 non
246 1518 360 1554 modo
388 1518 510 1554 visum
542 1519 581 1554 in
618 1518 785 1568 publico,
817 1519 882 1555 sed
917 1532 967 1555 ne
1003 1519 1260 1555 adsurrexisse

139 1582 289 1630 quidem
308 1595 355 1618 ex
373 1582 523 1626 morbo,
544 1582 824 1632 multorumque
844 1583 932 1619 tabe
951 1583 1139 1620 mensium
1157 1595 1261 1622 more

139 1653 269 1683 tuum:
301 1660 371 1684 nec
406 1648 464 1684 his
501 1648 751 1698 temporibus,
781 1649 821 1684 in
858 1661 940 1698 quae
972 1650 1080 1685 testis
1119 1649 1261 1685 crimen

141 1710 380 1760 conjecisset,
402 1712 610 1749 Kaesonem
628 1712 765 1749 Romae
783 1713 924 1748 visum:
958 1712 1259 1756 adfirmantibus,

141 1775 206 1823 qui
232 1788 307 1810 una
334 1782 562 1818 meruerant,
589 1789 717 1812 secum
739 1789 825 1812 eum
849 1782 930 1812 turn
953 1776 1191 1825 frequentem
1214 1776 1261 1812 ad

142 1839 252 1886 signa
271 1839 352 1875 sine
371 1839 448 1875 ullo
469 1846 683 1876 commeatu
701 1840 840 1876 fuisse:
872 1842 911 1876 ni
938 1841 993 1876 ita
1015 1847 1127 1884 esset,
1151 1839 1263 1876 multi

141 1903 318 1951 privatim
343 1902 516 1939 ferebant
535 1903 691 1940 Volscio
710 1903 872 1954 judices.
929 1905 1057 1943 Quum
1087 1904 1135 1940 ad
1156 1903 1263 1955 judi-

142 1966 242 2002 cium
268 1966 322 2002 ire
343 1979 423 2002 non
452 1966 620 2010 auderet,
642 1980 773 2003 omnes
801 1981 853 2003 eae
877 1980 953 2010 reS,
971 1969 1010 2003 in
1033 1980 1150 2004 unum
1170 1980 1263 2004 con-

143 2035 334 2076 gruentes,
372 2030 475 2066 haud
509 2032 636 2079 tnagis>
667 2030 822 2067 dubiam
855 2031 1142 2068 damnationem
1168 2031 1261 2067 Vol-

143 2093 225 2135 scii‚
249 2106 361 2142 quam
383 2094 561 2130 Kaesonis
583 2094 740 2131 Volscio
769 2102 868 2131 teste
893 2095 1030 2139 fuerat,
1058 2095 1263 2134 faciebant.

145 2156 192 2192 In
219 2170 326 2194 mora
353 2158 496 2194 tribuni
525 2167 646 2203 erant,
677 2161 741 2209 qui
771 2162 926 2197 comitia
954 2169 1160 2210 quaestores
1193 2161 1261 2197 ha-

144 2220 236 2257 bere
253 2222 296 2258 de
315 2235 393 2266 reo,
413 2224 486 2259 nisi
507 2225 609 2274 prius
632 2225 766 2261 habita
791 2226 836 2261 de
859 2225 940 2275 lege
963 2231 1102 2267 essent,
1130 2237 1262 2274 passu-

145 2296 207 2319 ros
238 2286 458 2333 negabant:
487 2289 541 2324 ita
571 2295 742 2325 extracta
771 2296 930 2339 utraque
960 2301 1017 2325 res
1053 2290 1091 2324 in
1125 2301 1267 2325 consu‘

145 2346 226 2385 lum
254 2348 454 2389 adventum
483 2358 551 2388 cst.
607 2352 685 2391 Qui
720 2352 785 2388 ubi
813 2352 1090 2402 triumphantes
1120 2353 1263 2389 victore

660 2415 697 2451 K
718 2416 741 2451 4

1268 357 1303 387 Λ.
1319 355 1355 386 C.
1373 358 1447 388 457.

1265 809 1462 843 Tribuniciae

1266 860 1444 886 contentio-

1266 909 1337 931 nes.
