1573 2598
322 125 478 155 LIBER
501 124 621 155 vlu.
653 122 760 154 cAP.
784 124 953 154 XXVII.
1115 121 1196 167 571

83 213 234 258 foedior‚
255 220 458 265 postquam
486 212 654 264 periculo
683 219 898 257 evaserunt,
919 213 1020 250 visa:
1052 213 1191 264 quippe
1203 216 1297 249 U-C.
1313 221 1387 247 429⁴

81 278 145 327 qui
164 278 340 321 inermes,
359 277 464 314 nulla
491 290 616 314 rerum
646 289 797 314 suarum
826 290 904 314 non
933 277 1066 313 relicta
1093 277 1194 312 inter
1204 261 1388 293 A·C‘3²³⁹

80 342 224 385 hostes,
245 341 450 379 ludibrium
468 355 546 378 non
567 342 732 378 externis
752 342 880 385 modo,
902 341 966 378 sed
989 342 1104 378 etiam
1123 353 1194 392 po·

79 406 289 456 pularibus,
329 406 482 457 spoliati
519 413 633 455 atque
669 413 822 456 egentes
857 407 990 443 domos
1037 406 1194 443 rediere.

79 469 196 507 Haud
224 472 378 520 ignarus
405 472 596 523 opinionis
623 471 793 515 alterius,
818 485 892 521 qua
915 472 997 508 hoec
1025 471 1193 522 proditio

80 535 127 572 ab
148 535 382 573 Samnitibus
411 535 515 573 facta
540 537 716 580 traditur,
739 550 854 586 quum
881 536 1100 573 auctoribus
1119 536 1193 573 hoc

79 599 178 644 dedi,
200 601 337 651 quibus
367 601 517 650 dignius
544 602 645 638 credi
672 607 743 645 est,
763 608 845 637 tum
863 600 988 638 foedus
1007 599 1194 651 Neapoli-

77 670 211 702 tanum
231 667 295 713 (eo
314 666 415 702 enim
434 666 569 702 deinde
588 678 735 702 summa
753 666 807 702 rei
828 665 1050 702 Graecorum
1067 664 1191 712 venit)

78 728 236 764 similius
256 740 346 764 vero
364 728 472 771 facit,
492 728 595 778 ipsos
618 730 658 765 in
677 729 885 765 amicitiam
903 729 1056 765 redisse.
1089 727 1194 766 Pub-

77 791 158 828 lilio
177 792 392 842 triumphus
413 792 608 836 decretus3
632 791 733 842 quod
754 793 844 828 satis
865 792 1103 835 credebatur,
1123 791 1193 829 ob·-

79 856 225 893 sidione
244 856 409 893 domitos
429 857 561 893 hostes
587 856 626 893 in
648 856 761 892 fidem
779 857 938 893 venisse.
994 855 1086 892 Duo
1115 856 1195 893 sin-

78 919 227 969 gularia
252 920 335 957 haec
361 921 396 958 ei
422 921 506 957 viro
534 920 698 971 primum
718 920 938 968 contigere,
970 919 1199 970 prorogatio

75 985 225 1035 imperii
253 997 332 1023 non
361 991 449 1022 ante
476 985 518 1022 in
546 984 625 1022 ullo
649 984 767 1029 facta,
788 991 827 1020 et
850 989 938 1022 acto
956 984 1104 1021 honore
1123 984 1195 1022 tri-

75 1051 251 1099 umphus.

129 1113 306 1151 XXVII.
335 1113 452 1151 Aliud
470 1114 631 1152 subinde
657 1114 800 1153 bellum
826 1127 910 1152 cum
938 1114 1091 1152 alterius
1115 1126 1191 1151 orae
1201 1116 1391 1167 Tarentino-

76 1176 220 1214 Graecis
242 1184 441 1216 exortum:
470 1192 634 1229 namque
649 1179 864 1224 Tarentini,
885 1192 1001 1230 quum
1019 1192 1100 1216 rem
1116 1179 1191 1216 Pa·
1203 1170 1388 1236 ἓοῐὲἑΐοὲῗ

74 1240 335 1292 laepolitanam
356 1255 454 1280 vana
480 1256 546 1294 spe
572 1244 705 1281 auxilii
732 1244 965 1294 aliquamdiu
991 1244 1193 1281 sustinuis-

76 1313 174 1350 sent,
190 1313 393 1357 postquam
406 1307 608 1345 Romanos
625 1308 717 1345 urbe
737 1310 883 1358 potitos
904 1321 1098 1357 accepere,
1112 1308 1192 1344 vel-

74 1374 118 1406 ut
136 1369 323 1412 destituti,
345 1382 389 1406 ac
407 1382 485 1406 non
505 1370 571 1419 qui
600 1370 673 1420 ipsi
702 1371 976 1412 destituissent,
996 1370 1193 1420 increpare

72 1432 395 1484 Palaepolitanos:
434 1434 492 1470 ira
519 1439 634 1483 atque
662 1425 805 1470 invidia
833 1434 873 1469 in
901 1432 1101 1476 Romanos
1130 1433 1193 1470 fu-
1219 1426 1226 1431 ’

74 1509 157 1533 rere
165 1513 176 1544 5
200 1509 246 1533 eo
266 1497 396 1540 etiam,
417 1497 519 1546 quod
536 1496 717 1533 Lucanos
738 1502 776 1533 et
794 1496 941 1546 Apulos
966 1498 1071 1545 (nam
1086 1503 1192 1534 utra·

73 1573 146 1611 que
162 1573 211 1598 eo
231 1574 333 1598 anno
353 1562 514 1598 societas
531 1567 659 1611 coepta
674 1561 748 1606 est)
766 1561 805 1596 in
826 1560 937 1596 fidem
957 1560 1088 1610 populi
1106 1560 1191 1597 Ro-

73 1626 177 1661 mani
195 1626 342 1662 venisse
361 1625 529 1662 adlatum
549 1631 605 1662 est
621 1640 628 1661 :
663 1627 795 1674 quippe
812 1637 928 1674 prope
945 1626 1090 1661 modum
1104 1637 1191 1675 per-

71 1695 216 1726 ventum
234 1691 283 1726 ad
298 1702 334 1726 se
352 1702 422 1727 esse
435 1706 447 1727 :
465 1690 616 1738 jamque
633 1692 670 1726 in
692 1702 731 1726 eo
750 1702 824 1726 rem
841 1689 944 1739 fore,
969 1695 1009 1726 ut
1034 1689 1192 1726 Romani

74 1759 139 1790 aut
167 1753 293 1797 hostes,
319 1759 384 1790 aut
403 1755 537 1790 domini
557 1754 711 1790 habendi
737 1755 820 1789 sint.
867 1754 1075 1789 Discrimen
1100 1765 1189 1801 pro-

62 1816 169 1867 fecto
187 1829 307 1854 rer-um
325 1815 473 1854 suorum
496 1819 532 1853 in
555 1818 644 1854 bello
665 1817 883 1853 Samnitium
903 1821 1098 1865 eventuque
1116 1815 1190 1863 ejus

71 1884 184 1919 verti:
212 1894 291 1918 eam
308 1884 420 1918 solam
443 1886 584 1930 gentem
609 1886 756 1924 restare,
780 1893 844 1917 ozee
872 1893 951 1917 eam
972 1882 1086 1929 ipsam
1104 1883 1191 1916 satis

72 1947 247 1990 validam,
284 1949 427 1995 quando
459 1947 630 1984 Lucanus
663 1946 832 1994 defece-rit
845 1962 856 1981 .·
897 1957 998 1994 quem
1030 1946 1191 1982 revocari

73 2011 204 2054 adhuc,
232 2012 426 2060 inpellique
449 2013 497 2048 acl
521 2011 731 2047 abolendam
756 2012 958 2047 societatem
987 2010 1190 2046 Romanam

70 2075 236 2124 posse,'si
254 2088 325 2123 qua
349 2088 408 2112 ars
425 2076 581 2112 serendis
607 2076 793 2111 discordiis
812 2074 1036 2110 adhibeatur.
1093 2073 1190 2110 Haec

77 2137 238 2174 consilia
256 2151 371 2188 quum
391 2140 492 2190 apud
518 2139 674 2190 cupidos
699 2152 824 2175 rerum
844 2138 1104 2174 novandarum
1123 2150 1190 2173 va-

76 2201 259 2246 luissent,
300 2215 347 2239 ex
373 2202 577 2252 juventute
606 2203 759 2252 quidam
787 2202 1033 2238 Lucanorum
1065 2202 1189 2251 pretio
1202 2203 1374 2236 Concitant

76 2263 223 2310 adsciti,
251 2264 343 2305 clari
370 2267 490 2316 magis
520 2267 619 2303 inter
647 2265 864 2319 populares.
886 2278 999 2320 quam
1020 2265 1186 2311 honesti,¹
1201 2246 1360 2279 Lucanos.
