1573 2598
296 184 454 214 LIBER
478 184 574 213 VII.
610 182 928 212 eahxxvxu.
1088 181 1167 227 507

59 273 150 309 satis
182 273 288 310 firma
320 286 400 324 spe,
433 287 548 323 quum
577 285 719 310 corona
747 272 910 309 militum
941 273 1065 310 cincta
1089 271 1172 323 jam

59 336 169 373 scalis
199 345 398 388 caperetur
435 337 539 381 urbs,
570 337 616 374 ad
645 343 808 386 quatuor
844 336 962 373 millia
994 336 1171 379 militum,

58 407 195 451 praeter
219 401 502 438 multitudinem
528 387 719 444 inbellem,
748 413 829 438 sese
849 401 1034 438 dedidere.
1091 401 1173 453 Op-

57 464 187 514 pidum
216 465 382 502 dirutum
419 472 532 516 atque
569 466 787 502 incensum:
824 465 871 502 ab
909 465 987 502 aede
1023 472 1173 502 tantum

55 526 194 565 blatris
230 529 394 566 blatutae
431 529 648 566 abstinuere
685 529 824 578 ignem.
880 529 1014 565 Praeda
1049 531 1172 566 omnis

59 593 171 629 militi
198 593 299 632 data.
353 594 477 631 Extra
505 594 670 645 praedam
691 600 853 643 quatuor
882 594 1001 630 millia
1026 594 1172 631 dedito-

57 669 139 694 rum
159 658 309 695 habita:
343 671 407 695 eos
434 659 583 695 vinctos
605 659 738 695 consul
761 665 850 696 aute
869 671 1020 695 currum
1040 660 1172 695 trium-

56 722 177 774 phans
206 723 306 772 egit:
338 723 500 759 venditis
531 723 665 760 deinde
701 736 878 772 magnam
907 724 1107 774 pecuniam
1134 723 1175 759 in

57 787 229 823 aerarium
244 787 400 837 redegit.
456 787 568 830 Sunt,
587 788 651 836 qui
672 788 771 824 hanc
788 788 1070 824 multitudinem
1086 800 1175 838 cap-

56 851 173 888 tivam
193 864 386 888 servorum
405 851 521 888 fuisse
547 852 738 889 scribant:
770 853 882 903 idque
901 853 1021 902 magis
1045 852 1175 888 verisi-

59 915 147 952 mile
168 921 237 959 est,
259 929 371 964 quaxn
391 916 537 952 deditos
558 916 731 954 veniisse.

111 978 310 1016 XXVIII.
340 979 426 1015 Hos
460 979 632 1015 consules
670 979 789 1015 secuti
821 986 910 1015 sunt
943 979 1002 1018 M.
1034 979 1173 1017 Fabius
1186 983 1368 1017 U.C.410.

55 1041 201 1087 Dorso,
234 1044 313 1080 Ser.
346 1044 533 1094 Sulpicius
566 1044 801 1080 Camerinus.
836 1045 1058 1082 Auruncum
1087 1028 1370 1082 judeaeam,

56 1107 196 1144 bellum
214 1107 260 1144 ab
282 1110 481 1159 repentina
500 1108 748 1159 populatione
767 1116 958 1158 coeptum:
980 1116 1172 1159 metuque,

58 1184 107 1208 ne
126 1172 164 1208 id
182 1173 325 1209 factum
346 1172 478 1223 populi
498 1174 623 1216 uniuS,
645 1172 846 1208 consilium
866 1174 988 1209 omnis
1008 1175 1173 1210 nominis

56 1238 189 1275 Latini
215 1246 326 1282 esset,
353 1240 517 1275 dictator
545 1238 647 1274 velut
677 1239 851 1274 adversus
882 1246 1068 1276 armatum
1089 1238 1174 1289 jam

56 1303 212 1340 Latium
230 1303 277 1340 L.
297 1303 434 1340 Furius
464 1310 626 1346 creatuS,
657 1305 881 1353 magistrum
911 1307 1080 1354 equitum
1101 1308 1171 1343 Cn.
1185 1313 1329 1352 Dictator
1345 1315 1381 1348 L.

56 1369 246 1406 Manlium
280 1370 540 1420 Capitolinum
572 1370 689 1406 dixit:
723 1376 761 1405 et
792 1383 921 1419 quum,
959 1372 1078 1421 (quod
1107 1385 1173 1423 per
1186 1358 1310 1389 FUUUS‘

56 1444 216 1480 magnos
235 1432 420 1468 tumultus
441 1432 522 1468 ficri
548 1432 702 1468 solitum
720 1433 816 1476 erat)
833 1432 987 1482 justitio
1014 1434 1172 1479 indicto,

55 1496 222 1536 delectus
251 1497 331 1532 sine
360 1496 622 1532 vacationibus
650 1496 803 1532 habitus
834 1503 955 1543 csset3
988 1497 1173 1547 legiones,
1223 1505 1229 1510 '

54 1569 237 1610 quantum
266 1561 447 1596 maturari
475 1561 615 1611 potuit,
647 1562 686 1597 in
711 1562 912 1597 Auruncos
941 1562 1085 1600 ductae:
1119 1565 1171 1601 ibi

55 1626 275 1676 praedonum
312 1627 446 1674 magiS,
485 1640 597 1674 quam
634 1627 816 1670 hostium,
852 1628 968 1664 animi
1014 1629 1172 1668 inventi.

53 1688 182 1725 Prima
202 1690 327 1737 itaque
347 1690 427 1725 acie
447 1689 677 1726 debellatum
698 1696 766 1726 est.
823 1690 1003 1728 Dictator
1025 1698 1169 1737 tamen,

54 1751 141 1800 quia
162 1756 199 1785 et
218 1750 317 1786 ultro
336 1750 477 1787 bellum
497 1752 718 1795 intulerant,
741 1759 778 1788 et
797 1753 876 1789 sine
893 1755 1169 1793 detractatione

53 1829 92 1852 se
123 1816 320 1852 certamini
339 1815 579 1860 obferebant,
603 1817 775 1854 Deorum
803 1832 952 1868 quoque
983 1834 1073 1871 opes
1101 1823 1166 1860 ad·

48 1879 233 1921 ,bibendas
253 1886 371 1923 ratuS,
392 1880 491 1915 inter
513 1881 633 1930 ipsam
654 1881 937 1920 dimicationem
957 1886 1074 1922 aedem
1093 1886 1118 1923 J
1122 1902 1162 1924 u-
1174 1903 1261 1935 juno
1277 1906 1351 1938 Mo„

51 1946 144 1982 noni
180 1945 350 1982 Monetae
387 1946 513 1982 vovit:
552 1945 657 1996 cujus
696 1947 894 1984 damnatus
932 1952 1012 1987 voti
1048 1955 1261 2002 quumneffl·

51 2011 172 2046 victor
197 2008 362 2045 Romam
393 2010 622 2053 revertisset,
662 2010 850 2048 dictatura
885 2025 924 2049 se
961 2015 1164 2056 abdicavit.

52 2073 211 2109 Senatus
238 2073 452 2109 duumviros
483 2073 529 2110 ad
559 2086 642 2110 eam
673 2075 790 2111 aedem
818 2089 887 2125 pro
917 2078 1164 2128 amplitudine

52 2135 183 2186 populi
205 2135 379 2175 ,Romani
415 2137 625 2174 faciendam
662 2139 780 2176 creari
809 2139 948 2190 jussit:
981 2142 1086 2181 locus
1123 2145 1163 2185 in

51 2211 137 2239 arce
155 2199 378 2243 destinatus,
400 2214 481 2250 quae
502 2214 588 2238 area
609 2202 743 2239 aedium
762 2203 818 2239 M.
844 2204 982 2242 Manlii
1003 2207 1161 2259 Capito-

49 2263 117 2300 lini
136 2263 272 2301 fuerat.
327 2265 528 2310 Consules,
549 2267 746 2304 dictatoris
767 2270 934 2305 exercitu
953 2270 1001 2307 ad
1019 2271 1161 2314 bellum

50 2326 233 2366 Volscum
259 2328 330 2372 usi,
361 2329 495 2367 Soram
523 2343 572 2368 ex
599 2332 787 2378 hostibus,
817 2335 990 2372 incautos
1019 2337 1158 2385 adorti,

571 2395 603 2431 Z
626 2398 647 2432 2
