1573 2598
384 198 538 227 LIBER
563 198 620 226 11.
653 195 761 226 CAP·
786 198 924 227 LXIV.
1133 188 1213 243 165

97 287 148 324 be
167 286 383 338 juventute,
414 287 712 337 tranquilliorem
741 293 904 324 ceteram
936 287 1083 339 plebem
1115 290 1213 326 fece-

99 358 200 388 runt.
254 350 308 387 Et
331 351 460 388 hostes
483 352 647 400 quidem,
671 351 768 387 nihil
790 351 892 388 aliud
915 364 1028 401 quam
1048 342 1214 402 ¹perfusis

100 427 199 452 vano
224 416 362 452 timore
380 415 579 459 Romanis,
606 416 724 452 citato
747 416 898 464 agmine
923 416 1075 453 abeunt.
1132 417 1215 453 Nu-
1229 419 1357 450 Bellum
1409 460 1416 468 .

101 480 234 516 micius
262 480 423 516 Antium
451 480 625 517 adversus
655 480 829 523 Volscos,
860 481 1054 539 Virginius
1083 487 1217 518 contra
1228 462 1434 537 ffssoffcffiffi

103 542 252 593 AEquos
281 543 498 593 profectus:
531 543 583 579 ibi
610 556 656 580 ex
681 544 824 580 insidiis
854 557 971 595 prope
996 558 1133 594 magna
1155 559 1217 583 ac-

105 614 215 659 cepta
243 607 362 651 clade,
391 608 508 644 virtus
538 608 701 644 militum
730 622 822 651 rem,
853 609 1068 659 prolapsam
1099 610 1220 659 negli-

105 672 234 721 gentia
258 671 437 715 consulis,
462 673 639 712 restituit.
694 672 833 709 Melius
864 673 902 709 in
927 673 1074 710 Volscis
1104 674 1223 724 impe·

106 741 231 772 ratum
258 741 326 772 est.
381 735 472 772 Fusi
501 736 623 785 primo
652 736 788 786 proelio
817 737 960 779 hostes,
990 737 1156 785 fugaque
1185 738 1224 772 in

107 799 240 836 urbem
268 799 440 842 Antium,
471 805 514 835 ut
548 805 630 835 tum
658 813 716 836 res
746 807 867 843 eraut,
899 799 1225 850 opulentissimam

108 863 185 900 acti
206 878 214 899 :
247 876 358 912 quam
378 863 510 899 consul
529 863 749 913 obpugnare
768 876 844 899 non
866 876 992 906 ausus,
1015 864 1225 905 Cenonem.

109 927 211 965 aliud
235 928 427 978 oppidum,
450 940 688 977 nequaquam
714 934 793 964 tam
819 927 1054 978 opulentum,
1079 928 1125 964 ab
1145 929 1227 964 An·

111 993 267 1029 tiatibus
294 995 405 1043 cepit.
461 993 565 1029 Dum
584 992 703 1042 AEqui
723 993 926 1043 Volscique
945 993 1142 1030 Romanos
1163 988 1229 1030 ex-v

114 1055 251 1090 ercitus
280 1061 426 1098 tenent,
451 1056 581 1092 Sabini
609 1068 725 1105 usque
752 1057 798 1092 ad
827 1062 954 1106 portas
977 1057 1077 1092 urbis
1108 1069 1228 1106 popu·-
1243 1064 1285 1093 U.
1303 1062 1338 1092 C.
1356 1065 1432 1093 2536.

114 1121 236 1157 lantes
263 1121 474 1157 incessere:
508 1121 643 1157 deinde
670 1121 741 1171 ipsi
766 1122 895 1171 paucis
920 1126 1007 1170 post
1030 1122 1158 1157 diebus
1182 1121 1229 1158 ab
1243 1108 1282 1136 Α·
1299 1105 1335 1135 C·
1354 1109 1428 1135 ‘²⁶⁶'

117 1182 262 1218 duobus
297 1183 538 1226 exercitibus,
573 1190 734 1232 utroque
765 1196 832 1234 per
863 1184 958 1220 iram
988 1183 1142 1220 consule
1175 1185 1233 1219 in-

120 1259 247 1295 gresso
270 1247 310 1282 in
335 1247 441 1291 fines,
471 1248 554 1298 plus
584 1249 759 1293 cladium,
789 1262 901 1298 quam
929 1250 1151 1293 intulerant,
1174 1263 1237 1286 ac-

76 1328 79 1331 ’
120 1319 312 1365 ceperunt.

173 1379 321 1416 LXIV.
350 1379 534 1415 Extremo
555 1390 654 1414 anno
681 1379 783 1428 pacis
804 1378 945 1428 aliquid
964 1379 1036 1415 fuit
1053 1397 1062 1426 3
1096 1381 1173 1423 sed,
1196 1386 1237 1416 ut

123 1455 269 1491 semper
292 1441 398 1485 alias,
421 1441 592 1478 sollicitae
620 1442 824 1477 certamine
850 1442 1007 1478 Patrum
1036 1450 1074 1478 et
1102 1443 1237 1493 plebis.

125 1508 228 1544 Irata
261 1508 366 1558 plebs
401 1509 580 1544 interesse
613 1508 872 1544 consularibus
906 1509 1068 1545 comitiis
1103 1509 1241 1545 noluit.

126 1571 199 1608 Per
227 1571 358 1607 Patres
389 1571 619 1620 clientesque
647 1571 804 1607 Patrum
837 1571 1011 1607 consules
1050 1572 1167 1607 creati
1195 1571 1255 1623 '1¹4

128 1633 344 1676 Quinctius,
365 1633 414 1672 Q.
436 1634 612 1669 Servilius
631 1648 639 1668 :
672 1633 832 1669 similem
852 1646 993 1669 annum
1015 1634 1132 1683 priori
1151 1645 1246 1668 con-

129 1696 226 1733 sules
256 1697 412 1741 habent,
442 1699 619 1734 seditiosa
647 1699 770 1741 initia,
801 1698 901 1735 bello
928 1700 1060 1735 deinde
1087 1700 1246 1736 externo

130 1762 345 1813 tranquilla.
403 1764 548 1808 Sabini,
569 1765 833 1801 Crustuminos
854 1778 1006 1815 campos
1034 1767 1151 1802 citato
1179 1779 1246 1815 ag-
1259 1769 1388 1801 Bellum

132 1828 234 1864 mine
266 1827 503 1875 transgressi,
535 1839 650 1875 quum
679 1828 797 1863 caedes
830 1834 869 1863 et
901 1829 1074 1865 incendia
1106 1830 1247 1866 circum
1260 1814 1429 1844 Sabinum.

134 1891 322 1929 Anienem
357 1891 497 1926 flumen
531 1890 724 1934 fecissent,
755 1905 777 1927 a
805 1898 916 1941 porta
950 1906 1068 1943 prope
1098 1895 1251 1932 Collina

135 1954 400 2004 moenibusque
431 1954 543 2004 pulsi,
576 1956 748 2004 ingentes
782 1962 910 1992 tamen
945 1957 1089 2006 praedas
1126 1958 1252 1994 homi-

135 2030 227 2054 num
246 2029 499 2067 pecorumque
518 2029 640 2066 egere.
696 2017 803 2056 Quos
830 2018 1007 2055 Servilius
1034 2021 1167 2057 consul
1196 2022 1255 2057 in-

137 2083 238 2121 festo
263 2083 431 2119 exercitu
458 2083 663 2125 insecutus,
687 2083 811 2132 ipsum
834 2083 984 2131 quidem
1013 2097 1149 2132 agmen
1175 2085 1258 2121 adi-

139 2148 234 2201 pisci
268 2149 382 2197 aequis
414 2147 507 2184 locis
540 2160 619 2183 non
650 2148 803 2198 potuit;
840 2147 1128 2197 populationem
1163 2148 1258 2185 adeo

142 2209 258 2247 effuse
275 2210 379 2253 fecit,
399 2216 442 2246 ut
459 2210 555 2246 nihil
572 2209 674 2246 bello
693 2211 879 2247 intactum
898 2209 1141 2258 relinqueret,
1162 2208 1261 2245 mul-

144 2275 340 2327 tiplicique
368 2281 479 2326 capta
506 2275 631 2326 praeda
658 2274 808 2311 rediret.
863 2273 917 2309 Et
945 2274 985 2309 in
1007 2272 1152 2309 Volscis
1183 2285 1262 2309 res·
1274 2278 1442 2311 Voiscum.

144 2339 300 2392 publica
335 2339 485 2388 egregie
520 2345 642 2388 gesta,
681 2351 797 2389 quum
832 2338 953 2384 ducis,
984 2344 1065 2376 tum
1102 2338 1265 2378 militum
