1573 2598
472 159 628 189 LIBER
654 159 725 188 VI.
757 158 865 188 cAP.
889 159 961 188 XI.
1189 161 1272 206 423

157 248 388 286 multitudini
420 248 573 284 redditae
602 260 676 291 res,
706 247 961 298 oppidumque
985 260 1069 284 cum
1096 249 1271 298 praesidio

157 310 342 348 relictum.
400 311 474 355 lta,
504 310 648 347 duabus
679 311 791 346 sociis
822 309 977 346 urbibus
1007 323 1053 346 ex
1078 310 1189 347 hoste
1210 323 1270 346 re-

159 376 292 425 ceptis,
313 375 496 412 victorem
515 375 722 411 exercitum
748 373 892 410 tribuni
922 387 1007 411 cum
1033 387 1171 423 inagna
1189 375 1271 424 glo-

159 439 217 475 ria
243 438 409 476 Romam
438 439 681 475 reduxerunt.
736 438 884 475 Eodem
915 451 1016 474 anno
1044 438 1091 475 ab
1121 438 1311 475 LatinisA
1328 437 1446 468 latinis

159 501 413 552 Hernicisque
432 515 489 539 res
509 504 694 553 repetitae,
716 504 1003 552 quaesitumque,
1031 516 1097 539 cur
1122 516 1188 553 pei·
1207 516 1270 539 eos
1256 480 1449 561 ἔῖυῗῖὲῖε

159 578 278 602 annos
299 566 457 602 militem
476 579 522 602 ex
541 567 720 602 instituto
746 578 824 602 non
852 566 1064 602 dedissent?
1093 565 1271 617 Respon-
1285 572 1435 605 repetitae.

159 642 241 666 sum
259 630 449 680 frequenti
468 631 663 679 utriusque
690 632 812 680 gentis
835 630 998 667 concilio
1018 637 1089 673 est,
1110 643 1175 667 nec
1194 633 1272 667 cnl-

152 706 242 743 pam
270 697 305 730 in
334 707 373 730 eo
399 694 595 743 publicam,
621 707 687 731 nec
715 696 901 731 consilium
921 694 1054 742 fuisse,
1080 697 1175 743 quod
1200 708 1273 731 sace

148 757 350 805 juventutis
364 760 480 807 aliqui
498 761 597 807 apud
620 759 762 795 Volscos
780 760 1019 795 militaverint
1035 775 1045 794 .·
1075 771 1133 794 eos
1153 764 1272 796 tamen

158 823 252 871 ipsos
275 825 384 871 pravi
412 824 552 859 consilii
575 835 719 871 poenam
744 823 886 865 hahere,
913 834 976 858 nec
998 834 1209 870 quemqnam
1230 835 1273 858 ex

157 887 213 924 his
239 890 404 925 reducem
432 901 514 924 esse.
571 889 708 924 Militis
736 893 857 924 autem
885 900 957 924 non
985 889 1065 924 dati
1094 900 1269 931 caussam,

159 958 331 989 terrorem
351 953 541 989 adsiduum
560 965 584 988 a
607 953 741 989 Volscis
758 952 891 1001 fnisse,
913 964 1022 1000 quam
1045 957 1183 1000 pestem
1204 954 1270 989 (zd-

158 1016 348 1052 hoerentern
378 1017 485 1052 latere:
508 1028 571 1052 suo
602 1020 655 1051 tot
682 1028 789 1063 super
815 1016 892 1051 alia
911 1017 997 1051 aliis
1017 1015 1117 1051 bellis
1135 1016 1270 1052 exhau-

154 1079 224 1116 riri
250 1081 421 1128 nequisse.
478 1079 573 1119 Quae
597 1078 716 1115 relata
741 1078 918 1114 Patribus
950 1078 1070 1126 magis
1102 1083 1267 1129 tempus,

156 1155 270 1192 quam
289 1156 473 1186 caussam,
494 1156 572 1179 non
592 1144 671 1179 visa
689 1142 779 1179 belli
798 1142 951 1179 habere.

209 1207 282 1244 XI.
313 1207 534 1256 Insequenti
554 1219 670 1250 ann0‚
691 1207 738 1243 A.
754 1206 919 1250 Manlio,
938 1207 982 1243 P.
1004 1206 1199 1250 Cornelio,
1220 1207 1266 1244 T.
1281 1203 1322 1236 U·
1339 1206 1374 1236 C·
1390 1212 1463 1241 370-

156 1278 195 1308 et
218 1271 264 1308 L.
284 1272 474 1310 Quinctiis
496 1270 739 1322 CapitoliniS,
764 1270 811 1307 L.
832 1271 986 1321 Papirio
1010 1272 1174 1307 Cursore
1196 1272 1266 1307 ite·
1280 1253 1320 1281 A.
1335 1250 1371 1280 Ο·
1389 1255 1464 1281 3⁸⁹⁰

157 1348 254 1379 rum,
274 1336 317 1371 C.
339 1336 472 1384 Sergio
493 1336 629 1372 iterum
654 1335 816 1371 tribunis
847 1335 1036 1371 consulari
1062 1342 1267 1385 potestate,

158 1411 271 1447 grave
306 1399 445 1435 bellum
479 1399 587 1442 foris,
622 1399 773 1448 gravior
806 1399 909 1435 domi
939 1399 1075 1435 seditio
1109 1405 1411 1436 exortazssellum

157 1463 297 1499 bellum
317 1477 339 1499 a
359 1463 520 1505 Volscis,
542 1462 722 1513 adjuncta
740 1462 969 1499 Latinorum
989 1471 1102 1512 atque
1124 1463 1207 1498 He]
1210 1464 1265 1499 ni-
1280 1448 1447 1479 VOISCUffl‘

157 1539 286 1563 corum
306 1527 540 1563 defectione·
531 1543 541 1573 5
574 1527 724 1570 seditio,
753 1527 851 1563 unde
879 1528 1034 1563 minime
1054 1528 1177 1562 timeli
1197 1540 1266 1577 po-

156 1590 243 1633 tuit,
260 1603 281 1626 a
297 1591 463 1640 patricie
484 1591 606 1638 gentis
627 1591 708 1626 viro
724 1597 762 1626 et
782 1590 921 1626 inclitae
940 1590 1065 1633 famae,
1081 1590 1138 1627 M.
1150 1590 1204 1626 M·
1198 1604 1265 1626 an·
1279 1594 1328 1624 Μ.
1347 1594 1461 1624 Manlii

1279 1647 1384 1675 pravae
1402 1646 1472 1666 mo—

154 1652 208 1689 lto
228 1654 472 1703 Capitolino:
507 1655 571 1703 qui
597 1655 735 1690 nimius
761 1655 892 1697 animi,
914 1667 1029 1703 quum
1049 1655 1142 1690 alios
1163 1656 1416 1710 prin-litiones·

156 1717 256 1767 cipes
278 1724 483 1767 sperneret,
509 1719 572 1753 uni
599 1719 797 1761 invideret,
819 1719 959 1754 eximio
980 1718 1091 1754 simul
1109 1719 1267 1754 honori-

155 1780 225 1818 bus
245 1788 358 1830 atque
377 1782 593 1825 virtutibus,
614 1782 670 1818 M.
687 1782 802 1818 Furio
813 1799 822 1827 3
854 1794 952 1830 aegre
971 1782 1132 1825 ferebat,
1152 1784 1269 1819 solum

156 1857 235 1881 enm
257 1847 292 1880 in
313 1847 593 1893 magistratibus,
613 1848 729 1883 solum
749 1848 848 1895 apud
866 1849 1040 1883 exercitus
1058 1859 1130 1883 esse
1142 1864 1153 1891 ,·
1186 1853 1266 1883 tan-

158 1914 233 1945 tum
249 1908 332 1955 jam
351 1912 518 1954 eminere,
540 1916 580 1947 ut
602 1913 726 1948 iisdem
746 1913 915 1959 auspiciis
933 1913 1084 1953 creatos,
1105 1924 1175 1947 non
1200 1925 1268 1960 pro

157 1974 312 2020 collegis,
340 1975 402 2009 sed
430 1987 499 2022 pro
524 1977 696 2011 ministris
722 1975 875 2012 habeat:
913 1988 1020 2023 quum
1050 1977 1207 2019 interim,
1238 1978 1269 2012 si

155 2038 234 2084 quis
252 2049 332 2073 vere
349 2040 525 2074 aestimare
543 2041 643 2083 velit,
671 2052 695 2075 a
716 2040 772 2075 1¹⁸1.
792 2040 900 2075 Furio
922 2042 1125 2087 recuperari
1141 2042 1269 2088 patria

156 2112 198 2136 ex
213 2100 391 2138 obsidione
409 2103 562 2139 hostium
583 2116 652 2140 non
678 2105 854 2152 potuerit,
876 2105 945 2139 nisi
968 2117 991 2139 a
1011 2116 1048 2139 se
1073 2105 1176 2151 prius
1197 2104 1267 2139 Ca-

153 2165 325 2211 pitolium
343 2171 452 2214 atque
469 2180 536 2204 arx
553 2173 697 2204 servata
716 2173 828 2204 esset:
857 2173 893 2203 et
919 2169 993 2210 ille,
1022 2170 1115 2203 inter
1140 2180 1269 2203 aarum

157 2227 403 2275 accipiendum
425 2235 461 2266 et
486 2243 584 2279 spem
610 2233 713 2280 pacis
737 2232 864 2267 solutis
891 2232 1033 2273 animis,
1061 2231 1183 2266 Gallos
1203 2232 1269 2266 ad-

154 2301 294 2337 gressus
310 2293 357 2328 sit
363 2309 374 2337 ‚-
396 2295 469 2342 ipse
487 2300 649 2332 armatos
668 2297 916 2344 capientesque
931 2307 1047 2331 arcem
1070 2296 1270 2343 depulerit:
