1573 2598
94 252 178 284 Ante
191 251 276 290 judi-

93 303 183 325 cium
200 304 284 325 mor-

301 154 387 206 164
761 168 806 196 τ.
831 166 966 198 mvn

310 253 396 290 inde
423 265 503 290 rem
531 252 708 291 sinerent.
763 253 879 291 Haud
906 255 960 291 ita
982 253 1142 291 multum
1159 254 1312 291 interim
1329 259 1425 291 tem·-

94 338 137 368 bo
153 339 298 370 mommo
311 316 413 366 poris
441 315 537 351 fuit:
571 322 659 351 ante
684 322 826 360 tamen,
847 330 959 366 quam
982 317 1154 368 prodicta
1171 317 1247 353 dies
1267 317 1426 360 veniret,

118 1850 161 1879 U.
177 1848 214 1879 C.
231 1855 306 1881 285.

118 1894 158 1924 A.
174 1892 210 1924 C.
227 1897 302 1933 467.

312 378 447 414 morbo
478 378 664 415 moritur:
705 379 809 429 cujus
843 393 958 429 quum
995 380 1251 416 laudationem
1282 378 1427 417 tribuni

313 440 432 492 plebis
461 441 630 491 inpedire
659 449 898 485 conarentur,
928 442 1033 492 plebs
1062 440 1229 478 fraudari
1254 438 1428 476 sollemni

313 508 459 543 honore
485 519 700 557 supremum
727 507 826 543 diem
851 508 947 543 tanti
966 507 1035 542 viri
1060 505 1185 543 noluit
1199 521 1210 551 3
1242 510 1281 540 et
1298 503 1427 539 lauda—

313 573 459 609 tionem
487 577 566 607 tam
595 571 709 620 aequis
735 570 886 607 auribus
907 570 1046 607 mortui
1066 569 1222 611 audivit,
1243 577 1357 617 quam
1375 565 1431 602 vi-

315 634 352 669 vi
375 634 655 669 accusationem
678 634 846 669 audierat
862 647 871 669 ι
904 639 941 668 et
960 633 1155 682 exsequias
1173 631 1351 681 frequens
1370 639 1432 666 ce·

315 697 488 735 lebravit.

370 761 502 798 LXII.
531 761 679 798 Eodem
707 774 808 798 anno
834 761 1005 798 Valerius
1035 761 1180 806 consul,
1211 773 1297 797 cum
1325 772 1433 796 exer-

319 827 398 863 citu
417 827 457 862 in
475 827 624 878 AEquos
643 827 849 878 profectuS,
871 841 986 878 quum
1013 828 1164 865 hostem
1187 827 1234 864 ad
1258 826 1436 878 proelium

319 892 454 930 elicere
486 905 564 930 non
596 899 739 943 posset,
773 899 896 930 castra
924 893 1146 943 obpugnare
1178 898 1235 929 est
1268 891 1435 929 adortus.

319 958 523 995 Prohibuit
541 958 643 994 foeda
667 964 886 1008 tempestas,
906 970 992 993 cum
1019 958 1199 1006 grandine
1219 969 1262 993 ac
1280 956 1436 993 tonitri-

321 1023 391 1060 bus
412 1022 509 1059 coelo
529 1023 684 1072 dejecta.
740 1022 1042 1059 Admirationem
1062 1023 1195 1059 deinde
1221 1023 1340 1066 auxit,
1361 1023 1438 1071 sig-

321 1101 373 1124 no
393 1088 560 1136 receptui
579 1087 681 1130 dato,
703 1087 796 1136 adeo
822 1087 1026 1136 tranquilla
1053 1089 1234 1124 serenitas
1263 1088 1408 1124 reddita
1426 1103 1435 1124 ε

322 1160 379 1197 ut,
409 1153 511 1189 velut
542 1153 696 1189 numine
725 1153 852 1202 aliquo
884 1153 1037 1189 defensa
1068 1160 1191 1190 castra
1219 1154 1440 1203 obpugnare

324 1219 475 1261 iterum,
495 1218 629 1265 religio
648 1217 761 1253 fuerit
780 1232 787 1252 :
820 1219 942 1253 omnis
962 1219 1018 1254 ira
1035 1219 1124 1254 belli
1150 1220 1196 1255 ad
1224 1219 1442 1270 populatio·

325 1294 413 1318 nem
441 1282 522 1330 agri
542 1281 666 1317 vertit.
721 1280 829 1316 Alter
858 1281 990 1317 consul
1013 1281 1193 1318 AEmilius
1222 1283 1262 1318 in
1292 1282 1442 1318 Sabinis

327 1345 466 1381 bellum
495 1345 612 1393 gessit
629 1360 636 1381 t
670 1353 707 1381 et
733 1345 800 1389 ibi,
822 1347 910 1395 quia
927 1347 1047 1382 hostis
1067 1347 1257 1384 moenibus
1277 1359 1319 1383 se
1334 1352 1441 1383 tene-

327 1410 408 1454 bat,
428 1410 565 1446 vastati
595 1410 675 1458 agri
705 1416 805 1447 sunt.
861 1410 1049 1448 Incendiis
1070 1412 1218 1456 deinde,
1238 1426 1317 1450 non
1336 1412 1445 1449 villa-

329 1488 412 1512 rum
441 1475 568 1518 modo,
599 1475 663 1510 sed
697 1475 810 1510 etiam
843 1476 1025 1519 vicorum,
1060 1476 1195 1525 quibus
1228 1477 1446 1527 frequenter

329 1537 588 1580 habitabatur,
619 1536 750 1572 Sabini
778 1538 905 1581 exciti,
936 1551 1051 1586 quum
1079 1538 1350 1587 praedatoribus
1375 1538 1445 1575 ob-

331 1605 547 1647 currissent,
577 1602 734 1652 ancipiti
762 1602 897 1652 proelio
926 1603 1094 1652 digressi,
1124 1610 1276 1653 postero
1303 1603 1362 1640 die
1387 1615 1447 1640 re-

330 1671 450 1709 tulere
477 1677 599 1707 castra
626 1669 665 1705 in
693 1670 836 1705 tutiora
866 1668 963 1705 loca.
1020 1668 1066 1705 Id
1098 1670 1188 1705 satis
1218 1667 1364 1705 consuli
1390 1668 1447 1704 vi·

331 1750 434 1780 sum,
449 1749 516 1773 cur
543 1747 612 1785 pro
632 1735 734 1771 victo
761 1733 990 1785 relinqueret
1010 1736 1174 1779 hostem,
1194 1735 1344 1785 integro
1362 1734 1451 1774 inde

334 1797 516 1835 decedens
535 1796 647 1833 bello.

389 1857 544 1895 LXIII.
574 1858 678 1895 Inter
713 1858 794 1895 haec
822 1857 935 1902 bella,
966 1864 1143 1895 manente
1170 1858 1356 1895 discordia
1383 1858 1451 1895 do·

336 1925 402 1969 mi,
423 1925 468 1962 T.
489 1925 687 1961 Numicius
707 1924 871 1967 Priscus,
891 1925 938 1961 A.
959 1924 1152 1972 Virginius
1173 1923 1344 1959 consules
1370 1923 1450 1961 fac·

335 1991 378 2026 ti.
433 1989 526 2026 Non
559 1989 658 2025 ultra
685 1989 882 2026 videbatur
917 1989 1039 2026 latura
1067 1989 1194 2039 plebes
1229 1989 1449 2027 dilationem

337 2052 493 2100 agrarias
521 2051 628 2100 legis,
659 2051 865 2100 ultimaque
883 2052 938 2088 vis
968 2051 1184 2102 parabatur,
1208 2064 1336 2100 quum,
1358 2051 1450 2088 Vol·

337 2131 422 2155 scos
456 2117 597 2160 adesse,
634 2116 740 2153 fumo
778 2129 825 2154 ex
861 2116 1042 2154 incendiis
1079 2115 1251 2152 villarum
1287 2115 1452 2165 fugaque

339 2184 544 2233 agrestium
564 2183 759 2231 cognitum
779 2189 835 2218 est
853 2197 860 2218 :
893 2195 937 2219 ea
955 2194 1013 2218 res
1035 2187 1219 2217 maturam
1242 2181 1324 2231 jam
1354 2181 1449 2218 sedi—

338 2246 483 2282 tionem
510 2259 552 2282 ac
582 2258 698 2296 prope
724 2251 980 2295 erumpentem
1008 2243 1195 2294 repressit.
1253 2239 1451 2282 Consules,

341 2311 463 2348 coacti
491 2310 679 2361 extemplo
705 2309 752 2346 ab
774 2315 908 2346 senatu
927 2309 973 2346 ad
998 2308 1152 2353 bellum,
1174 2309 1309 2345 educta
1325 2320 1373 2344 ex
1391 2319 1452 2344 ur-
