1573 2598
300 134 454 168 m‘ssmz
478 137 736 179 vnncAp,
759 134 964 169 xxxvn.
1099 123 1181 184 585

73 222 168 261 tium
194 237 318 274 ang,
337 227 440 264 nulla
469 240 586 272 arma,
610 227 752 264 nullam
777 229 867 271 vim,
894 239 964 264 nec
990 232 1173 278 apertam,
1186 234 1275 266 U.C.
1293 237 1368 268 430.

72 298 141 322 nec
167 289 324 333 insidiis,
353 298 540 340 expertus.
595 291 771 327 Addebat
795 291 1042 335 alacritatem,
1074 291 1175 340 quod
1187 279 1276 310 A·C·
1293 285 1368 310 3²²·

65 349 234 388 dictator
252 354 416 402 praedam
436 367 587 391 omnem
607 356 775 391 edixerat
792 353 974 390 militibus
991 370 998 391 :
1030 367 1100 391 uec
1120 356 1175 391 ira

68 415 187 462 magis
207 416 372 464 publica,
393 430 505 467 qua-m
523 419 711 469 privatum
727 418 1005 467 compendium,
1026 418 1065 454 in
1084 419 1174 454 hos-

68 484 144 514 tem
164 479 334 517 acuebat.
391 481 464 518 His
486 481 653 518 cladibus
669 481 814 517 subacti
836 482 1024 517 Samnites
1041 494 1172 531 pacem

67 553 89 576 a
108 541 291 578 dictatore
310 545 474 593 petiere:
496 556 582 580 cum
600 557 677 592 quo
698 545 813 594 pacti,
835 552 876 579 ut
894 544 1045 592 singula
1059 545 1172 580 vesti-

66 611 196 640 menta
231 605 427 649 militibus,
465 613 504 642 et
539 619 706 643 annuum
742 606 970 656 stipendium
1010 607 1143 643 darent
1158 622 1169 651 3

65 679 181 715 quum
197 668 251 704 ire
269 669 314 705 ad
335 670 618 720 senatumjussi
633 677 772 714 essent,
790 678 1013 720 sequuturos
1034 684 1074 707 se
1094 672 1174 708 dic-

64 736 228 779 tatorem
259 733 550 782 responderunt,
584 735 693 770 unius
732 734 811 784 ejus
845 735 931 771 fidei
967 736 1174 783 virtutique

65 805 235 830 caussam
272 807 379 831 suam
415 797 736 833 commendantes.
803 797 865 833 Ita
907 799 1087 834 deductus
1125 808 1173 834 ‘ex
1568 788 1573 847 1

66 856 298 894 Samnitibus
319 860 517 896 exercitus.
1567 849 1573 867 ²

115 919 333 958 XXXVII.
362 921 541 958 Dictator
555 923 791 973 triumphans
807 922 939 960 urbem
954 928 1011 959 est
1025 923 1170 972 ingres·
1183 934 1225 965 U„
1239 935 1275 965 c,
1290 942 1364 970 431.

62 995 124 1020 sus
140 998 147 1019 ε
171 991 222 1027 et,
239 997 354 1034 quum
369 997 408 1022 se
426 986 616 1022 dictatura
634 986 809 1023 abdicare
827 986 952 1030 vellet,
966 985 1078 1036 jussu
1096 987 1170 1023 Pa·
1181 979 1222 1008 A·
1234 978 1272 1009 C·
1290 984 1364 1010 ³21’

61 1055 177 1091 trum,
198 1049 415 1099 priusquam
432 1049 641 1094 abdicaret,
663 1050 835 1087 consules
855 1052 997 1087 creavit
1020 1050 1064 1088 C.
1084 1051 1171 1088 Sul-

61 1112 203 1162 picium
229 1112 408 1162 Longum
433 1115 584 1158 iterum,
609 1115 663 1154 Q.
682 1114 882 1151 AEmilium
908 1115 1170 1155 Cerretanum.

62 1179 265 1221 Samnites,
291 1179 433 1216 infecta
460 1192 567 1230 pace,
587 1180 677 1229 quia
701 1179 747 1215 de
772 1179 1054 1216 conditionibus
1080 1193 1169 1229 age-

60 1240 186 1285 batur,
205 1242 376 1279 inducias
404 1256 547 1280 annuas
574 1243 621 1279 ab
644 1243 737 1280 urbe
755 1242 984 1279 retulerunt:
1015 1256 1086 1280 nec
1105 1256 1169 1282 ea-

60 1317 144 1341 rum
163 1306 329 1355 ipsarum
347 1312 479 1342 sancta
498 1306 588 1343 fides
608 1306 703 1342 fuit:
736 1306 845 1349 adeo,
865 1312 1068 1356 postquam
1093 1306 1170 1344 Pa-

57 1369 197 1419 pirium
215 1369 339 1406 abisse
367 1371 593 1418 magistratu
616 1371 839 1406 nunciatum
864 1376 934 1413 est,
966 1370 1107 1407 adrecti
1121 1371 1170 1407 ad

57 1430 275 1469 bellandum
290 1431 407 1470 animi
422 1439 522 1470 sunt.
565 1433 612 1470 C.
628 1432 811 1483 Sulpicio,
831 1433 1050 1473 QAEmilio
1068 1434 1169 1482 (Au-

56 1494 151 1531 lium
170 1497 322 1545 quidam
349 1496 502 1533 annales
532 1496 692 1543 habent)
714 1496 946 1540 consulibus,
967 1496 1016 1533 ad
1042 1496 1168 1534 defec-

56 1560 202 1596 tionem
229 1561 456 1598 Samnitium
472 1561 641 1610 Apulum
670 1572 811 1596 novum
835 1560 978 1596 bellum
996 1562 1167 1599 accessit.

58 1623 235 1672 Utroque
259 1624 444 1661 exercitus
468 1623 585 1660 missi.
642 1622 810 1672 Sulpicio
827 1621 1029 1666 Samnites,
1048 1623 1168 1674 Apuli

57 1686 218 1724 AEmilio
237 1694 340 1724 sorte
358 1692 575 1724 evenerunt.
623 1686 733 1729 Sirnt,
749 1686 814 1735 qui
831 1698 910 1722 non
928 1687 1018 1736 ipsis
1030 1686 1166 1736 Apulis

56 1750 198 1788 bellum
223 1751 397 1796 inlatum,
428 1751 493 1787 sed
521 1751 645 1787 socios
664 1749 745 1799 ejus
774 1750 896 1798 gentis
925 1749 1087 1800 populos
1115 1749 1165 1788 ab

58 1816 286 1853 Samnitium
304 1816 341 1851 vi
360 1823 473 1864 atque
496 1813 642 1864 injuriis
663 1813 835 1850 defensos
855 1813 1035 1850 scribant.
1091 1814 1165 1850 Ce-

55 1886 178 1916 terum
198 1879 354 1916 fortuna
372 1878 613 1921 Samnitium,
635 1878 698 1914 vix
717 1890 740 1913 a
757 1890 796 1913 se
818 1878 908 1927 ipsis
929 1889 975 1913 eo
993 1883 1165 1927 tempore

55 1943 359 1994 propulsantium
376 1941 532 1985 bellum,
553 1941 707 1991 propius
725 1945 766 1976 ut
781 1941 830 1976 sit
843 1952 948 1982 vero,
964 1939 1070 1982 facit,
1085 1952 1164 1977 non

54 2005 189 2055 Apulis
209 2005 256 2041 ab
281 2004 512 2041 Samnitibus
541 2015 645 2040 arma
665 2002 796 2045 inlata,
816 2003 881 2038 sed
900 2015 985 2038 cum
1004 2008 1163 2050 utraque

56 2068 164 2103 simul
185 2076 298 2115 gente
323 2067 464 2103 bellum
483 2066 668 2102 Romanis
687 2065 821 2101 fuisse:
853 2077 922 2100 nec
947 2070 1075 2100 tamen
1103 2077 1162 2100 res

54 2131 130 2167 ulla
161 2131 416 2167 memorabilis
451 2137 556 2166 acta:
588 2141 677 2178 ager
709 2127 855 2178 Apulus
893 2128 1164 2176 Samniumque

54 2202 284 2230 evastatum:
316 2196 444 2231 hostes
464 2208 534 2231 nec
552 2195 629 2237 hic,
649 2205 719 2229 nec
738 2192 815 2229 illic
834 2193 990 2229 inventi.
1027 2191 1162 2228 Romae

0 2271 1 2299 1
49 2264 260 2293 nocturnus
292 2263 412 2294 terror
436 2258 490 2294 ita
515 2270 562 2294 ex
582 2269 715 2294 somno
735 2256 918 2307 trepidam
938 2261 1090 2306 repente
1106 2255 1162 2291 ci-
