1573 2598
118 253 161 284 U.
177 252 214 283 C.
231 258 305 289 275·

115 297 157 327 A.
173 296 210 328 C.
227 303 300 333 477.

139 2134 228 2167 Fabii
243 2143 313 2165 sus·

318 157 418 211 v148
606 198 610 204 ,
783 171 829 200 Τ.
852 171 985 201 mvn

331 257 508 296 Patribus
521 255 788 295 coalescerent
817 258 935 295 animi
961 256 1093 309 plebis.
1150 258 1285 310 Itaque
1305 262 1445 312 princi-

331 324 396 374 pio
425 323 516 360 anni
545 323 705 365 censuit,
735 323 952 373 priusquam
981 324 1179 373 quisquam
1206 326 1363 374 agrariae
1390 325 1444 362 le«

330 387 388 436 gis
426 392 558 423 auctor
594 385 766 422 tribunus
805 386 1016 430 exsisteret,
1055 394 1285 438 occuparent
1313 387 1444 426 Patres

329 451 403 502 ipsi
440 463 549 487 suum
585 462 720 486 munus
757 449 911 487 facere:
952 451 1142 501 captivum
1177 456 1311 501 agrum
1345 452 1450 504 plebi

330 528 446 565 quam
473 515 636 551 maxime
666 514 859 564 aequaliter
888 515 1020 551 darent
1043 529 1049 551 :
1090 528 1219 552 verum
1248 529 1343 560 esse,
1379 517 1448 554 ha-

330 579 421 616 bere
454 591 532 621 eos,
563 592 722 627 quorum
758 579 940 627 sanguine
974 593 1017 616 ac
1054 580 1190 617 sudore
1223 587 1352 631 partus
1386 582 1450 620 sit.

331 642 563 693 Adspernati
582 642 714 678 Patres
741 649 830 678 sunt
849 657 856 677 :
889 645 1008 692 questi
1033 658 1182 693 quoque
1201 645 1367 694 quidam,
1389 646 1450 682 ni-

332 707 411 743 mia
429 706 550 755 gloria
569 705 760 742 luxuriare
779 712 817 741 et
836 719 1056 743 evanescere
1075 708 1239 745 vividum
1259 709 1450 758 quondam

333 771 426 808 illud
439 770 617 807 Kaesonis
638 770 844 819 ingenium.
899 770 1026 808 Nullae
1045 772 1178 810 deinde
1197 772 1351 810 urbanae
1369 773 1451 809 fac-

333 836 458 872 tiones
484 835 600 872 fuere.
657 835 905 872 Vexabantur
929 836 1208 874 incursionibus
1235 837 1451 887 AEquorum

333 899 490 936 Latini:
522 911 568 935 eo
595 911 680 935 cum
705 899 873 935 exercitu
891 898 1010 936 Kaeso
1035 901 1184 944 missus,
1215 902 1254 937 in
1283 902 1451 951 ipsorum

333 961 550 1012 AEquorum
572 975 703 1011 agrum
729 962 1034 1012 depopulandum
1061 965 1208 1001 transit.
1263 964 1382 1013 AEqui
1411 978 1452 1001 se

336 1026 377 1062 in
410 1026 548 1076 oppida
584 1031 819 1075 receperunt,
857 1026 1047 1075 murisque
1083 1039 1123 1063 se
1158 1027 1367 1063 tenebant:
1407 1040 1453 1064 eo

337 1091 442 1128 nulla
467 1104 595 1142 pugna
619 1090 874 1127 memorabilis
893 1090 978 1127 fuit.
1033 1090 1087 1126 At
1116 1104 1138 1126 a
1156 1090 1316 1127 Veiente
1341 1091 1455 1128 hoste

339 1155 463 1192 clades
486 1161 642 1205 accepta
665 1154 879 1191 temeritate
904 1154 1055 1190 alterius
1083 1153 1247 1190 consulis
1267 1169 1274 1191 :
1308 1161 1453 1192 actum-

339 1232 412 1269 que
431 1219 476 1255 de
495 1219 662 1255 exercitu
681 1217 794 1261 foret,
815 1218 854 1253 ni
874 1218 925 1254 K.
946 1216 1084 1254 Fabius
1108 1218 1147 1253 in
1167 1223 1338 1267 tempore
1366 1218 1455 1255 sub-

339 1284 434 1320 sidio
466 1283 641 1319 venisset.
696 1283 759 1319 Ex
790 1295 835 1319 eo
870 1288 1039 1332 tempore
1072 1294 1194 1330 neque
1222 1294 1297 1332 pax
1333 1295 1457 1331 neque

337 1346 481 1384 bellum
509 1359 594 1383 cum
622 1345 844 1382 Veientibus
873 1345 946 1382 fuit
962 1362 973 1392 ς
1004 1358 1063 1382 res
1092 1346 1267 1395 proxime
1295 1345 1457 1383 formam

338 1411 529 1449 latrocinii
558 1417 724 1447 venerat.
780 1410 1015 1459 Legionibus
1049 1409 1236 1446 Romanis
1274 1410 1459 1447 cedebant

340 1477 381 1513 in
410 1474 571 1512 urbem:
603 1474 668 1512 ubi
698 1474 880 1511 abductas
910 1480 1106 1511 senserant
1133 1474 1317 1523 legiones,
1348 1488 1458 1524 agros

339 1539 613 1587 incursabant3
644 1539 786 1575 bellum
811 1540 950 1588 quiete,
972 1539 1136 1588 quietem
1155 1538 1256 1575 bello
1283 1540 1322 1575 in
1340 1540 1460 1576 vicem

341 1603 549 1643 eludentes.
605 1604 667 1640 Ita
698 1617 821 1653 neque
849 1604 976 1640 omitti
1008 1610 1091 1639 tota
1125 1616 1197 1646 reS,
1230 1616 1300 1639 nec
1333 1604 1462 1653 perfici

344 1674 518 1722 poterat:
552 1674 590 1704 et
608 1667 681 1704 alia
699 1667 798 1704 bella
817 1674 882 1703 aut
902 1668 1104 1717 praesentia
1122 1667 1330 1710 instabant,
1353 1676 1394 1703 ut
1413 1667 1461 1704 ab

346 1731 484 1780 AEquis
504 1730 740 1780 Volscisque,
770 1743 849 1767 non
875 1731 1029 1774 diutius,
1060 1743 1173 1779 quam
1199 1742 1328 1767 recens
1355 1730 1464 1767 dolor

347 1795 531 1847 proximae
559 1794 673 1830 cladis
711 1795 903 1838 transiret,
934 1793 1240 1843 quiescentibus:
1281 1799 1347 1830 aut
1374 1807 1465 1830 mox

349 1866 521 1896 moturos
537 1871 576 1895 se
592 1858 797 1909 adparebat
816 1858 977 1896 Sabinos
998 1870 1144 1908 semper
1159 1857 1333 1901 infestos,
1349 1857 1465 1894 Etru-

350 1924 519 1973 riamque
538 1935 712 1959 omnem:
746 1923 810 1959 sed
828 1922 966 1959 Veiens
987 1923 1122 1965 hostis,
1142 1922 1311 1958 assiduus
1332 1923 1466 1970 magis,

351 2005 466 2042 quam
502 1993 640 2040 gravis,
676 1990 913 2027 contumeliis
952 1991 1101 2041 saepiuS,
1135 2003 1247 2039 quam
1284 1991 1467 2040 periculo,

355 2058 501 2095 animos
522 2055 693 2105 agitabat
710 2071 718 2092 t
751 2055 851 2105 quod
870 2054 975 2091 nullo
994 2061 1165 2105 tempore
1187 2054 1331 2103 negligi
1359 2062 1468 2107 pote-

357 2130 430 2167 rat,
450 2129 516 2160 aut
535 2122 652 2159 averti
677 2121 753 2158 alio
780 2121 940 2158 sinebat,
995 2120 1095 2157 Tum
1113 2120 1233 2157 Fabia
1251 2133 1342 2169 gens
1362 2133 1471 2158 sena·

140 2180 265 2218 cipiunt
281 2175 441 2225 bel‘tum
468 2187 587 2223 adiit:
619 2184 751 2222 consul
776 2198 846 2235 pro
865 2190 978 2233 gente
996 2183 1164 2233 loquitur
1183 2199 1190 2219 :
1223 2186 1375 2222 Assiduo
1393 2198 1471 2222 ma-

141 2222 213 2252 lum
231 2230 308 2251 cum

144 2264 338 2296 Veientibus>
357 2254 424 2302 gis,
446 2263 551 2301 quam
569 2262 711 2299 magno,
733 2251 913 2298 praesidia,
934 2254 975 2285 ut
997 2250 1106 2291 scitis,
1124 2250 1254 2286 Patres
1271 2251 1472 2298 conscripti,

352 2314 488 2354 ‘bellum
510 2315 630 2352 Veiens
653 2318 742 2363 eget,
801 2313 869 2350 Vos
886 2313 962 2350 alia
981 2313 1074 2352 bella
1095 2318 1241 2351 curate.-
1267 2312 1391 2351 Fabios
1408 2312 1481 2350 hoo
