1573 2598
130 287 173 317 U.
185 287 221 317 C.
239 292 312 319 360.

131 331 170 361 A.
185 330 220 361 C.
238 337 311 364 892.

112 939 236 979 Religio
254 939 303 969 in-

109 983 194 1022 jecta
211 992 228 1011 a
244 982 306 1012 Ca-

113 1025 205 1055 millo
223 1026 260 1055 de

110 1069 237 1100 decima

112 1112 226 1150 praedae
240 1110 310 1140 Vei-

112 1160 248 1184 entanae.

118 1775 254 1805 Donum

116 1818 259 1858 Apollini

119 1861 295 1891 decretum.

120 2156 171 2186 Ad
188 2156 217 2185 id
235 2164 304 2184 ma-

119 2204 218 2229 tronae
235 2208 291 2228 au-

121 2251 193 2271 rum
211 2251 309 2271 suum

122 2285 302 2316 conferunt.

319 200 406 247 370
776 206 821 236 Τ.
846 208 980 238 mvn

374 291 510 330 XXV.
539 291 636 330 Haec
654 307 769 344 quum
791 296 901 333 foedis
928 295 1197 334 certaminibus
1217 303 1434 345 agerentur,

330 358 434 404 (nam
454 364 598 407 partem
617 359 858 396 tribunorum
877 361 997 411 plebis
1013 361 1145 397 Patres
1164 361 1204 397 in
1223 374 1330 397 suam
1348 374 1434 397 sen-

326 424 484 459 tentiam
504 426 716 472 traxerant)
738 425 841 462 nulla
860 439 918 462 res
940 426 1014 462 alia
1033 426 1207 462 manibus
1223 432 1435 476 temperare

325 486 474 537 plebem
495 489 674 536 cogebat,
691 503 803 538 quam
823 490 937 539 quod,
959 490 1024 526 ubi
1044 491 1134 525 rixae
1155 489 1436 526 committendae

327 567 459 591 caussa
487 554 630 592 clamor
658 562 763 592 ortus
785 564 896 599 esset,
923 557 1112 607 principes
1139 565 1305 599 senatus,
1326 556 1439 606 primi

325 618 447 654 turbae
468 618 683 655 obferentes
712 632 764 663 se,
788 622 880 670 peti,
907 621 1025 664 feriri,
1047 627 1159 669 atque
1179 621 1301 656 occidi
1322 619 1439 669 jube·

326 681 432 718 bant.
489 683 550 719 Ab
579 683 716 719 horum
746 685 920 721 aetatibus
949 685 1276 733 dignitatibusque
1301 689 1339 719 et
1367 683 1439 719 ho·

326 746 483 783 notibus
513 746 697 783 violandis
728 748 815 784 dum
843 749 1120 791 abstinebatur,
1141 757 1178 785 et
1205 749 1250 785 ad
1274 747 1437 796 reliquos

327 810 466 846 similes
497 818 655 848 conatus
686 813 911 849 verecundia
936 813 999 849 iroe
1020 813 1222 858 obstabat3
1256 811 1440 848 Camillus

326 874 545 911 idemtidem
565 876 741 912 omnibus
764 876 857 912 locis
884 877 1206 912 concionabatur:
1240 877 1353 912 Haud
1373 877 1440 911 mi-

328 951 408 975 rum
435 940 474 975 id
502 941 643 988 quidem
671 952 752 983 esse,
772 940 904 989 furere
929 943 1122 983 civitatem,
1150 953 1240 988 quoe,
1267 942 1442 976 damnata

330 1004 416 1045 voti,
437 1005 593 1040 omnium
611 1015 729 1039 rerum
744 1005 921 1052 potiorem
941 1017 1078 1046 curam,
1099 1016 1206 1052 quam
1220 1004 1391 1051 religione
1406 1014 1444 1039 se

331 1067 545 1109 exsolvendi,
576 1065 715 1102 habeat.
772 1067 876 1104 Nihil
903 1069 948 1104 de
972 1069 1173 1104 conlatione
1190 1068 1317 1109 dicere,
1339 1067 1445 1114 stipis

330 1131 461 1174 verius,
491 1143 594 1178 quam
623 1131 777 1167 decumae
789 1146 800 1176 3
833 1132 975 1179 quando
993 1144 1035 1167 en
1052 1143 1088 1167 se
1109 1132 1253 1179 quisque
1271 1131 1443 1178 privatim

331 1194 553 1241 obligaverit,
584 1194 752 1230 liberatus
778 1196 825 1230 sit
849 1196 1015 1242 populus.
1072 1195 1277 1236 Enimvero,
1297 1195 1390 1230 illud
1406 1204 1444 1229 se

331 1263 460 1301 tacere,
491 1270 593 1294 suam
619 1260 869 1295 conscientiam
897 1271 969 1294 non
994 1261 1100 1306 pati:
1128 1259 1221 1306 quod
1239 1269 1280 1294 ex
1296 1269 1340 1293 ea
1359 1262 1443 1293 tan-

331 1327 406 1358 tum
421 1324 562 1371 praeda,
585 1335 662 1370 qua>
682 1335 801 1359 rerum
825 1325 1037 1359 moventium
1062 1324 1123 1365 sit,
1152 1325 1299 1359 decuma
1325 1323 1445 1369 desig-

328 1391 462 1424 netur:
490 1387 586 1423 urbis
613 1392 721 1435 atque
746 1389 826 1435 agri
851 1391 961 1436 capti,
983 1400 1060 1436 quae
1078 1393 1113 1423 et
1128 1389 1205 1435 ipsa
1226 1391 1308 1423 voto
1331 1387 1446 1425 conti·

329 1455 471 1493 nentur,
503 1453 717 1488 mentionem
749 1453 891 1488 nullam
909 1453 1010 1501 fieri.
1066 1451 1194 1490 Quum
1224 1463 1267 1487 ea
1297 1451 1445 1500 discep-

328 1515 440 1557 tatio,
477 1528 614 1565 anceps
649 1517 795 1552 senatui
830 1517 923 1559 visa,
959 1515 1132 1564 delegata
1165 1515 1211 1551 ad
1243 1514 1445 1564 pontifices

330 1584 454 1625 esset3
488 1579 661 1615 adhibito
689 1579 866 1622 Camillo,
895 1580 1015 1614 visum
1043 1578 1219 1625 collegio,
1241 1578 1341 1627 quod
1362 1576 1443 1627 ejus

331 1648 419 1678 ante
451 1649 677 1692 conceptum
707 1649 839 1680 votum
868 1643 1084 1679 Veientium
1113 1642 1261 1684 fuisset,
1289 1648 1327 1677 et
1356 1647 1446 1691 post

332 1711 462 1742 votum
493 1706 531 1741 in
561 1712 791 1755 potestatem
815 1706 947 1756 populi
974 1706 1139 1742 Romani
1162 1706 1339 1747 venisset,
1362 1704 1444 1754 ejus

333 1776 479 1819 partem
498 1770 695 1819 decumam
712 1770 884 1820 Apollini
907 1784 1051 1807 sacram
1071 1783 1162 1806 esse.
1203 1769 1265 1806 Ita
1284 1770 1321 1804 in
1343 1769 1444 1805 aesti-

335 1834 541 1881 mationem
572 1833 659 1870 urbs
690 1847 854 1884 agerque
883 1836 1014 1870 venit:
1046 1834 1207 1884 pecunia
1234 1846 1281 1869 ex
1311 1833 1445 1868 aerario

334 1904 499 1947 promta,
524 1903 560 1933 et
586 1898 748 1947 tribunis
770 1898 932 1934 militum
952 1897 1228 1938 consularibus,
1249 1902 1292 1932 ut
1311 1908 1444 1951 aurum

334 1974 382 1998 ex
401 1974 445 1998 ea
464 1967 693 2005 coemerent,
715 1964 912 2011 negotium
931 1963 1060 1998 datum
1077 1976 1084 1995 :
1117 1960 1222 2010 cujus
1243 1973 1356 2009 quum
1377 1972 1445 1996 co-

334 2026 397 2076 pia
416 2038 493 2062 non
514 2033 625 2068 esset,
656 2033 855 2069 matronae,
886 2027 1047 2062 coetibus
1068 2026 1113 2061 ad
1136 2037 1219 2060 eam
1245 2037 1322 2060 rem
1353 2037 1446 2060 con-

335 2089 547 2125 sultandam
582 2089 736 2132 habitis,
772 2097 811 2126 ct
847 2090 1039 2125 communi
1076 2089 1228 2124 decreto
1265 2087 1447 2137 pollicitae

333 2152 496 2189 tribunis
516 2152 677 2191 militum
698 2166 831 2189 aurum
857 2160 893 2189 et
914 2154 1042 2189 omnia
1062 2158 1284 2188 ornamenta
1305 2164 1386 2194 sua,
1408 2153 1446 2189 in

337 2218 507 2262 aerarium
526 2216 753 2267 detulerunt.
810 2217 931 2253 Grata
959 2230 1002 2252 ea
1022 2229 1094 2259 res,
1124 2225 1164 2251 nt
1183 2229 1264 2264 qnae
1285 2216 1451 2252 maxime

335 2282 482 2317 senatui
503 2294 693 2329 umquam,
715 2281 806 2317 fuit:
839 2282 1100 2329 honoremque
1124 2281 1174 2315 ob
1195 2293 1274 2316 eam
1296 2279 1448 2316 munifi·

335 2346 498 2381 centiam
517 2344 644 2381 ferunt
673 2346 855 2382 matronis
875 2345 1063 2389 habitum,
1094 2352 1135 2381 ut
1155 2344 1301 2394 pilento
1320 2343 1367 2380 ad
1387 2355 1447 2380 sa-
