1573 2598
403 212 555 241 mnne
582 211 674 241 vn.
708 211 815 240 CAP.
838 210 933 239 xil.
1133 196 1218 252 485

104 290 227 329 adorti
258 290 375 341 copiis
403 296 542 334 essent,
570 289 760 327 Hernicos
791 289 966 325 devincit.
1024 287 1216 330 Dictator,

105 355 322 391 consulibus
355 355 395 391 in
425 360 561 391 senatu
593 360 631 390 et
668 353 767 404 apud
801 351 983 402 populum
1018 350 1218 400 magnifice

105 417 354 462 conlaudatis,
379 425 417 454 et
447 430 598 455 suarum
625 429 775 467 quoque
802 429 925 453 rerum
955 415 1027 451 illis
1062 415 1220 451 remisso

105 484 264 525 honore,
285 483 473 519 dictatura
500 496 539 519 se
565 482 766 519 abdicavit.
823 479 1006 517 Poetelius
1027 479 1072 516 de
1100 478 1220 515 Gallis

103 547 402 598 Tiburtibusque
439 548 633 597 geminum
677 546 912 596 triumphum
953 545 1042 593 egit.
1099 542 1221 580 Fabio

103 612 194 648 satis
215 612 350 655 visum,
371 618 413 648 ut
432 624 548 648 ovans
571 611 702 647 urbem
722 611 845 647 iniret.
903 608 1072 645 Inridere
1091 607 1222 644 Poete-

102 676 144 713 lii
173 677 407 727 triumphum
437 676 640 713 Tiburtes:
679 676 745 713 Ubi
773 677 866 711 enim
895 687 974 710 eum
1004 685 1122 709 secum
1148 673 1224 708 acie

103 741 329 791 constitisse?
365 746 581 789 spectatores
611 753 747 789 paucos
771 740 878 789 fzegae
908 739 1225 786 trepidationisque

108 806 310 848 Gallorum,
341 811 444 842 extra
464 811 588 854 portas
608 817 774 853 egressos,
798 809 988 852 postquam
1016 805 1054 838 ‘in
1073 813 1110 838 se
1134 814 1223 850 quo-

101 883 168 922 que
192 871 280 920 fieri
311 872 472 920 inpetum
502 871 669 913 viderint,
701 875 735 906 et
763 871 838 906 sine
870 868 1070 905 discrimine
1103 866 1224 902 obvios

104 936 205 978 coedi,
231 938 398 984 recepisse
424 948 461 972 se
490 937 590 971 intra
619 935 751 971 urbem.
809 935 902 970 Eam
932 945 1007 969 rem
1044 931 1224 980 triumpho

104 1001 250 1047 dignam
278 1002 385 1037 visam
408 1000 615 1037 Romanis?
642 1013 685 1035 ne
702 1000 807 1035 nimis
831 1000 962 1034 mirum
988 1007 1226 1045 magnumque

103 1071 294 1110 censerent,
316 1068 509 1103 tumultum
526 1067 660 1103 exciere
675 1067 712 1101 in
739 1065 891 1101 hostium
908 1064 1035 1112 portis,
1055 1060 1226 1109 majorem

103 1131 197 1181 ipsos
217 1133 489 1180 trepidationem
507 1136 590 1168 ante
605 1132 732 1167 moenia
751 1142 816 1166 saa
834 1130 979 1165 visuros.

158 1195 254 1234 XII.
282 1196 417 1245 Itaque
433 1196 647 1245 insequenti
665 1207 780 1237 anno,
795 1193 853 1230 M.
867 1191 1033 1243 Popillio
1048 1191 1220 1233 Laenate,
1235 1198 1278 1229 U.
1291 1198 1327 1229 C.
1345 1203 1419 1230 396.

105 1258 176 1295 Cn.
196 1257 346 1294 Manlio
366 1257 600 1302 consulibus,
621 1257 744 1307 primo
764 1255 917 1292 silentio
942 1255 1067 1292 noctis
1087 1254 1135 1291 ab
1155 1254 1222 1291 Ti·
1235 1243 1277 1274 A·
1290 1242 1326 1274 C·
1343 1245 1418 1273 3⁵⁶·

102 1322 197 1359 bure
216 1322 368 1371 agmine
386 1322 527 1359 infesto
553 1321 729 1372 profecti,
751 1321 799 1358 ad
817 1321 947 1357 urbem
968 1320 1134 1357 Romam
1161 1333 1224 1357 ve-

104 1392 266 1424 nerunt:
298 1393 484 1424 terrorem
500 1394 658 1437 repente
679 1399 725 1422 ex
745 1398 881 1422 somno
903 1384 1076 1422 excitatis
1098 1381 1226 1421 subita

105 1464 165 1488 res
185 1458 223 1488 et
243 1458 454 1488 nocturnus
480 1464 600 1502 pavor
624 1451 810 1501 praebuit:
843 1451 891 1487 ad
916 1451 990 1487 hoc
1017 1449 1226 1486 multorum

105 1518 272 1561 inscitia,
296 1518 375 1568 qui,
407 1524 473 1555 aut
501 1517 616 1561 unde,
646 1518 775 1554 hostes
809 1517 1061 1554 advenissent.
1120 1516 1239 1554 Con-f

105 1582 312 1620 clamatum
346 1589 475 1619 tamen
510 1582 682 1619 celeriter
714 1582 762 1619 ad
796 1594 901 1618 arma
930 1588 1001 1625 est,
1033 1586 1072 1617 et
1103 1587 1225 1631 portae

104 1647 349 1692 stationibus,
369 1649 541 1697 murique
560 1648 743 1698 praesidiis
765 1647 926 1683 firmati:
960 1652 999 1682 et
1018 1645 1082 1682 ubi
1103 1645 1226 1696 prima

103 1712 169 1749 lux
205 1713 434 1749 mediocrem
465 1712 748 1748 multitudinem
786 1720 874 1748 ante
911 1711 1067 1754 moenia,
1101 1722 1224 1758 neque

105 1776 236 1820 alium,
267 1790 379 1826 quam
416 1777 630 1821 Tiburtem,
669 1778 820 1813 hostem
857 1776 1038 1819 ostendit,
1077 1774 1220 1812 duabus
1233 1780 1382 1812 Tiburtes
1403 1781 1443 1811 ad

104 1842 225 1892 portis
253 1842 393 1890 egressi
418 1840 592 1878 consules
619 1842 808 1891 utrimque
833 1841 953 1877 aciem
979 1839 1220 1876 subeuntium
1236 1825 1349 1873 [³9³¹ae
1360 1834 1442 1854 moe-

97 1905 182 1957 jam
218 1918 346 1942 muros
394 1906 688 1955 adgrediuntur:
729 1906 978 1957 adparuitque
1022 1905 1224 1941 occasione
1235 1878 1289 1899 ma
1304 1875 1390 1899 men·

104 1970 240 2018 magis,
269 1983 382 2019 quam
408 1970 561 2013 virtute,
589 1970 707 2006 fretos
735 1970 905 2006 venisse:
939 1969 1034 2005 adeo
1059 1969 1122 2006 vix
1147 1969 1224 2018 pri-

105 2048 210 2072 mum
231 2035 402 2086 inpetum
422 2033 686 2071 Romanorum
705 2036 931 2071 sustinuere.
987 2035 1093 2074 Quin
1110 2035 1226 2071 etiam

104 2099 210 2136 bono
238 2099 356 2135 fuisse
386 2098 572 2136 Romanis
604 2099 808 2136 adventum
839 2109 971 2136 eorum
1005 2098 1223 2142 constabat,

106 2165 366 2214 orientemque
379 2163 463 2214 jam
485 2164 710 2200 seditionem
737 2165 837 2200 inter
863 2164 996 2200 Patres
1017 2168 1055 2199 et
1074 2161 1225 2212 plebem

106 2235 211 2266 metu
234 2235 314 2266 tam
343 2230 548 2280 propinqui
577 2229 666 2266 belli
697 2242 965 2280 compressam.
1022 2229 1131 2266 Alius
1159 2228 1224 2266 ad-

107 2299 241 2329 ventus
257 2293 424 2330 hostium
439 2293 513 2330 fuit
531 2294 707 2344 proximo
723 2293 839 2336 bello,
857 2294 972 2342 agris,
990 2306 1102 2343 quam
1123 2292 1222 2336 urbi,

107 2356 327 2396 terribilior.
382 2358 649 2410 Populabundi
681 2358 975 2407 Tarquinienses
1009 2357 1101 2395 fines
1138 2357 1222 2395 Ro·
1234 2345 1407 2384 Tarquini-

1233 2398 1310 2419 ense
1326 2388 1394 2419 bes-

623 2421 662 2458 Y
679 2423 704 2459 3
1234 2431 1319 2463 lum.
