1573 2598
289 147 371 190 250
758 149 804 179 τ.
828 150 961 180 mvn

70 234 260 266 U-C·³08·
288 241 372 272 tum
407 242 465 272 est
501 248 729 285 cognomen,
766 237 1002 274 tribunatum
1038 237 1168 287 gessit.
1222 235 1316 275 Inde
1345 234 1404 275 M.

72 279 167 310 A'C'
185 285 259 310 ⁴⁴4'
291 299 486 348 Geganius
514 299 733 336 Macerinus
769 308 807 337 et
836 302 879 338 C.
909 301 1050 344 Julius,
1087 301 1260 338 consules
1295 301 1402 345 facti,

291 363 477 400 coitiones
509 362 765 408 tribunorum,
799 365 975 402 adversus
1008 364 1197 402 nobilium
1221 364 1403 416 juventu-

290 434 368 464 tem
387 434 504 471 ortas,
525 429 606 465 sine
634 428 886 466 insectatione
914 430 1115 480 potestatis
1135 428 1230 480 ejus,
1251 443 1405 466 conser-

290 497 379 528 vata
407 489 608 542 majestate
636 492 807 537 Patrum‚
834 494 1033 530 sedavere:
1065 492 1229 544 plebem,
1255 493 1407 531 decreto

292 555 339 592 ad
367 554 509 592 bellum
537 554 763 592 Volscorum
793 563 831 594 et
859 557 1074 607 AEquorum
1102 556 1264 601 delectu,
1294 558 1410 594 susti-

292 620 419 657 nendo
456 633 550 664 rem,
588 620 636 658 ab
681 621 930 658 seditionibus
968 623 1220 659 continuere:
1261 622 1408 660 urbano

295 697 446 735 quoque
475 686 556 722 otio
585 685 676 722 foris
707 687 837 723 omnia
864 686 1070 736 tranquilla
1097 699 1178 724 esse
1206 687 1407 724 adfirman-

292 755 365 793 tes,
396 761 463 799 per
491 750 694 786 discordias
725 750 850 786 civiles
881 758 1057 787 externos
1086 749 1219 787 tollere
1248 752 1408 788 animos.

295 813 398 850 Cura
422 814 524 864 pacis
546 815 759 850 concordiae
779 828 929 864 quoque
956 816 1146 851 intestinae
1165 828 1298 852 caussa
1321 815 1408 853 fuit.

296 877 370 914 Sed
413 877 508 913 alter
545 890 692 928 semper
727 878 822 914 ordo
859 879 983 927 gravis
1025 878 1177 915 alterius
1214 879 1410 917 modestiae

76 947 251 996 Juniorum
296 948 399 978 erat:
436 942 645 990 quiescenti
674 941 775 992 plebi
805 941 852 978 ab
875 941 1095 993 junioribus
1123 942 1281 979 Patrum
1308 942 1412 993 inju-

77 990 259 1073 {npgssfflss
294 1005 359 1041 riae
387 1005 466 1042 fieri
487 1013 634 1056 coeptae.
693 1005 771 1042 Ubi
799 1005 944 1042 tribuni
973 1006 1116 1043 auxilio
1144 1006 1409 1044 humilioribus

78 1076 216 1116 injuriae.
294 1077 436 1124 essent,
465 1070 506 1105 in
535 1070 664 1120 primis
694 1083 828 1120 parum
856 1071 1061 1123 proderat:
1094 1071 1229 1107 deinde
1258 1084 1305 1107 ne
1338 1072 1411 1122 ipsi

295 1134 448 1185 quidem
475 1134 649 1171 inviolati
671 1141 794 1179 erant,
822 1136 953 1185 utique
974 1137 1175 1186 postremis
1201 1135 1409 1180 mensibus,

295 1211 410 1248 quum
431 1205 470 1235 et
493 1211 560 1248 per
580 1199 765 1235 coitiones
792 1200 1051 1249 potentiorum
1076 1199 1214 1249 injuria
1233 1200 1351 1243 fieret,
1373 1208 1413 1238 et

294 1263 350 1299 vis
370 1264 570 1314 potestatis
591 1264 714 1299 omnis
735 1263 932 1312 aliquanto
955 1265 1168 1315 posteriore
1188 1265 1277 1300 anni
1303 1270 1411 1314 palte

295 1328 512 1377 languidior
533 1327 651 1364 ferme
677 1333 801 1364 esset:
827 1327 986 1379 jamque
1014 1329 1120 1379 plebs
1146 1329 1201 1365 ita
1224 1329 1262 1364 in
1289 1328 1411 1365 tribu-

292 1402 388 1432 natu
417 1408 559 1445 ponere
586 1395 726 1444 aliquid
753 1397 846 1445 spei,
873 1397 904 1432 si
934 1395 1073 1432 similes
1103 1395 1213 1432 Icilio
1237 1395 1410 1432 tribunos

295 1461 456 1498 haberet
474 1476 481 1496 :
513 1461 671 1496 nomina
697 1466 847 1496 tantum
867 1472 907 1496 se
925 1459 1080 1496 biennio
1099 1460 1288 1496 habuisse.
1346 1461 1413 1497 Se-

299 1528 422 1578 niores
444 1534 578 1563 contra
597 1526 768 1569 Patrum‚
791 1532 832 1562 ut
853 1526 965 1561 nimis
992 1525 1136 1561 feroces
1157 1537 1244 1560 suos
1265 1525 1414 1562 credere

292 1591 453 1642 juvenes
473 1603 580 1637 esse,
613 1591 666 1626 ita
691 1589 816 1632 malle,
838 1591 868 1625 si
889 1590 1022 1625 modus
1044 1589 1278 1625 excedendus
1300 1596 1412 1632 esset,

300 1656 391 1699 suis,
411 1668 524 1704 quam
544 1655 778 1696 adversariis,
801 1666 994 1704 superesse
1013 1654 1172 1689 animos.
1203 1653 1310 1689 Adeo
1330 1665 1414 1689 mo-

300 1720 445 1756 deratio
474 1719 622 1755 tuendae
651 1717 853 1761 libertatis,
887 1718 976 1754 dum
1010 1718 1148 1766 aequari
1174 1716 1269 1753 velle
1298 1717 1414 1753 simu-

298 1784 412 1821 lando
441 1784 496 1820 ita
520 1796 559 1819 se
588 1783 747 1832 quisque
766 1782 929 1825 extollit,
950 1788 992 1818 ut
1012 1782 1198 1831 deprimat
1224 1780 1353 1823 alium,
1374 1782 1413 1817 in

299 1849 441 1885 difficili
467 1855 549 1884 est:
583 1848 825 1897 cavendoque
847 1859 896 1883 ne
924 1853 1097 1883 metuant
1124 1846 1311 1888 homines,
1336 1858 1414 1882 me-

303 1913 464 1949 tuendos
486 1912 586 1948 ultro
606 1924 646 1948 se
672 1911 864 1948 efficiunt:
899 1918 935 1947 et
964 1910 1142 1961 injuriam
1167 1923 1190 1946 a
1217 1910 1327 1946 nobis
1357 1923 1416 1946 re·

303 1977 466 2027 pulsam,
496 1984 689 2025 tamquam
719 1984 785 2013 aut
813 1976 937 2013 facere
966 1982 1031 2011 aut
1062 1976 1142 2025 pati
1170 1987 1323 2012 necesse
1352 1975 1415 2018 sit,

304 2039 536 2091 injungimus
557 2040 650 2077 aliis.

91 2121 132 2150 υ,
150 2119 186 2150 (3,
204 2126 276 2153 309,
356 2104 505 2141 LXVI.
534 2104 580 2140 T.
600 2104 802 2143 Quinctius
832 2102 1071 2154 Capitolinus
1101 2108 1276 2151 quartum
1305 2109 1343 2138 et
1360 2103 1416 2140 A·

89 2166 128 2196 Α·
145 2163 182 2195 C·
200 2168 274 2194 4⁴3·
305 2170 440 2219 grippa
464 2169 614 2213 Furius,
644 2167 816 2205 consules
846 2168 933 2204 inde
961 2167 1066 2210 facti,
1094 2179 1163 2203 nec
1193 2166 1418 2204 seditionem

306 2234 423 2276 domi,
443 2246 513 2269 nec
538 2233 630 2270 foris
650 2232 807 2276 bellum,
829 2238 1055 2282 acceperunt
1073 2245 1080 2266 :
1114 2230 1186 2267 sed·
1207 2230 1417 2268 inminebat

307 2294 519 2346 utrumque.
575 2297 662 2334 Jam
681 2309 759 2333 non
782 2295 880 2332 ultra
900 2295 1087 2333 discordia
1106 2295 1244 2332 civium
1266 2294 1418 2346 reprimi
