1573 2598
423 233 578 264 Lmen
602 231 673 263 1v.
705 231 811 262 CAP.
833 231 990 263 xxxv.
1183 231 1267 277 303

152 321 351 361 deduntur.
398 321 500 360 Urbs
521 326 718 371 castraque
738 319 979 371 diripiuntur.
1025 319 1188 358 Postero
1208 322 1269 360 die

152 386 310 436 singulis
328 387 485 438 captivis
504 385 552 423 ab
569 385 696 434 equite
712 385 759 421 ad
779 385 1041 422 centurionem
1061 391 1162 422 sorte
1178 385 1270 422 duc-

152 451 216 494 tis,
237 458 289 495 et,
309 464 469 502 quorum
490 450 630 487 eximia
653 450 772 486 virtus
799 449 937 493 fuerat,
958 449 1073 494 binis,
1095 449 1176 486 aliis
1198 449 1268 486 sub

153 528 296 553 corona
314 516 566 560 venumdatis,
588 515 797 552 exercitum
817 515 999 551 victorem
1025 514 1268 565 opulentum-

154 589 228 630 que
261 580 386 631 praeda
418 579 658 629 triumphans
693 579 856 616 dictator
890 579 1055 615 Romam
1088 579 1237 615 reduxit
1256 593 1265 616 ε

147 643 334 694 jussoque
363 645 548 694 magistro
575 643 744 692 equitum
771 644 946 680 abdicare
970 656 1008 680 se
1028 644 1268 692 magistratu,

153 709 234 759 ipse
254 709 388 746 deinde
410 708 559 745 abdicat
580 708 638 744 die
659 708 931 751 sextodecimo,
953 708 1098 744 reddito
1118 708 1156 744 in
1176 718 1269 757 pace

153 773 326 824 imperio,
348 774 449 823 quod
478 775 518 810 in
545 773 649 810 bello
676 774 907 824 trepidisque
927 773 1037 809 rebus
1058 777 1267 823 acceperat.

154 837 277 874 Classi
297 851 447 888 quoque
477 839 524 875 ad
552 838 714 874 Fidenas
744 844 957 888 pugnatum
985 850 1068 873 cum
1095 837 1267 872 Veienti-
1281 837 1444 869 classibus

152 900 238 946 bus,
260 903 412 952 quidam
442 901 595 939 annales
624 902 812 938 retulere:
845 915 923 937 rem
953 914 1057 951 aeque
1080 900 1267 938 difficilem
1280 889 1490 957 {ggssffiss‚

157 972 269 1016 atque
288 967 546 1004 incredibilem
564 980 635 1004 nec
653 980 754 1003 nunc
774 967 853 1003 lato
874 968 964 1003 satis
981 967 1027 1003 ad
1041 967 1115 1003 hoc
1136 979 1266 1002 amne:

157 1038 195 1068 et
211 1037 293 1068 tum
313 1032 523 1081 aliquanto,
544 1038 585 1067 ut
606 1045 629 1068 a
645 1031 835 1067 veteribus
856 1031 1084 1081 accepimUS,
1105 1032 1265 1067 artiore:

155 1096 229 1132 nisi
248 1096 287 1132 in
305 1095 467 1146 trajectu
482 1096 582 1133 forte
599 1097 763 1134 fluminis
784 1096 1037 1146 prohibendo,
1059 1095 1270 1144 aliquarum

155 1161 308 1196 navium
341 1174 568 1198 concursum
599 1161 638 1197 in
668 1160 790 1211 majus
829 1162 889 1209 (ut
918 1161 977 1206 fit)
1018 1160 1266 1204 celebrantes,

154 1223 298 1260 navalis
318 1225 486 1261 victoriae
506 1238 645 1261 vanum
663 1224 816 1261 titulum
836 1225 1063 1276 adpetivere.

207 1287 383 1325 XXXV.
410 1288 618 1338 Insequens
639 1301 758 1325 annus
778 1289 953 1325 tribunos
973 1288 1154 1325 militares
1175 1301 1267 1325 con·
1281 1291 1372 1322 U.C.
1390 1297 1466 1323 330.

155 1352 271 1392 sulari
296 1360 487 1405 potestate
509 1354 645 1391 habuit
672 1355 720 1392 A.
742 1355 1008 1405 Sempronium
1033 1355 1268 1398 Atratinum,
1280 1336 1319 1366 A'
1333 1334 1371 1366 C*
1389 1339 1467 1368 4²²⁸

155 1416 203 1454 L.
217 1417 441 1456 Quinctium
462 1418 747 1460 Cincinnatum,
768 1417 982 1454 L.Furium
999 1416 1270 1460 RIedullinum,

153 1478 202 1517 L.
228 1478 438 1517 Horatium
462 1480 686 1518 Barbatum.
741 1480 967 1516 Veientibus
999 1493 1186 1517 annorum
1214 1480 1272 1515 vi·

155 1542 251 1592 giuti
279 1542 441 1581 induciae
471 1544 583 1588 datae,
613 1550 650 1580 et
678 1544 815 1593 AEquis
845 1544 1013 1587 triennii,
1041 1556 1156 1592 quum
1186 1542 1272 1593 piu-

154 1605 253 1642 rium
282 1618 469 1644 annorum
494 1609 690 1658 petissent.
745 1606 800 1644 Et
819 1607 866 1644 ab
887 1606 1136 1643 seditionibus
1158 1605 1272 1641 urba-

152 1671 213 1708 nis
244 1672 368 1708 otium
394 1672 480 1710 fnit.
536 1674 692 1709 Annum
720 1673 996 1722 insequentem,
1020 1684 1143 1720 neque
1167 1670 1270 1707 bello

155 1739 264 1783 foris,
283 1750 407 1789 neque
426 1740 529 1776 domi
549 1740 735 1776 seditione
754 1739 957 1787 insignem,
974 1737 1052 1774 ludi
1069 1737 1171 1774 bello
1189 1737 1272 1773 voti

158 1802 358 1846 celebrem,
380 1808 418 1838 et
443 1801 686 1838 tribunorum
710 1802 873 1837 militum
901 1801 1098 1851 adparatu,
1126 1807 1164 1836 et
1186 1800 1272 1836 fini-

156 1869 337 1906 timorum
367 1879 566 1910 concursu,
596 1867 731 1903 fecere.
787 1866 950 1902 Tribuni
983 1865 1172 1901 consulari
1201 1878 1272 1915 po-

155 1939 295 1970 testate
316 1937 423 1969 erant
442 1932 515 1981 Ap.
535 1930 714 1967 Claudius
732 1931 903 1973 Crassus,
926 1929 1168 1980 Sp.Nautius
1187 1929 1273 1965 Ru-

154 1997 260 2041 tilus,
282 1997 327 2035 L.
350 1998 501 2046 Sergius
521 1996 698 2038 Fidenas,
720 1994 943 2031 Sex.Julius
965 1994 1090 2030 Iulus:
1124 2001 1273 2045 specta-

158 2061 284 2099 culum
314 2061 496 2098 comitate
524 2061 638 2096 etiam
669 2059 879 2110 hospitum,
910 2059 957 2095 ad
985 2059 1086 2108 quod
1114 2058 1271 2108 publico

159 2139 345 2164 consensu
363 2131 558 2168 venerant,
581 2125 732 2161 advenis
753 2125 896 2172 gratius
916 2123 1002 2160 fuit.
1049 2124 1145 2160 Post
1162 2124 1271 2161 ludos

160 2188 362 2243 conciones
393 2188 580 2224 seditiosae
609 2187 850 2223 tribunorum
876 2186 979 2237 plebi
1007 2187 1174 2229 fuerunt,
1203 2187 1273 2223 ob-

153 2250 392 2303 jurgantium
419 2252 714 2294 multitudinem,
740 2253 846 2300 quod,
874 2253 1111 2288 admiratione
1137 2263 1271 2294 eorum,
1288 2250 1492 2332 Queruntur}

1284 2303 1340 2333 Tr.
1352 2303 1395 2332 Pl.
1404 2311 1468 2340 quo

160 2329 245 2366 quos
263 2318 404 2360 odisset,
424 2321 579 2366 stupens,
601 2319 636 2353 in
655 2322 785 2353 oeterno
804 2329 838 2353 se
858 2319 934 2366 ipsa
955 2322 1086 2353 teneret
1103 2318 1244 2353 servitio
1261 2333 1272 2352 .·
1287 2346 1320 2375 in
1337 2345 1474 2375 tribunis

159 2385 194 2418 et
211 2392 282 2418 non
300 2382 403 2419 modo
421 2382 470 2418 ad
486 2393 583 2431 spem
602 2382 803 2419 consulatus
821 2383 858 2419 in
877 2386 1021 2432 partem
1039 2382 1274 2419 revocandam
1287 2388 1433 2421 militum
