1573 2598
390 120 545 150 mmm
569 119 617 149 v.
649 119 758 149 CAP.
782 118 898 155 mu.
1123 116 1208 162 405

96 211 238 245 tantum
264 208 330 245 sibi
355 209 477 257 reique
508 207 660 258 publicae
693 208 830 256 piaculi
857 204 1078 243 contrahet?
1112 206 1209 247 Quid
1220 206 1265 238 U.
1275 205 1313 238 C.
1329 210 1403 238 865.

95 274 185 317 alia,
216 286 294 323 quae
320 275 506 322 auspicato
530 274 670 321 agimus
700 273 820 308 omnia
838 270 924 321 fere
954 273 1052 308 intra
1074 283 1209 320 pomoe-
1220 250 1311 282 A'C‘
1327 254 1402 285 387·

95 339 204 382 rium,
226 340 283 375 cui
301 339 482 382 oblivioni,
503 343 569 375 aut
587 339 645 374 cui
664 338 890 385 negligentiae
907 337 1062 374 damus?
1092 336 1212 372 Comi·

96 403 150 438 tia
185 405 338 446 curiata,
376 415 455 452 quae
484 415 560 438 rem
593 403 790 438 militarem
827 402 1005 438 continent
1018 417 1032 444 ,·
1067 401 1214 436 comitia

96 469 310 511 centuriata,
337 468 460 517 quibus
483 467 639 503 consules
666 466 890 514 tribunosque
913 466 1087 502 militares
1112 477 1213 501 crea·

97 532 155 574 tis,
172 532 233 568 ubi
246 533 445 580 auspicato,
460 532 528 567 nisi
541 530 600 567 ubi
611 531 787 573 adsolent,
795 531 883 579 fieri
894 531 1070 578 possunt?
1092 529 1127 565 V
1123 530 1213 566 eios-

94 606 139 631 ne
166 595 240 632 haec
267 595 519 644 transferemus
535 596 556 631 .9
583 607 631 631 an
656 596 880 631 comitiorum
909 606 1032 630 caussa
1058 594 1215 642 populus

96 663 197 695 tanto
215 660 434 696 incommodo
458 661 494 695 in
516 660 692 696 desertam
718 658 811 694 hanc
830 658 874 694 ab
893 658 981 694 Diis
999 657 1215 694 hominibus-

95 734 164 771 que
181 723 302 759 urbem
320 725 503 760 conveniet
515 724 537 760 ‚9

147 785 261 823 LIII.
291 787 365 823 Sed
382 799 436 823 res
458 789 536 835 ipsa
558 788 654 835 cogit
679 791 817 823 vastam
840 787 1011 823 incendiis
1034 787 1216 835 ruinisque

94 850 294 899 relinquere
310 851 447 894 urbem,
468 856 504 888 et
528 853 577 888 acl
602 853 744 899 integra
772 853 892 887 omnia
916 851 1016 887 Veios
1044 852 1212 899 migrare,

95 926 160 950 nec
178 914 235 951 hic
256 916 465 965 (edificando
489 917 627 964 inopem
651 916 790 964 plebem
817 927 955 952 vexare.
1010 915 1118 951 Hanc
1145 927 1212 951 au-

97 983 169 1014 tem
188 978 328 1026 jactari
352 981 466 1027 magis
492 992 665 1023 caussam,
688 992 796 1028 quam
823 992 943 1016 veram
971 991 1055 1022 esse,
1081 983 1123 1015 ut
1150 991 1215 1026 ego

97 1054 168 1078 non
197 1044 328 1086 dicam,
358 1045 533 1092 adparere
560 1043 667 1087 vobis,
701 1044 870 1087 Quirites,
896 1049 987 1092 puto
1002 1060 1015 1087 ‚·
1052 1045 1113 1092 qui
1140 1056 1214 1079 me-

97 1109 263 1151 ministis,
285 1113 370 1145 ante
394 1109 582 1144 Gallorum
608 1110 813 1152 adventum,
832 1110 940 1145 salvis
969 1110 1069 1145 tectis
1095 1108 1214 1157 publi·

97 1172 148 1207 cis
180 1172 415 1220 privatisque,
449 1177 568 1208 stante
600 1173 770 1209 incolumi
800 1173 898 1215 urbe,
934 1173 1026 1208 lianc
1057 1173 1216 1210 eamdem

97 1247 173 1271 rem
204 1241 324 1272 actam
355 1248 438 1279 esse,
471 1241 513 1272 ut
544 1236 648 1272 Veios
680 1238 1024 1284 transmigraremus.
1081 1236 1134 1272 Et
1162 1237 1215 1272 vi-

97 1299 190 1342 dete,
216 1304 391 1348 quantum
415 1301 508 1336 inter
532 1312 648 1336 meam
673 1301 885 1336 sententiam
912 1305 1135 1349 vestramque
1163 1302 1217 1336 in-

100 1365 212 1406 tersit,
235 1364 379 1401 tribuni.
440 1364 521 1408 Vos,
542 1365 684 1401 etiamsi
713 1370 798 1401 tunc
814 1364 1032 1414 faciendum
1058 1377 1129 1401 non
1145 1364 1217 1414 fu-

98 1428 180 1470 erit,
200 1440 296 1464 nunc
319 1430 442 1477 utique
458 1428 677 1477 faciendum
694 1430 837 1477 putatis
852 1445 865 1464 :
894 1441 958 1477 ego
977 1434 1114 1471 contra,
1139 1430 1220 1477 (nec

97 1492 138 1527 id
157 1493 283 1528 mirati
309 1494 386 1528 sitis
406 1494 523 1540 prius,
552 1505 674 1541 quam,
703 1493 810 1541 quale
832 1494 893 1535 sit,
921 1494 1122 1541 audieritis)
1151 1483 1244 1530 αἱ(

97 1557 189 1592 amsi
208 1561 293 1593 tunc
309 1557 539 1604 migrandum
553 1556 702 1605 fuisset,
724 1558 896 1593 incolumi
916 1562 992 1593 tota
1009 1559 1105 1600 urbe,
1126 1570 1221 1594 nunc

100 1618 164 1655 has
190 1621 316 1656 ruinas
341 1621 594 1668 relinquendas
619 1632 691 1656 non
729 1633 912 1657 censerem.
971 1622 1112 1670 Quippe
1144 1627 1222 1658 tum

101 1695 226 1720 caussa
253 1684 350 1720 nobis
378 1686 415 1720 in
438 1684 558 1720 urbem
586 1690 730 1733 captam
750 1687 930 1732 migrandi
948 1688 1099 1722 victoria
1117 1692 1219 1729 esset,

97 1748 256 1796 gloriosa
280 1748 377 1784 nobis
399 1761 442 1784 ac
465 1750 619 1797 posteris
644 1750 773 1785 nostris
786 1766 799 1792 ,·
828 1761 922 1786 nunc
950 1750 1023 1786 haec
1050 1752 1221 1798 migratio

98 1812 198 1848 nobis
222 1814 352 1848 misera
369 1825 412 1848 ac
438 1815 566 1861 turpis,
592 1814 708 1849 Gallis
732 1814 892 1861 gloriosa
920 1819 999 1851 est:
1026 1827 1098 1851 non
1125 1816 1220 1852 enim

98 1877 284 1925 reliquisse
309 1879 471 1920 victores,
494 1879 557 1914 secl
584 1880 742 1914 amisisse
768 1880 868 1921 victi,
895 1881 1059 1926 patriam
1086 1880 1219 1916 videbi-

100 1952 211 1984 mur:
239 1940 305 1977 hoc
332 1942 382 1977 ad
399 1943 540 1978 Alliam
557 1941 671 1990 fuga,
702 1942 770 1978 hoc
797 1947 906 1990 capta
933 1943 1026 1986 urbs,
1057 1944 1123 1980 hoc
1151 1946 1220 1980 cir-

102 2017 313 2042 cumsessum
329 2005 550 2054 Capitolium
568 2008 786 2043 necessitatis
804 2008 1009 2055 inposuisse,
1025 2013 1066 2046 ut
1085 2010 1220 2044 desere-

101 2082 218 2106 remus
235 2075 386 2119 penates
401 2076 551 2114 nostros,
572 2073 805 2120 exsiliumque
828 2085 871 2109 ac
887 2073 1029 2121 fugam
1056 2073 1155 2109 nobis
1179 2086 1222 2110 ev

103 2146 144 2170 eo
173 2135 250 2171 loco
278 2137 579 2179 conscisceremus,
604 2149 709 2185 quem
738 2139 831 2173 tueri
857 2150 928 2173 non
952 2149 1132 2186 possemus
1146 2154 1159 2174 .·
1187 2142 1222 2174 et

110 2199 212 2234 Galli
238 2204 391 2236 evertere
415 2205 613 2248 potuerunt
642 2202 812 2244 Romam,
843 2214 951 2250 quam
979 2201 1137 2238 Romani
1164 2214 1221 2239 re-

103 2263 250 2300 stituere
273 2275 345 2300 non
363 2264 577 2301 videbuntur
596 2267 789 2314 potuisse?
819 2265 916 2307 Quid
932 2270 1059 2312 restat,
1079 2268 1148 2304 nisi
1164 2270 1220 2307 ut,
