1573 2598
120 291 213 323 U.C.
231 299 305 325 361.

119 337 161 366 Α.
178 337 215 367 C.
232 343 304 370 391.

108 1260 199 1292 Missi
216 1260 294 1291 Del-

107 1305 188 1344 phos
206 1303 299 1343 legati

107 1355 187 1377 cum
202 1348 300 1378 dono.

105 1638 298 1670 Timasithei

109 1682 287 1721 Liparensis

108 1724 230 1764 religio.

109 2209 240 2240 Bellum

111 2263 189 2300 curn
207 2253 263 2282 AE·

109 2305 191 2335 quis.

313 200 402 246 374
769 201 815 231 Τ.
840 202 975 231 mvn

319 294 458 330 Eventu
485 290 588 339 hzq'us
612 292 694 328 belli
719 293 788 328 (luo
807 293 986 328 salutaria
1011 291 1172 340 exempla
1196 293 1344 340 prodita
1365 291 1433 330 hu-

318 370 423 393 mano
439 358 560 404 generi
576 361 670 392 sunt.
718 356 751 391 V
749 369 785 392 os
791 358 907 405 fidem
927 357 961 391 in
979 356 1082 398 bello,
1104 368 1209 403 quam
1226 361 1434 403 praesentem

316 422 517 463 victoriam,
540 421 738 455 maluistis:
766 432 842 462 nos,
857 421 937 469 fide
952 421 1152 468 provocati,
1172 422 1359 456 victoriam
1376 421 1435 456 ul·

319 492 375 523 tro
395 488 593 523 detulimus.
643 486 716 522 Sub
735 487 867 522 ditione
888 491 1006 522 vestra
1022 498 1154 522 sumus.
1202 486 1354 528 Mittite,
1375 487 1437 534 qui

319 564 436 594 arma,
457 552 517 598 qui
537 551 682 591 obsides,
711 552 771 598 qui
796 550 915 586 urbem
938 551 1142 598 patentibus
1167 552 1281 598 portis
1302 551 1436 598 accipi·

320 620 395 651 ant.
454 615 530 649 Nec
547 626 606 649 vos
621 615 717 662 fidei
742 619 964 673 nostroe,.nec
987 628 1049 651 nos
1075 616 1214 663 imperii
1231 616 1338 651 vestri
1361 627 1437 662 poe-

318 678 454 714 nitebit.
513 675 675 712 Camillo
702 683 740 712 et
765 677 812 713 ab
839 677 1012 714 hostibus
1034 684 1072 714 et
1099 691 1121 714 a
1140 678 1283 714 civibus
1305 677 1436 726 gratiae

321 748 428 778 actae.
484 740 640 776 Faliscis
662 741 700 776 in
721 742 951 791 stipendium
973 742 1137 778 militum
1163 741 1243 791 ejus
1270 741 1374 783 anni,
1395 746 1437 776 ut

321 805 484 855 populus
514 804 712 840 Romanus
751 805 896 842 tributo
927 813 1092 849 vacaret,
1123 806 1285 856 pecunia
1316 805 1437 855 impe·

321 874 416 905 rata.
472 868 572 904 Pace
591 868 692 911 data,
714 869 902 905 exercitus
923 869 1089 907 Romam
1108 869 1296 906 reductus.

375 932 574 969 XXVIII.
613 932 793 967 Camillus
826 933 984 969 meliore
1013 933 1135 969 multo
1167 932 1293 976 laude,
1323 944 1438 981 quam

322 1009 438 1045 quum
458 995 754 1045 triumphantem
783 996 856 1032 albi
885 1010 953 1046 per
977 997 1111 1033 urbem
1132 1002 1314 1033 vexerant
1335 996 1437 1045 equi,

322 1060 483 1108 insignis
509 1058 660 1110 justitia
695 1060 854 1109 fideque,
888 1060 1064 1097 hostibus
1093 1061 1218 1104 victis,
1249 1073 1365 1109 quum
1397 1061 1438 1097 in

324 1123 457 1160 urbem
489 1123 660 1165 redisset,
692 1124 808 1159 tacite
838 1122 918 1174 ejus
949 1124 1214 1160 verecundiam
1242 1136 1321 1160 non
1350 1123 1439 1159 tulit

325 1193 492 1230 senatus,
514 1187 604 1235 quin
624 1187 705 1222 sine
727 1199 835 1223 mora
853 1188 933 1223 voti
953 1187 1203 1224 liberaretur:
1235 1193 1439 1223 crateram·

325 1264 398 1300 que
418 1264 569 1287 auream
589 1252 729 1287 donum
749 1251 921 1301 Apollini
947 1251 1120 1302 Delphos
1144 1251 1260 1300 legati
1279 1251 1342 1300 qui
1362 1250 1438 1287 fer·

325 1321 424 1359 rent,
460 1315 508 1352 L.
539 1316 726 1358 Valerius,
764 1316 810 1352 L.
842 1316 1010 1364 Sergius,
1043 1317 1092 1353 A.
1119 1315 1303 1359 Manlius,
1333 1315 1441 1351 missi

325 1377 442 1428 longa
470 1392 545 1421 una
572 1392 682 1422 nave,
709 1379 808 1416 haud
833 1379 966 1429 procul
991 1379 1090 1416 freto
1117 1378 1246 1415 Siculo
1265 1391 1286 1415 a
1305 1378 1441 1428 piratis

324 1441 591 1491 Liparensium
611 1444 772 1492 excepti,
793 1443 1030 1479 devehuntur
1047 1443 1220 1492 Liparas.
1248 1442 1338 1479 Mos
1359 1448 1440 1479 erat

324 1505 504 1548 civitatis,
537 1506 640 1541 velut
672 1506 826 1556 publico
862 1506 1066 1542 latrocinio
1098 1513 1244 1556 partam
1274 1505 1441 1555 praedam

323 1568 513 1604 dividere:
543 1569 643 1605 forte
669 1582 715 1604 eo
744 1582 845 1605 auno
868 1570 907 1604 in
935 1581 1085 1605 summo
1113 1570 1338 1617 magistratu
1357 1575 1439 1605 erat

324 1631 580 1668 Timasitheus
611 1633 778 1681 quidam,
811 1632 998 1668 Romanis
1033 1634 1087 1668 vir
1120 1631 1294 1675 similior,
1324 1645 1439 1681 quam

327 1697 426 1731 suis:
460 1696 538 1744 qui,
564 1695 778 1744 legatorum
801 1708 955 1739 nomen,
983 1696 1213 1744 donumque,
1240 1703 1278 1732 et
1296 1695 1442 1739 Deum,

327 1759 388 1795 cui
405 1760 633 1802 mitteretur,
655 1769 692 1795 et
715 1760 806 1795 doni
832 1772 1004 1796 caussam
1031 1761 1171 1795 veritus
1197 1760 1292 1809 ipse,
1311 1759 1441 1796 multi-

325 1823 496 1859 tudinem
517 1835 682 1871 quoque,
703 1836 785 1871 quae
815 1835 963 1873 semper
990 1823 1108 1859 ferme
1133 1823 1281 1871 regenti
1306 1829 1364 1859 est
1389 1824 1443 1859 si-

325 1885 441 1928 milis,
478 1885 672 1934 religionis
710 1886 826 1937 justae
869 1886 1058 1935 inplevit:
1106 1885 1363 1935 adductosque
1399 1886 1439 1922 in

325 1949 520 1998 publicum
553 1950 759 1999 hospitium
794 1950 955 1999 legatos,
995 1963 1079 1986 cum
1117 1950 1292 1999 praesidio
1324 1949 1440 1986 etiam

326 2013 479 2048 navium
508 2012 681 2061 Delphos
712 2022 948 2063 prosecutus,
975 2014 1142 2058 Romam
1167 2014 1253 2050 inde
1279 2016 1439 2065 sospites

327 2076 505 2111 restituit.
563 2076 788 2126 Hospitium
821 2090 908 2112 cum
940 2090 985 2113 eo
1018 2077 1349 2114 senatusconsulto
1383 2085 1442 2114 est

327 2139 485 2183 facturn,
506 2140 680 2189 donaque
701 2141 850 2190 publice
870 2141 970 2178 data.
1025 2141 1172 2178 Eodem
1191 2153 1293 2177 anuo
1314 2142 1351 2177 in
1368 2140 1441 2178 [Ε’-

329 2206 410 2252 quis
441 2205 542 2240 varie
572 2205 778 2241 beliatum:
819 2206 912 2243 adeo
942 2213 983 2242 ut
1015 2206 1055 2241 in
1084 2207 1230 2242 incerto
1259 2205 1374 2242 fuerit
1403 2212 1441 2243 et

328 2268 428 2316 apud
462 2270 562 2317 ipsos
601 2270 785 2305 exercitus
820 2277 858 2305 et
892 2269 1040 2312 Rom-te,
1075 2270 1265 2312 vicissent,
1301 2270 1443 2306 victine

328 2341 466 2369 essent.
522 2332 776 2384 Imperatores
802 2333 970 2371 Romani
994 2333 1100 2373 fuere
1123 2347 1170 2371 ex
1186 2333 1348 2371 tribunis
1368 2334 1442 2370 mi-
