1573 2598
411 112 566 143 LIBER
588 112 636 144 V.
670 112 778 143 cAP.
800 113 943 144 XLVI.
1154 111 1237 158 395

119 215 187 241 nes
214 201 399 247 facerent,
428 201 607 254 plenique
634 203 770 254 praedae
798 203 916 240 Veios
946 202 1075 246 etiam,
1105 203 1235 253 praesi-
1249 202 1338 234 U·C·
1355 207 1430 234 365·

119 270 297 318 diumque
323 276 361 306 et
387 281 491 321 spem
514 269 686 307 ultimam
704 268 872 306 Romani
892 268 1072 312 nominis,
1093 269 1130 305 in
1152 269 1235 305 ani·

118 347 183 371 mo
202 333 406 372 habuerint
424 333 658 385 obpugnare.
705 333 889 371 Viderant
909 347 973 371 eos
994 333 1131 370 milites
1151 333 1234 370 Ro-

118 401 235 443 mani,
265 407 446 449 vagantes
480 413 547 451 per
575 413 686 450 agros
716 407 755 437 et
784 407 1038 450 congregatos
1068 401 1236 449 agmine,

118 465 283 515 praedam
312 478 389 516 prae
416 477 457 502 se
485 472 655 514 agentes,
680 471 717 502 et
747 473 871 502 castra
900 465 1107 503 cernebant
1135 464 1238 501 haud

117 528 250 579 procul
279 528 383 565 Veiis
420 529 567 579 posita:
607 529 696 566 inde
728 530 893 580 primum
928 529 1123 566 miseratio
1161 529 1233 572 sui,

117 591 251 628 deinde
287 593 508 641 indignitas,
539 599 652 642 atque
683 606 730 630 ex
760 606 804 630 ea
841 594 897 630 ira
932 593 1080 629 animos
1118 592 1235 642 cepit,

117 657 322 693 Etruscisne
340 658 463 700 etiam,
485 670 508 693 a
527 658 650 707 quibus
668 659 798 694 bellum.
823 659 1003 695 Gallicum
1025 660 1061 693 in
1078 669 1114 693 se
1133 668 1238 693 aver·

117 722 251 763 tissent,
287 721 439 757 ludibrio
470 733 539 757 esse
570 722 688 758 clades
722 723 840 757 suas?
866 721 943 757 Vix
979 727 1239 770 temperavere

116 785 266 828 animis,
288 785 379 834 quin
398 785 590 836 extemplo
616 787 789 836 inpetum
814 785 1010 822 facerent:
1043 796 1237 834 compres-

115 849 221 898 sique
240 862 262 885 a
282 849 449 886 Caedicio
469 851 705 893 centurione,
727 863 838 899 quem
858 849 1010 886 sibimet
1037 849 1110 899 ipsi
1138 860 1237 899 prae-

115 913 298 956 fecerant,
328 926 408 949 rem
438 915 477 950 in
505 920 658 950 noctem
688 914 912 950 sustinuere.
967 912 1138 948 Tantum
1167 923 1237 961 par

118 976 281 1013 Camillo
304 977 423 1014 defuit
445 984 591 1020 auctor,
617 984 741 1014 cetera
767 977 900 1013 eodem
926 976 1059 1012 ordine
1081 974 1236 1011 eodem-

115 1054 188 1090 que
206 1040 371 1077 fortunae
391 1047 527 1077 eventu
547 1047 676 1089 gesta:
709 1041 800 1090 quin
821 1041 950 1083 etiam,
971 1039 1128 1075 ducibus
1146 1051 1236 1089 cap-

115 1105 217 1148 tivis,
240 1106 302 1154 qui
324 1106 416 1141 caedi
435 1111 632 1142 nocturnae
652 1105 931 1155 superfuerant,
954 1104 999 1140 ad
1023 1103 1136 1140 aliam
1155 1115 1236 1139 ma-

114 1182 208 1206 num
222 1169 435 1205 Tuscorum
455 1169 500 1205 ad
522 1169 668 1205 Salinas
689 1169 866 1219 profecti,
887 1173 1001 1204 nocte
1020 1167 1238 1216 insequenti

117 1245 163 1269 ex
199 1233 394 1283 inproviso
430 1232 615 1282 majorem
650 1233 790 1268 caedem
824 1231 985 1275 edidere,
1021 1230 1238 1282 duplicique

119 1297 278 1333 victoria
296 1303 453 1333 ovantes
474 1297 590 1333 Veios
609 1297 781 1333 redeunt.

170 1361 318 1400 XLVI.
347 1361 483 1398 Romae
505 1361 659 1397 interim
687 1361 909 1412 plerumque
932 1358 1083 1395 obsidio
1109 1357 1237 1406 segnis

116 1432 155 1463 et
182 1426 372 1476 utrimque
401 1426 595 1464 sile'ntium
624 1438 719 1469 esse,
750 1425 798 1463 ad
829 1424 868 1460 id
898 1430 1050 1460 tantum
1078 1421 1236 1457 intentis

115 1490 251 1534 Gallis,
271 1503 319 1526 ne
338 1491 421 1540 quis
440 1490 608 1526 hostium
629 1489 787 1526 evadere
806 1489 906 1524 inter
934 1488 1119 1524 stationes
1145 1497 1236 1535 pos-

116 1561 198 1590 set:
231 1567 347 1603 quum
379 1560 535 1604 repente
561 1553 714 1603 juvenis
748 1552 948 1589 Romanus
984 1549 1237 1587 admiratione

115 1619 155 1654 in
193 1631 231 1655 se
261 1619 358 1655 cives
396 1620 600 1668 hostesque
630 1608 859 1654 convertit.‘
889 1614 1124 1652 Sacrificium
1153 1619 1237 1648 erat

116 1688 257 1718 statum
287 1682 326 1717 in
348 1681 539 1721 Quirinali
561 1681 658 1718 colle
681 1681 787 1730 genti
808 1679 964 1716 Fabiae:
997 1677 1045 1713 ad
1072 1676 1112 1712 id
1138 1675 1234 1712 faci-

1247 248 1287 278 A.
1300 246 1338 278 C.
1354 252 1431 282 887.

117 1747 255 1784 endum
276 1746 319 1783 C.
338 1744 479 1782 Fabius
501 1745 646 1789 Dorso,
674 1744 827 1781 Gabino
854 1744 996 1786 cinctu,
1019 1752 1128 1778 sacra
1151 1752 1231 1777 ma·
1244 1747 1360 1779 Fabius

115 1812 226 1848 nibus
257 1823 404 1860 gerens,
433 1822 549 1859 quum
577 1809 623 1846 de
646 1808 840 1861 Capitolio
868 1806 1139 1848 descendisset,
1166 1816 1228 1855 pel

114 1876 256 1912 medias
285 1875 455 1911 hostium
483 1874 669 1911 stationes
687 1884 874 1922 egressuS,
905 1869 1003 1908 nihil
1027 1868 1075 1906 ad
1099 1879 1233 1904 vocem

115 1939 338 1990 cujusquam
362 1945 593 1976 terroremve
618 1944 759 1982 motus,
779 1937 820 1973 in
839 1933 1077 1977 Quirinalem
1096 1931 1233 1969 collem

113 2004 312 2055 pervenit:
344 2003 472 2053 ibique
500 2001 677 2040 omnibus
703 2001 939 2038 sollemniter
967 1998 1144 2049 peractis,
1169 2009 1232 2032 ea-

115 2068 201 2105 dem
232 2074 423 2106 revertens
456 2067 631 2105 similiter
661 2066 854 2104 constanti
882 2062 992 2101 vultu
1022 2061 1231 2111 graduque,

116 2133 390 2183 satis-sperans
418 2133 606 2185 propitios
634 2144 716 2169 esse
744 2131 866 2174 Deos,
896 2139 1058 2179 quorum
1086 2124 1230 2161 cultum

114 2209 163 2233 ne
191 2198 324 2233 mortis
353 2197 505 2247 quidem
535 2203 640 2234 metu
675 2195 891 2246 prohibitus
919 2189 1160 2232 deseruisset,
1190 2188 1230 2224 in

114 2260 349 2312 Capitolium
376 2261 424 2299 ad
447 2272 535 2299 suos
565 2260 692 2302 rediit,
716 2271 784 2296 sen
810 2256 992 2296 adtonitis
1012 2251 1133 2292 Gallis
1157 2251 1230 2291 mi-

635 2325 660 2360 S
683 2323 705 2361 6

1227 1817 1234 1824 .
1243 1792 1359 1823 Dorso.
