1496 2554
289 466 354 519 Τ.
408 463 657 518 LIVII
712 458 1168 514 PATAVINI

591 653 803 691 LIBER
840 652 873 691 1.

232 982 314 1021 AM
340 981 505 1033 primum
531 979 699 1016 omnium
727 977 818 1014 satis
845 981 1010 1018 constat,
1030 973 1150 1026 Troja
1169 981 1294 1026 capta,

235 1050 273 1084 in
292 1054 436 1083 ceteros
458 1045 629 1081 saevitum
650 1056 730 1078 esse
749 1041 958 1092 Trojanos;
991 1039 1153 1083 duobus,
1169 1039 1297 1076 AEnea

175 1112 460 1160 Antenoreque,
491 1115 529 1144 et
548 1108 687 1144 vetusti
709 1106 798 1156 jure
827 1105 998 1155 hospitii,
1020 1110 1058 1140 et
1079 1105 1167 1153 quia
1192 1105 1295 1154 pacis

174 1175 448 1222 reddendaeque
468 1173 627 1209 Helenae
649 1184 795 1221 semper
815 1177 987 1206 auctores
1003 1168 1168 1212 fuerant,
1185 1181 1298 1205 omne

166 1238 233 1290 jus
252 1238 342 1275 belli
362 1239 529 1274 Achivos
551 1238 790 1274 abstinuisse.
848 1236 1007 1272 Casibus
1032 1236 1166 1272 deinde
1185 1236 1298 1272 variis

175 1305 412 1342 Antenorem
429 1316 514 1340 cum
531 1302 775 1340 multitudine
790 1302 1000 1344 Henetum,
1017 1301 1095 1351 qui,
1113 1301 1299 1338 seditione

174 1382 222 1406 ex
240 1367 503 1419 Paphlagonia
523 1367 635 1418 pulsi,
658 1373 695 1403 et
715 1367 820 1404 sedes
841 1373 878 1403 et
897 1366 1044 1409 ducem,
1066 1379 1154 1415 rege
1173 1365 1298 1416 Pylae-

174 1446 284 1472 mene
311 1433 358 1470 ad
375 1432 534 1484 Trojam
560 1433 714 1476 amisso,
736 1431 970 1482 quaerebant,
990 1431 1138 1468 venisse
1166 1431 1206 1467 in
1234 1432 1295 1468 in·-

173 1499 310 1535 timum
337 1498 450 1535 maris
480 1497 696 1534 Hadriatici
725 1497 875 1532 sinum:
915 1496 1198 1545 Euganeisque,
1230 1496 1295 1545 qui

172 1563 273 1599 inter
308 1574 412 1599 mare
448 1561 639 1612 Alpesque
675 1560 909 1603 incolebant,
947 1559 1079 1610 pulsis,
1117 1559 1293 1596 Henetos

173 1625 438 1676 Trojanosque
471 1639 532 1662 eas
565 1626 732 1662 tenuisse
762 1631 907 1661 terras:
940 1630 978 1661 et
1008 1625 1047 1660 in
1079 1637 1190 1673 quem
1215 1624 1294 1674 p‘ri-

174 1704 278 1727 mum
306 1691 447 1740 egressi
479 1697 567 1727 sunt
599 1690 739 1733 locum,
765 1688 886 1740 Troja
912 1695 1083 1732 vocatur,
1118 1700 1294 1739 pagoque

174 1754 262 1790 inde
286 1753 457 1804 Trojano
485 1767 626 1791 nomen
655 1760 725 1797 est,
747 1766 838 1802 gens
868 1754 1043 1790 universa
1061 1753 1199 1788 Veneti
1228 1752 1293 1789 ad-

173 1817 318 1869 pellati.
374 1818 542 1862 AEnean,
574 1818 621 1855 ab
651 1818 764 1854 simili
793 1817 898 1854 clade
927 1818 1041 1854 domo
1074 1817 1293 1867 profugum,

175 1883 241 1919 sed
269 1883 316 1918 ad
344 1881 491 1933 majora
514 1883 625 1919 initia
649 1896 773 1919 rerum
802 1882 1027 1919 ducentibus
1046 1881 1150 1925 fatis,
1171 1883 1296 1932 primo

174 1947 214 1982 in
242 1946 512 1983 Macedoniam
537 1947 709 1983 venisse:
742 1947 829 1982 iude
857 1947 898 1983 in
928 1945 1095 1982 Siciliam
1124 1959 1295 1995 quaeren-

171 2017 252 2047 tem
288 2011 393 2048 sedes
431 2011 624 2049 delatum:
664 2011 711 2048 ab
751 2010 879 2047 Sicilia
916 2010 1034 2047 classe
1061 2010 1297 2049 Laurentem

176 2088 307 2124 agrum
326 2076 493 2112 tenuisse
511 2091 517 2112 :
550 2074 677 2125 Trojae
698 2082 736 2111 et
754 2076 842 2111 huic
861 2074 948 2111 loco
966 2087 1108 2111 nomen
1127 2081 1196 2111 est.
1233 2075 1294 2111 Ibi

176 2140 315 2188 egressi
334 2139 508 2190 Trojani,
528 2148 571 2177 ut
590 2140 724 2190 quibus
749 2140 796 2176 ab
823 2141 995 2176 inmenso
1023 2152 1141 2190 prope
1168 2153 1295 2177 errore

175 2203 285 2246 nihil,
308 2212 444 2254 praeter
473 2219 578 2242 arma
596 2212 634 2241 et
661 2218 790 2248 naveS‚
812 2211 1036 2256 superesset,
1057 2217 1172 2253 quum
1197 2217 1294 2254 prae-

176 2267 263 2303 dam
293 2281 339 2304 ex
367 2270 466 2318 agris
497 2277 666 2319 agerent,
686 2269 849 2306 Latinus
879 2282 944 2306 rex
974 2269 1295 2318 Aboriginesque,

179 2331 243 2381 qui
262 2338 342 2368 tum
363 2345 406 2370 ea
423 2334 605 2372 tenebant
625 2334 723 2377 loca,
745 2334 791 2370 ad
811 2333 1010 2372 arcendam
1030 2333 1105 2370 vim
1132 2333 1295 2370 advena-

706 2398 739 2435 B
759 2399 781 2434 5

1309 1102 1482 1134 Antenoris

1310 1147 1384 1178 fata.

1308 1823 1423 1855 AEneae
1438 1823 1496 1855 fata
