1573 2598
380 135 439 177 24
520 121 524 127 ’
838 139 883 167 τ.
906 139 1043 169 mvn

381 224 556 261 cantibus
585 224 675 268 suis,
698 223 828 262 favore
856 226 1064 264 multorum
1091 227 1221 265 addito
1245 231 1388 276 animo,
1409 245 1496 272 eva-

382 289 449 327 dit.
505 289 673 326 Romani
699 289 903 340 Sabinique
933 292 971 327 in
999 293 1122 329 media
1141 293 1312 331 convalle
1336 297 1496 336 duorum

382 354 571 390 montium
599 355 858 404 redintegrant
893 355 1094 407 proelimn:
1133 358 1200 394 sed
1232 371 1290 395 res
1319 359 1497 400 Romana

382 425 464 454 erat
483 419 664 468 superior.

162 464 370 548 gffitlffiffdi-
433 482 552 519 XIII.
580 483 680 520 Tum
706 482 855 520 Sabinae
883 482 1072 529 mulieres,
1092 498 1251 535 quarum
1279 499 1326 524 ex
1356 486 1496 539 injuria

161 551 300 585 simunt.
378 547 520 586 bellum
548 554 673 586 ortum
699 554 792 591 erat,
822 547 987 585 crinibus
1016 551 1134 600 passis
1163 552 1351 602 scissaque
1376 560 1494 598 veste,

378 612 481 649 victo
505 611 614 649 malis
636 610 811 647 muliebri
838 623 993 661 pavore,
1014 625 1114 650 ausae
1142 626 1182 652 se
1210 615 1309 652 inter
1332 615 1410 653 tela
1427 629 1495 654 vo>-

354 676 499 715 ·lantia
523 676 677 721 inferre,
708 689 754 712 ex
783 683 999 714 transverso
1028 679 1161 729 inpetu
1181 677 1300 723 facto,
1320 681 1495 719 dirimere

376 742 534 778 infestas
554 741 668 785 acies,
688 740 863 778 dirimere
882 742 955 778 iras
971 757 983 787 5
1014 742 1104 778 hinc
1125 748 1266 794 patres,
1285 744 1375 782 hInc
1394 745 1495 783 viros

377 812 545 850 orantes,
563 818 608 842 ne
623 818 660 842 se
675 807 845 854 sanguine
861 805 1017 855 nefando
1033 810 1144 844 soceri
1155 809 1344 858 generique
1360 821 1494 859 resper-

373 876 525 920 gerent:
553 883 597 907 ne
612 872 810 920 parricidio
831 872 1053 909 macularent
1067 877 1196 921 partus
1215 885 1307 916 suos,
1328 879 1496 923 nepotum

376 937 446 978 illi,
471 934 617 972 libemlm
639 936 677 972 hi
692 937 909 984 progeniem.
965 937 1008 974 Si
1029 938 1226 987 adfinitatis
1256 939 1348 975 inter
1369 951 1442 982 vos,
1464 940 1497 975 si

375 1000 539 1037 connubii
551 1001 666 1051 piget,
685 1001 722 1036 in
742 1012 804 1036 nos
823 1002 948 1037 vertite
964 1002 1037 1037 iras
1049 1017 1063 1039 .·
1089 1013 1152 1038 nos
1176 1014 1298 1039 calma
1319 1002 1414 1046 belli,
1433 1014 1496 1039 nos

373 1065 559 1101 vulnerum
577 1076 620 1100 ac
638 1063 785 1100 caedium
801 1065 886 1100 viris
907 1076 950 1101 ac
969 1065 1175 1113 parentibus
1200 1078 1344 1102 sumus.-
1371 1066 1496 1102 melius

160 1166 192 1197 U
221 1164 248 1196 C
276 1170 292 1200 7
368 1128 576 1177 peribimus,
597 1139 703 1176 quam
720 1128 794 1164 sine
811 1128 933 1164 alteris
948 1132 1101 1165 vestrum
1114 1129 1229 1165 viduae
1243 1133 1307 1165 aut
1330 1129 1422 1165 orbae
1439 1130 1495 1166 vi·

158 1188 348 1245 Ascsysis.
375 1204 504 1230 cemus.
558 1190 695 1228 Movet
722 1204 780 1228 res
809 1198 892 1229 tum
924 1191 1220 1239 multitudinem,
1250 1199 1333 1230 tum
1367 1193 1493 1231 duces.

159 1251 228 1300 Pax
247 1261 364 1284 conve·
377 1255 577 1293 Silentium
593 1262 631 1292 et
655 1256 854 1307 repentina
871 1255 914 1292 fit
932 1257 1036 1306 quies
1055 1271 1064 1293 t
1097 1257 1184 1294 inde
1212 1257 1261 1294 ad
1286 1257 1410 1294 foedus
1435 1256 1494 1294 fa-

159 1300 221 1326 Μ’
376 1319 551 1356 ciendum
580 1319 692 1356 duces
721 1319 936 1370 prodeunt:
967 1333 1037 1357 nec
1061 1333 1196 1371 pacem
1222 1320 1352 1365 modo,
1372 1320 1439 1357 sed
1457 1327 1495 1357 et

376 1385 570 1420 civitatem
588 1396 703 1420 unam
725 1396 773 1420 ex
800 1383 944 1420 duabus
964 1383 1136 1421 faciunt:
1168 1397 1329 1434 regnum
1356 1397 1494 1422 conso-

156 1473 302 1506 ouffites
376 1448 493 1491 ciant,
520 1447 720 1498 imperium
745 1459 858 1484 omne
883 1446 1087 1484 conferunt
1103 1447 1283 1486 Romam.
1338 1447 1402 1486 Ita
1427 1461 1494 1498 ge-

160 1518 248 1550 unde
262 1517 350 1551 dicti.
375 1512 521 1550 minata
539 1510 646 1555 urbe,
666 1518 710 1548 ut
729 1511 879 1549 Sabinis
898 1518 1027 1549 tamen
1047 1512 1190 1562 aliquid
1212 1512 1376 1556 daretur,
1396 1513 1494 1552 Qui-

374 1576 466 1624 rites
492 1590 515 1613 a
540 1576 703 1613 Curibus
733 1575 937 1626 adpellati:
969 1583 1260 1614 monumentum
1287 1576 1368 1627 ejus
1397 1589 1493 1628 pug-

374 1653 448 1684 nae,
476 1639 543 1676 ubi
570 1640 734 1691 primum
760 1652 807 1676 ex
828 1639 1019 1690 profunda
1037 1653 1201 1677 emersus
1221 1639 1357 1691 palude
1376 1653 1493 1690 equus

375 1704 551 1741 Curtium
583 1704 623 1740 in
654 1704 753 1740 vado
782 1704 930 1747 statuit,
963 1704 1138 1740 Curtium
1170 1703 1294 1740 lacum
1327 1703 1493 1755 adpella-

366 1772 477 1814 ssrunt.
531 1767 594 1804 Ex
611 1766 714 1804 bello
732 1772 812 1803 tam
830 1767 931 1803 tristi
949 1765 1037 1803 laeta
1056 1774 1210 1817 repente
1235 1779 1310 1818 pax
1329 1767 1492 1804 cariores

377 1831 537 1870 Sabinas
555 1832 644 1868 viris
678 1843 722 1868 ac
747 1830 982 1883 parentibuS‚
1003 1837 1041 1868 et
1066 1837 1155 1868 ante
1172 1843 1303 1868 omnes
1322 1830 1493 1869 Romulo

375 1896 462 1946 ipsi,
482 1895 586 1933 fecit.
626 1895 776 1945 Itaque,
796 1907 912 1945 quum
931 1895 1114 1947 populum
1131 1896 1172 1932 in
1192 1895 1314 1932 curias
1334 1895 1494 1944 triginta

374 1959 573 2003 divideret,
601 1960 759 1996 nomina
786 1971 915 1996 earum
943 1960 1055 1996 curiis
1089 1959 1282 2011 imposuit.
1339 1958 1385 1995 Id
1412 1971 1492 1996 non

374 2024 551 2069 traditur,
571 2036 687 2074 quum
705 2023 807 2060 haud
825 2023 938 2061 dubie
956 2023 1152 2074 aliquanto
1171 2036 1348 2061 numerus
1369 2022 1493 2075 major

373 2087 449 2139 hoc
467 2087 668 2124 mulierum
692 2087 820 2131 fuerit,
842 2094 966 2132 aetate,
987 2101 1035 2125 an
1064 2088 1314 2138 dignitatibus
1343 2088 1419 2124 suis
1435 2088 1492 2124 vi-

374 2164 563 2196 rorumve,
595 2165 643 2189 an
680 2158 782 2189 sorte
813 2151 921 2188 lectae
953 2153 1042 2196 sint,
1073 2165 1155 2202 quae
1189 2152 1346 2189 nomina
1374 2152 1490 2189 curiis

374 2215 520 2254 darent.
575 2215 723 2254 Eodem
750 2223 921 2267 tempore
950 2223 988 2254 ct
1017 2216 1195 2253 centuriae
1220 2223 1295 2253 tres
1322 2217 1492 2266 equitum

374 2280 600 2334 conscriptae
628 2287 731 2327 sunt,
759 2279 996 2321 Ramnenses
1033 2280 1080 2321 ab
1110 2280 1292 2326 Romulo,
1322 2280 1371 2319 ab
1398 2279 1491 2318 Tito
