1573 2598
419 169 576 201 LIBER
600 169 658 200 11.
691 169 798 199 cAP.
823 168 906 198 111.
1161 169 1214 211 91

104 266 163 296 tus
193 272 240 296 ex
267 258 596 297 senatusconsulto
622 257 668 294 ad
696 255 878 308 populum
896 255 1062 300 tulit,·ut
1084 269 1214 293 omnes
1227 255 1270 328 ἕ.
1281 256 1323 328 g
1336 262 1434 333 ⁵237ss

100 321 317 371 Tarquiniae
343 323 465 371 gentis
485 320 630 358 exsules
652 326 801 356 essent:
835 319 1020 368 collegam
1047 317 1119 354 sibi
1148 331 1213 353 co·
1225 341 1392 371 sufficitur

98 386 214 423 mitiis
237 386 455 423 centuriatis
482 385 621 423 creavit
646 384 690 422 P.
709 384 916 430 Valerium,
938 398 1014 435 quo
1039 383 1213 435 adjutore
1224 383 1259 415 P·
1272 384 1430 416 Valerius.

96 463 201 501 reges
222 451 394 503 ejecerat.

147 518 223 555 111.
253 519 381 557 Quum
409 516 510 554 haud
533 516 709 566 cuiquam
728 516 767 553 in
792 515 910 553 dubio
931 523 1044 561 esset,
1063 516 1221 555 bellum·

96 584 144 622 ab
163 584 379 634 Tarquiniis
398 584 597 628 inminere,
619 583 659 620 id
680 583 832 633 quidem
858 595 924 634 spe
947 583 1118 620 omnium
1147 595 1218 620 sem

94 650 171 685 rius
191 649 264 685 fuit
283 664 291 685 z
323 655 506 692 ceterum,
527 648 565 685 id
590 648 692 698 quod
720 661 800 685 non
828 647 1030 691 timebant,
1052 660 1119 698 per
1137 647 1217 684 doe·

92 712 172 749 lum
187 725 230 749 ac
249 712 506 763 proditionem
524 725 645 764 prope
662 712 817 750 libertas
838 713 977 750 amissa
991 719 1060 750 est.
1080 712 1216 749 Erant:

93 776 133 813 in
148 776 325 813 Romana
333 776 537 827 juventute
556 776 816 815 adolescentes
835 776 995 826 aliquot,
1011 788 1081 813 nec
1101 777 1128 812 ii
1146 782 1215 812 te-’

91 833 168 877 nui
182 841 267 877 loco
288 842 376 885 orti,
397 855 557 890 quorum
588 842 627 878 in
655 854 776 890 regno
799 840 918 877 libido
939 839 1101 876 solutior
1119 839 1214 876 fue-5

91 911 163 947 rat,
196 905 355 954 aequales
385 904 608 954 sodalesque
645 905 943 942 adolescent-ium
971 904 1213 953 Tarquinio-c

93 980 190 1012 rum,
213 969 359 1005 adsueti
388 982 494 1006 more
518 970 625 1018 regio
644 970 780 1006 vivere.
835 969 933 1005 Eam
958 974 1054 1011 tum,
1076 980 1201 1016 aequa-

87 1037 131 1067 to
161 1031 250 1082 jure
280 1033 464 1075 omnium,
494 1032 688 1069 licentiam
721 1038 946 1081 quaerentes,
983 1030 1200 1069 libertatem

86 1095 247 1132 aliorum
276 1097 315 1132 in
344 1109 450 1133 suam
468 1097 624 1132 vertisse
653 1097 873 1133 servitutem
901 1097 1001 1132 inter
1037 1107 1076 1131 se
1105 1107 1211 1131 con--

85 1160 350 1209 querebantur.
407 1161 542 1208 Regem
570 1161 745 1197 hominem
772 1173 854 1204 esse,
882 1174 905 1197 a
932 1173 1000 1208 quo
1029 1161 1206 1208 inpetres,-

82 1226 140 1261 ubi
150 1224 225 1271 jus,
245 1225 304 1261 ubi
323 1224 453 1271 injuria
471 1238 557 1273 opus
573 1227 640 1261 sit:
670 1237 739 1260 esse
755 1227 884 1272 gratiae
903 1225 1031 1266 locam,
1052 1235 1122 1259 esse
1139 1224 1210 1259 be-i‘

80 1290 202 1339 πςᾶοἱο
213 1307 226 1333 ,-
255 1294 289 1326 et
311 1291 418 1326 irasci
442 1295 477 1325 et
499 1291 675 1337 ignoscere
695 1301 797 1338 posse
813 1305 825 1325 :
854 1290 947 1324 inter
964 1289 1119 1325 amicum
1136 1293 1208 1324 ατ·-

80 1366 145 1402 que
164 1355 343 1390 inimicum
363 1355 548 1390 discrimen
566 1366 672 1390 nosse.
730 1353 842 1401 Leges
863 1365 937 1389 rem
957 1354 1116 1396 surdam,
1139 1354 1194 1388 in-

77 1419 288 1455 exorabilem
315 1430 396 1461 esse,
419 1418 648 1454 salubriorem
675 1419 921 1466 melioremque
948 1419 1059 1466 inopi,
1087 1429 1196 1465 quam

71 1484 236 1532 potenti:
264 1484 356 1519 nihil
384 1484 575 1520 laxamenti
601 1496 664 1520 nec
690 1485 798 1520 veniae
825 1483 964 1525 habere,
991 1484 1024 1518 si
1049 1483 1195 1518 modum.

75 1549 282 1584 excesseris:
308 1549 545 1596 periculosum
572 1560 653 1591 esse,
684 1550 721 1584 in
750 1552 802 1584 tot
830 1548 992 1583 humanis
1019 1546 1193 1582 erroribus

73 1613 151 1649 sola
178 1614 378 1649 innocentia
404 1614 529 1649 vivere.
585 1612 660 1656 Ita,
688 1611 773 1662 jam
805 1624 871 1648 sua
907 1617 1043 1661 sponte
1081 1609 1390 1659 aegrisConjuratio

75 1677 224 1718 animis,
250 1675 367 1724 legati
397 1675 444 1712 ab
473 1676 624 1725 regibus
656 1676 939 1726 superveniunt,
971 1675 1052 1710 sine
1079 1687 1186 1710 men·
1198 1655 1394 1733 ἓξνὲἓξξέξὶ

73 1740 179 1775 tione
199 1739 339 1774 reditus
358 1738 461 1775 bona
479 1745 630 1776 tantum
655 1745 881 1789 repetenteS.
937 1738 1083 1775 Eorum
1101 1751 1185 1774 ver-

73 1801 123 1838 ba
141 1809 343 1853 postquam
363 1804 401 1839 in
422 1809 556 1839 senatu
575 1804 705 1839 audita
723 1809 826 1846 sunt,
847 1815 914 1853 per
933 1801 1079 1852 aliquot
1104 1802 1183 1839 dies
1232 1846 1238 1850 Ι

73 1880 117 1903 ea
137 1867 368 1903 consultatio
387 1868 512 1904 tenuit
529 1882 536 1904 ε
568 1881 617 1904 ne
634 1880 714 1904 non
734 1868 892 1911 reddita,
913 1866 1004 1904 belli
1024 1879 1156 1903 caussa
1168 1883 1180 1913 ς

69 1931 228 1974 reddita,
258 1931 347 1967 belli
376 1933 534 1968 materia
564 1938 602 1968 et
631 1931 894 1982 adjumentum
920 1937 1056 1968 essent.
1114 1931 1180 1968 In-

67 1994 180 2030 terim
202 1994 318 2043 legati
339 1995 402 2032 alii
425 1995 499 2032 alia
520 1995 660 2039 moliri,
681 2002 809 2046 aperte
826 1995 929 2031 bona
950 2001 1178 2045 repetentes,

68 2056 165 2094 clam
197 2059 440 2108 recuperandi
474 2060 582 2108 regni
612 2059 771 2095 consilia
798 2065 964 2095 struere:
997 2065 1048 2102 et,
1082 2065 1180 2096 tam-

67 2133 181 2169 quam
209 2121 256 2157 ad
284 2122 335 2164 id,
366 2122 467 2171 quod
496 2123 558 2171 agi
586 2123 798 2166 videbatur,
828 2123 1037 2160 ambientes
1066 2124 1179 2160 nobi-

67 2183 159 2220 lium
196 2184 492 2222 adolescentium
529 2187 675 2223 animos
712 2193 956 2237 pertentant:
990 2201 1012 2224 a
1040 2188 1177 2236 quibus

68 2247 215 2300 placide
235 2250 359 2286 oratio
383 2257 538 2302 accepta
561 2257 630 2295 est,
652 2251 710 2288 his
740 2251 866 2289 literas
895 2252 940 2289 ab
961 2252 1184 2302 Tarquiniis
