1573 2598
361 142 516 172 unna
538 141 658 177 vru.
689 139 797 170 car.
820 139 967 170 xxxx,
1140 135 1223 183 573

99 233 230 276 tionis,
260 244 467 270 memorem
488 231 644 276 videret,
673 230 808 268 nudari
831 229 959 282 jubet,
980 227 1317 279 verberaqueuc
1332 239 1410 269 429.

100 297 250 334 adferri.
300 297 450 336 Quibus
470 295 655 334 laceratus
672 294 840 347 juveniS,
863 308 977 344 quum
997 307 1036 330 se
1056 295 1094 331 in
1116 277 1316 344 pub-A'C·
1332 283 1412 312 ³²³⁸

98 359 213 398 licum
242 361 505 412 proripuisset,
529 360 726 398 libidinem
755 359 1091 409 crudelitatemque
1119 371 1213 396 con-

97 437 257 475 querens
291 424 531 462 foeneratoris
548 441 560 471 ;
597 426 732 475 ingens
762 426 818 461 vis
850 424 1065 468 hominum,
1095 436 1213 473 quum

97 490 219 527 aetati‘s
239 491 483 528 miseratione
502 497 616 540 atque
643 490 870 539 indignitate
898 489 1047 539 injuriae
1075 500 1212 525 accen-

95 565 152 598 sa,
181 560 263 591 tum
283 567 360 592 suae
381 555 609 593 conditionis
630 554 868 604 liberumque
887 565 1042 590 suorum
1061 565 1211 603 respec-

94 624 138 655 tu
155 619 197 655 in
215 619 341 657 forum
358 636 369 667 ;
401 626 516 671 atque
535 620 636 663 inde,
659 620 810 669 agmine
839 617 957 662 facto,
987 618 1036 655 ad
1064 618 1208 655 curiam

93 684 313 721 concurrit:
354 690 393 721 et
429 697 544 733 quum
581 683 771 727 consules,
809 681 976 719 tumultu
1009 682 1211 733 repentino

92 747 232 789 coacti,
262 754 436 783 senatum
458 753 654 790 vocarent,
684 745 967 783 introeuntibus
996 746 1037 782 in
1066 747 1211 782 curiam

91 809 270 847 Patribus
299 810 507 848 laceratum
536 810 689 862 juvenis
718 818 883 860 tergum,
914 810 1208 861 procumbentes

94 875 142 911 ad
161 874 398 924 singulorum
419 877 548 926 pedes,
569 875 831 913 ostentabant.
887 876 1043 912 Victum
1072 887 1119 911 eo
1148 875 1209 911 die

93 937 144 974 ob
174 939 413 989 inpotentem
441 939 619 989 injuriam
648 940 760 975 unius
790 939 924 988 ingens
944 938 1137 975 vinculum
1163 938 1208 976 fi-

93 1001 180 1038 dei:
205 1001 380 1053 jussique
409 1003 583 1040 consules
612 1003 711 1040 ferre
739 1003 788 1040 ad
815 1002 1013 1054 populum,
1040 1016 1089 1039 ne
1109 1003 1207 1052 quis,

92 1066 167 1103 nisi
186 1068 251 1116 qui
279 1080 420 1104 noxam
449 1068 662 1112 meruisset,
689 1068 809 1105 donec
832 1081 988 1118 poenam
1012 1068 1146 1111 lueret,
1167 1068 1209 1103 in

91 1131 336 1182 compedibus
366 1140 433 1169 aut
460 1133 500 1170 in
529 1145 646 1169 nervo
674 1139 890 1170 teneretur:
926 1133 1096 1184 pecuniae
1125 1145 1207 1168 cre-

91 1195 179 1233 ditae
206 1195 310 1233 bona
338 1197 535 1241 debitoris,
565 1211 644 1234 non
673 1211 826 1248 corpus,
857 1197 1068 1234 obnoxium
1094 1202 1206 1234 esset.

90 1259 152 1296 Ita
170 1262 259 1298 nexi
279 1261 394 1299 soluti
410 1279 420 1309 3
454 1268 681 1313 cautumque
707 1263 747 1299 in
771 1269 982 1314 posterum,
1008 1275 1057 1299 ne
1075 1267 1205 1299 necte·
1216 1249 1424 1326 ἓξὲἐὲξέῑιζ.

89 1331 232 1362 rentur.
1216 1316 1282 1378 que
1294 1347 1335 1368 ne
1348 1347 1424 1370 nec-

142 1388 302 1426 XXIX.
331 1389 479 1427 Eodem
507 1404 624 1435 anno,
654 1403 771 1441 quum
799 1391 891 1428 satis
917 1404 985 1442 per
1013 1403 1053 1427 se
1079 1390 1205 1441 ipsum
1216 1387 1369 1432 memus·

91 1452 318 1489 Samnitium
347 1453 488 1490 bellum
517 1461 555 1490 et
583 1454 748 1491 defectio
777 1467 910 1504 repens
939 1455 1202 1498 Lucanorum,

89 1523 338 1566 auctoresque
354 1517 577 1554 defectionis
593 1518 795 1554 Tarentini
812 1518 995 1555 sollicitos
1015 1518 1203 1555 haberent

86 1579 234 1624 Patres,
256 1582 428 1624 accessit,
449 1589 492 1618 ut
511 1588 549 1617 ct
567 1583 749 1618 Vestinus
779 1582 941 1632 populus
966 1582 1201 1618 Samnitibus

86 1657 168 1681 sese
195 1645 459 1695 conjungeret.
515 1647 612 1686 Quae
632 1659 690 1683 res
710 1647 808 1683 sicut
827 1659 873 1683 eo
893 1659 995 1683 anno
1014 1648 1200 1683 sermoni-

86 1709 156 1746 bus
187 1711 308 1758 magis
334 1711 474 1760 passim
495 1711 696 1748 hominum
717 1711 879 1761 jactata,
902 1724 1015 1761 quam
1040 1713 1080 1748 in
1102 1711 1200 1762 pub-

85 1773 160 1810 lico
181 1773 258 1810 ullo
278 1774 441 1812 concilio
461 1782 518 1812 est
532 1792 541 1820 ς
574 1777 629 1812 ita
654 1777 887 1825 insequentis
915 1777 1006 1813 anni
1032 1776 1200 1813 consuli-

84 1837 170 1882 bus,
196 1838 244 1876 L.
262 1838 379 1876 Furio
401 1839 563 1876 Camillo
584 1841 734 1884 iterum,
755 1840 780 1877 J
785 1841 875 1877 unio
894 1841 1019 1878 Bruto
1042 1841 1194 1885 Scaevae,
1209 1845 1301 1878 U.C.
1318 1853 1394 1882 430.

84 1902 190 1940 nulla
217 1903 321 1953 prior
349 1905 551 1953 potiorque
580 1905 660 1942 visa
687 1912 758 1948 est,
783 1906 829 1943 de
848 1918 923 1956 qua
949 1906 996 1942 ad
1022 1890 1248 1944 senatumA·
1264 1891 1382 1925 0¹⁰²²

83 1967 287 2004 referrent:
310 1975 362 2011 et,
384 1982 612 2020 quamquam
627 1983 728 2006 nova
745 1982 804 2007 res
825 1977 919 2014 erat,
940 1976 1068 2007 tamen
1087 1977 1197 2009 tanta

83 2043 172 2068 cura
188 2031 322 2077 fatres
344 2033 511 2077 incessit,
541 2040 581 2070 ut
606 2035 749 2085 pariter
765 2047 849 2071 eam
868 2041 1082 2085 susceptam
1101 2048 1196 2085 neg·

80 2093 293 2144 lectamque
321 2097 521 2133 timerent:
554 2111 603 2134 ne
627 2104 694 2134 aut
718 2099 912 2148 inpunitas
933 2111 1064 2135 eorum
1082 2098 1195 2136 lasci-

81 2159 143 2194 via
161 2158 423 2209 superbiaque,
443 2169 508 2198 aut
527 2162 628 2199 bello
648 2175 771 2212 poenae
789 2164 964 2214 expetitae
981 2170 1086 2200 metu
1104 2177 1194 2215 pro-

81 2222 225 2273 pinquo
254 2229 367 2275 atque
395 2226 452 2262 ira
479 2228 675 2263 concirent
702 2227 883 2264 finitimos
910 2227 1085 2278 populos.
1141 2229 1194 2267 Et

82 2292 164 2323 erat
199 2299 318 2335 genus
356 2301 470 2326 omne
505 2291 656 2328 abunde
692 2290 794 2329 bello
839 2292 1072 2330 Samnitibus
1109 2306 1191 2345 par,
