<?xml version="1.0" encoding="UTF-8"?>
<!DOCTYPE html PUBLIC "-//W3C//DTD XHTML 1.0 Transitional//EN"
    "http://www.w3.org/TR/xhtml1/DTD/xhtml1-transitional.dtd">
<html xmlns="http://www.w3.org/1999/xhtml" xml:lang="en" lang="en">
 <head>
  <title>
</title>
<meta http-equiv="Content-Type" content="text/html;charset=utf-8" />
  <meta name='ocr-system' content='tesseract 3.04.00' />
  <meta name='ocr-capabilities' content='ocr_page ocr_carea ocr_par ocr_line ocrx_word'/>
</head>
<body>
  <div class='ocr_page' id='page_1' title='image "./historiarumquaes01livyuoft/historiarumquaes01livyuoft_0350.png"; bbox 0 0 1573 2598; ppageno 0'>
   <div class='ocr_carea' id='block_1_1' title="bbox 334 204 999 250">
    <p class='ocr_par' dir='ltr' id='par_1_1' title="bbox 334 204 999 250">
     <span class='ocr_line' id='line_1_1' title="bbox 334 204 999 250; baseline 0 -14"><span class='ocrx_word' id='word_1_1' title='bbox 334 204 424 250; x_wconf 79' lang='lat'>334</span> <span class='ocrx_word' id='word_1_2' title='bbox 794 206 841 236; x_wconf 76' lang='lat' dir='ltr'>T.</span> <span class='ocrx_word' id='word_1_3' title='bbox 866 206 999 236; x_wconf 77' lang='lat' dir='ltr'>mvn</span> 
     </span>
    </p>
   </div>
   <div class='ocr_carea' id='block_1_2' title="bbox 113 293 1457 2394">
    <p class='ocr_par' dir='ltr' id='par_1_2' title="bbox 113 293 1457 1691">
     <span class='ocr_line' id='line_1_2' title="bbox 333 293 1455 343; baseline 0.004 -13"><span class='ocrx_word' id='word_1_4' title='bbox 333 297 455 343; x_wconf 80' lang='lat' dir='ltr'>prima</span> <span class='ocrx_word' id='word_1_5' title='bbox 472 295 597 331; x_wconf 79' lang='lat' dir='ltr'>melius</span> <span class='ocrx_word' id='word_1_6' title='bbox 600 293 730 343; x_wconf 80' lang='lat' dir='ltr'>fuisse,</span> <span class='ocrx_word' id='word_1_7' title='bbox 744 307 851 342; x_wconf 83' lang='lat' dir='ltr'>quam</span> <span class='ocrx_word' id='word_1_8' title='bbox 866 307 930 331; x_wconf 82' lang='lat' dir='ltr'>usu</span> <span class='ocrx_word' id='word_1_9' title='bbox 947 296 1210 343; x_wconf 78' lang='lat' dir='ltr'>adpariturum.</span> <span class='ocrx_word' id='word_1_10' title='bbox 1245 297 1347 333; x_wconf 84' lang='lat' dir='ltr'><em>Unde</em></span> <span class='ocrx_word' id='word_1_11' title='bbox 1362 298 1455 334; x_wconf 71' lang='lat' dir='ltr'>enim</span> 
     </span>
     <span class='ocr_line' id='line_1_3' title="bbox 335 357 1457 407; baseline 0.003 -13"><span class='ocrx_word' id='word_1_12' title='bbox 335 371 415 394; x_wconf 83' lang='lat' dir='ltr'>eam</span> <span class='ocrx_word' id='word_1_13' title='bbox 430 360 620 406; x_wconf 75' lang='lat' dir='ltr'>pecuniam</span> <span class='ocrx_word' id='word_1_14' title='bbox 638 357 760 406; x_wconf 72' lang='lat' dir='ltr'>confici</span> <span class='ocrx_word' id='word_1_15' title='bbox 774 370 886 405; x_wconf 81' lang='lat' dir='ltr'>posse,</span> <span class='ocrx_word' id='word_1_16' title='bbox 906 359 975 393; x_wconf 74' lang='lat' dir='ltr'>nisi</span> <span class='ocrx_word' id='word_1_17' title='bbox 994 358 1123 394; x_wconf 79' lang='lat' dir='ltr'>tributo</span> <span class='ocrx_word' id='word_1_18' title='bbox 1139 360 1273 407; x_wconf 81' lang='lat' dir='ltr'>populo</span> <span class='ocrx_word' id='word_1_19' title='bbox 1290 361 1422 396; x_wconf 78' lang='lat' dir='ltr'>indicto</span> <span class='ocrx_word' id='word_1_20' title='bbox 1435 362 1457 396; x_wconf 72' lang='grc'>,9</span> 
     </span>
     <span class='ocr_line' id='line_1_4' title="bbox 335 423 1455 471; baseline 0 -10"><span class='ocrx_word' id='word_1_21' title='bbox 335 437 378 462; x_wconf 79' lang='lat' dir='ltr'>eoe</span> <span class='ocrx_word' id='word_1_22' title='bbox 395 426 511 461; x_wconf 71' lang='lat' dir='ltr'>alieno</span> <span class='ocrx_word' id='word_1_23' title='bbox 528 425 640 471; x_wconf 77' lang='lat' dir='ltr'>igitar</span> <span class='ocrx_word' id='word_1_24' title='bbox 661 423 743 458; x_wconf 80' lang='lat' dir='ltr'>aliis</span> <span class='ocrx_word' id='word_1_25' title='bbox 767 424 942 471; x_wconf 77' lang='lat' dir='ltr'>largitos:</span> <span class='ocrx_word' id='word_1_26' title='bbox 970 435 1094 471; x_wconf 80' lang='lat' dir='ltr'>neque,</span> <span class='ocrx_word' id='word_1_27' title='bbox 1114 424 1154 459; x_wconf 82' lang='lat' dir='ltr'>id</span> <span class='ocrx_word' id='word_1_28' title='bbox 1182 426 1322 460; x_wconf 68' lang='lat' dir='ltr'>etiamsi</span> <span class='ocrx_word' id='word_1_29' title='bbox 1349 426 1455 461; x_wconf 74' lang='lat' dir='ltr'>ceteri</span> 
     </span>
     <span class='ocr_line' id='line_1_5' title="bbox 326 485 1453 539; baseline 0 -15"><span class='ocrx_word' id='word_1_30' title='bbox 326 488 468 539; x_wconf 78' lang='lat' dir='ltr'>ferant,</span> <span class='ocrx_word' id='word_1_31' title='bbox 491 499 658 536; x_wconf 81' lang='lat' dir='ltr'>passuros</span> <span class='ocrx_word' id='word_1_32' title='bbox 684 498 753 528; x_wconf 82' lang='lat' dir='ltr'>eos,</span> <span class='ocrx_word' id='word_1_33' title='bbox 774 487 896 534; x_wconf 74' lang='lat' dir='ltr'>quibus</span> <span class='ocrx_word' id='word_1_34' title='bbox 913 485 995 533; x_wconf 82' lang='lat' dir='ltr'>jam</span> <span class='ocrx_word' id='word_1_35' title='bbox 1022 488 1170 522; x_wconf 83' lang='lat' dir='ltr'>emerita</span> <span class='ocrx_word' id='word_1_36' title='bbox 1197 489 1375 535; x_wconf 77' lang='lat' dir='ltr'>stipendia</span> <span class='ocrx_word' id='word_1_37' title='bbox 1402 500 1453 524; x_wconf 75' lang='lat' dir='ltr'>es—</span> 
     </span>
     <span class='ocr_line' id='line_1_6' title="bbox 334 551 1455 598; baseline -0.001 -10"><span class='ocrx_word' id='word_1_38' title='bbox 334 557 424 594; x_wconf 72' lang='lat' dir='ltr'>sent,</span> <span class='ocrx_word' id='word_1_39' title='bbox 444 552 588 588; x_wconf 80' lang='lat' dir='ltr'>meliore</span> <span class='ocrx_word' id='word_1_40' title='bbox 606 551 804 586; x_wconf 75' lang='lat' dir='ltr'>conditione</span> <span class='ocrx_word' id='word_1_41' title='bbox 831 551 919 585; x_wconf 78' lang='lat' dir='ltr'>alios</span> <span class='ocrx_word' id='word_1_42' title='bbox 946 551 1117 592; x_wconf 81' lang='lat' dir='ltr'>militare,</span> <span class='ocrx_word' id='word_1_43' title='bbox 1139 563 1245 598; x_wconf 85' lang='lat' dir='ltr'><em>quam</em></span> <span class='ocrx_word' id='word_1_44' title='bbox 1264 552 1332 598; x_wconf 77' lang='lat' dir='ltr'>ipsi</span> <span class='ocrx_word' id='word_1_45' title='bbox 1358 553 1455 588; x_wconf 70' lang='lat' dir='ltr'>mili-</span> 
     </span>
     <span class='ocr_line' id='line_1_7' title="bbox 336 614 1455 663; baseline -0.001 -11"><span class='ocrx_word' id='word_1_46' title='bbox 336 621 468 652; x_wconf 80' lang='lat' dir='ltr'>tassent</span> <span class='ocrx_word' id='word_1_47' title='bbox 481 633 493 660; x_wconf 84' lang='lat'>,-</span> <span class='ocrx_word' id='word_1_48' title='bbox 522 620 557 651; x_wconf 81' lang='lat' dir='ltr'>et</span> <span class='ocrx_word' id='word_1_49' title='bbox 575 616 710 650; x_wconf 80' lang='lat' dir='ltr'>eosdem</span> <span class='ocrx_word' id='word_1_50' title='bbox 730 616 767 650; x_wconf 76' lang='lat' dir='ltr'>in</span> <span class='ocrx_word' id='word_1_51' title='bbox 787 627 852 650; x_wconf 80' lang='lat' dir='ltr'>sua</span> <span class='ocrx_word' id='word_1_52' title='bbox 873 615 1051 662; x_wconf 76' lang='lat' dir='ltr'>stipendia</span> <span class='ocrx_word' id='word_1_53' title='bbox 1077 616 1240 663; x_wconf 74' lang='lat' dir='ltr'>inpensas</span> <span class='ocrx_word' id='word_1_54' title='bbox 1255 614 1400 663; x_wconf 77' lang='lat' dir='ltr'>fecisse,</span> <span class='ocrx_word' id='word_1_55' title='bbox 1420 620 1455 651; x_wconf 72' lang='lat' dir='ltr'>et</span> 
     </span>
     <span class='ocr_line' id='line_1_8' title="bbox 333 678 1452 728; baseline -0.002 -11"><span class='ocrx_word' id='word_1_56' title='bbox 333 683 371 717; x_wconf 82' lang='lat' dir='ltr'>in</span> <span class='ocrx_word' id='word_1_57' title='bbox 408 682 559 716; x_wconf 72' lang='lat' dir='ltr'>aliorum</span> <span class='ocrx_word' id='word_1_58' title='bbox 586 679 725 728; x_wconf 80' lang='lat' dir='ltr'>facere.</span> <span class='ocrx_word' id='word_1_59' title='bbox 781 678 855 714; x_wconf 86' lang='lat' dir='ltr'>His</span> <span class='ocrx_word' id='word_1_60' title='bbox 885 678 1039 714; x_wconf 88' lang='lat' dir='ltr'>vocibus</span> <span class='ocrx_word' id='word_1_61' title='bbox 1073 684 1274 714; x_wconf 83' lang='lat' dir='ltr'>moverunt</span> <span class='ocrx_word' id='word_1_62' title='bbox 1308 685 1452 728; x_wconf 80' lang='lat' dir='ltr'>partem</span> 
     </span>
     <span class='ocr_line' id='line_1_9' title="bbox 113 738 1453 795; baseline -0.001 -15"><span class='ocrx_word' id='word_1_63' title='bbox 113 738 292 789; x_wconf 58' lang='lat' dir='ltr'>&#39;J&#39;fspmum</span> <span class='ocrx_word' id='word_1_64' title='bbox 333 744 477 795; x_wconf 89' lang='lat' dir='ltr'>plebis:</span> <span class='ocrx_word' id='word_1_65' title='bbox 510 750 718 794; x_wconf 86' lang='lat' dir='ltr'>postremo,</span> <span class='ocrx_word' id='word_1_66' title='bbox 740 743 882 779; x_wconf 91' lang='lat' dir='ltr'>indicto</span> <span class='ocrx_word' id='word_1_67' title='bbox 895 742 978 792; x_wconf 87' lang='lat' dir='ltr'>jam</span> <span class='ocrx_word' id='word_1_68' title='bbox 997 741 1158 785; x_wconf 83' lang='lat' dir='ltr'>tributo,</span> <span class='ocrx_word' id='word_1_69' title='bbox 1180 743 1378 778; x_wconf 71' lang='lat' dir='ltr'>edixerunt</span> <span class='ocrx_word' id='word_1_70' title='bbox 1397 749 1453 778; x_wconf 88' lang='lat' dir='ltr'>et—</span> 
     </span>
     <span class='ocr_line' id='line_1_10' title="bbox 117 782 1453 854; baseline -0.001 -9"><span class='ocrx_word' id='word_1_71' title='bbox 117 782 290 813; x_wconf 77' lang='lat' dir='ltr'>mdictum.</span> <span class='ocrx_word' id='word_1_72' title='bbox 334 809 410 845; x_wconf 87' lang='lat' dir='ltr'>iam</span> <span class='ocrx_word' id='word_1_73' title='bbox 437 807 595 850; x_wconf 79' lang='lat' dir='ltr'>tribuni,</span> <span class='ocrx_word' id='word_1_74' title='bbox 626 806 767 843; x_wconf 84' lang='lat' dir='ltr'>auxilio</span> <span class='ocrx_word' id='word_1_75' title='bbox 797 819 836 841; x_wconf 90' lang='lat' dir='ltr'>se</span> <span class='ocrx_word' id='word_1_76' title='bbox 864 806 1027 849; x_wconf 85' lang='lat' dir='ltr'>futuros,</span> <span class='ocrx_word' id='word_1_77' title='bbox 1055 806 1083 841; x_wconf 86' lang='lat' dir='ltr'>si</span> <span class='ocrx_word' id='word_1_78' title='bbox 1112 807 1194 854; x_wconf 85' lang='lat' dir='ltr'>quis</span> <span class='ocrx_word' id='word_1_79' title='bbox 1223 806 1262 842; x_wconf 90' lang='lat' dir='ltr'>in</span> <span class='ocrx_word' id='word_1_80' title='bbox 1291 806 1453 843; x_wconf 82' lang='lat' dir='ltr'>militare</span> 
     </span>
     <span class='ocr_line' id='line_1_11' title="bbox 116 869 1451 924; baseline -0.001 -16"><span class='ocrx_word' id='word_1_81' title='bbox 116 874 222 906; x_wconf 84' lang='lat' dir='ltr'>Patres</span> <span class='ocrx_word' id='word_1_82' title='bbox 238 884 316 924; x_wconf 65' lang='lat' dir='ltr'>eon·</span> <span class='ocrx_word' id='word_1_83' title='bbox 335 871 564 923; x_wconf 83' lang='lat' dir='ltr'>stipendium</span> <span class='ocrx_word' id='word_1_84' title='bbox 582 870 766 906; x_wconf 90' lang='lat' dir='ltr'>tributum</span> <span class='ocrx_word' id='word_1_85' title='bbox 795 883 873 906; x_wconf 90' lang='lat' dir='ltr'>non</span> <span class='ocrx_word' id='word_1_86' title='bbox 902 869 1136 907; x_wconf 84' lang='lat' dir='ltr'>contulisset.</span> <span class='ocrx_word' id='word_1_87' title='bbox 1193 870 1326 906; x_wconf 85' lang='lat' dir='ltr'>Patres</span> <span class='ocrx_word' id='word_1_88' title='bbox 1354 870 1451 906; x_wconf 79' lang='lat' dir='ltr'>bene</span> 
     </span>
     <span class='ocr_line' id='line_1_12' title="bbox 115 919 1450 991; baseline -0.001 -19"><span class='ocrx_word' id='word_1_89' title='bbox 115 919 301 991; x_wconf 47' lang='lat' dir='ltr'>{Zffntpn‘</span> <span class='ocrx_word' id='word_1_90' title='bbox 334 942 498 986; x_wconf 82' lang='lat' dir='ltr'>coeptam</span> <span class='ocrx_word' id='word_1_91' title='bbox 517 948 595 971; x_wconf 84' lang='lat' dir='ltr'>rem</span> <span class='ocrx_word' id='word_1_92' title='bbox 615 940 898 984; x_wconf 80' lang='lat' dir='ltr'>perseveranter</span> <span class='ocrx_word' id='word_1_93' title='bbox 919 935 1040 970; x_wconf 78' lang='lat' dir='ltr'>tueri:</span> <span class='ocrx_word' id='word_1_94' title='bbox 1073 934 1246 970; x_wconf 84' lang='lat' dir='ltr'>conferre</span> <span class='ocrx_word' id='word_1_95' title='bbox 1274 935 1346 984; x_wconf 86' lang='lat' dir='ltr'>ipsi</span> <span class='ocrx_word' id='word_1_96' title='bbox 1374 935 1450 984; x_wconf 86' lang='lat' dir='ltr'>pri-</span> 
     </span>
     <span class='ocr_line' id='line_1_13' title="bbox 334 997 1450 1047; baseline -0.001 -13"><span class='ocrx_word' id='word_1_97' title='bbox 334 1000 410 1035; x_wconf 56' lang='lat' dir='ltr'>mi}</span> <span class='ocrx_word' id='word_1_98' title='bbox 439 999 602 1047; x_wconf 69' lang='lat' dir='ltr'>et‚‘qui‘a</span> <span class='ocrx_word' id='word_1_99' title='bbox 630 997 798 1033; x_wconf 79' lang='lat' dir='ltr'>nondum</span> <span class='ocrx_word' id='word_1_100' title='bbox 828 1004 1028 1046; x_wconf 85' lang='lat' dir='ltr'>argentum</span> <span class='ocrx_word' id='word_1_101' title='bbox 1056 998 1248 1046; x_wconf 85' lang='lat' dir='ltr'>signatum</span> <span class='ocrx_word' id='word_1_102' title='bbox 1277 1004 1371 1041; x_wconf 82' lang='lat' dir='ltr'>erat,</span> <span class='ocrx_word' id='word_1_103' title='bbox 1402 1010 1450 1034; x_wconf 80' lang='lat' dir='ltr'>aes</span> 
     </span>
     <span class='ocr_line' id='line_1_14' title="bbox 333 1062 1450 1113; baseline -0.001 -14"><span class='ocrx_word' id='word_1_104' title='bbox 333 1076 447 1112; x_wconf 83' lang='lat' dir='ltr'>grave</span> <span class='ocrx_word' id='word_1_105' title='bbox 466 1062 642 1113; x_wconf 86' lang='lat' dir='ltr'>plaustris</span> <span class='ocrx_word' id='word_1_106' title='bbox 659 1062 808 1110; x_wconf 79' lang='lat' dir='ltr'>quidam</span> <span class='ocrx_word' id='word_1_107' title='bbox 825 1062 872 1098; x_wconf 87' lang='lat' dir='ltr'>ad</span> <span class='ocrx_word' id='word_1_108' title='bbox 888 1062 1061 1098; x_wconf 83' lang='lat' dir='ltr'>aerarium</span> <span class='ocrx_word' id='word_1_109' title='bbox 1080 1062 1348 1105; x_wconf 83' lang='lat' dir='ltr'>convehentes,</span> <span class='ocrx_word' id='word_1_110' title='bbox 1365 1074 1450 1112; x_wconf 87' lang='lat' dir='ltr'>spe·</span> 
     </span>
     <span class='ocr_line' id='line_1_15' title="bbox 333 1127 1449 1168; baseline -0.002 -2"><span class='ocrx_word' id='word_1_111' title='bbox 333 1131 474 1166; x_wconf 86' lang='lat' dir='ltr'>ciosam</span> <span class='ocrx_word' id='word_1_112' title='bbox 493 1129 610 1165; x_wconf 83' lang='lat' dir='ltr'>etiam</span> <span class='ocrx_word' id='word_1_113' title='bbox 630 1128 886 1164; x_wconf 86' lang='lat' dir='ltr'>conlationem</span> <span class='ocrx_word' id='word_1_114' title='bbox 904 1127 1109 1165; x_wconf 77' lang='lat' dir='ltr'><strong>faciebant.</strong></span> <span class='ocrx_word' id='word_1_115' title='bbox 1149 1129 1278 1168; x_wconf 87' lang='lat' dir='ltr'>Quum</span> <span class='ocrx_word' id='word_1_116' title='bbox 1296 1134 1449 1165; x_wconf 78' lang='lat' dir='ltr'>senatus</span> 
     </span>
     <span class='ocr_line' id='line_1_16' title="bbox 332 1192 1450 1242; baseline -0.001 -13"><span class='ocrx_word' id='word_1_117' title='bbox 332 1206 480 1229; x_wconf 82' lang='lat' dir='ltr'>summa</span> <span class='ocrx_word' id='word_1_118' title='bbox 511 1192 584 1228; x_wconf 78' lang='lat' dir='ltr'>fide</span> <span class='ocrx_word' id='word_1_119' title='bbox 614 1204 660 1227; x_wconf 91' lang='lat' dir='ltr'>ex</span> <span class='ocrx_word' id='word_1_120' title='bbox 688 1204 805 1228; x_wconf 88' lang='lat' dir='ltr'>censu</span> <span class='ocrx_word' id='word_1_121' title='bbox 835 1192 1070 1235; x_wconf 84' lang='lat' dir='ltr'>contulisset,</span> <span class='ocrx_word' id='word_1_122' title='bbox 1102 1193 1284 1242; x_wconf 84' lang='lat' dir='ltr'>primores</span> <span class='ocrx_word' id='word_1_123' title='bbox 1314 1192 1450 1242; x_wconf 77' lang='lat' dir='ltr'>plebis,</span> 
     </span>
     <span class='ocr_line' id='line_1_17' title="bbox 333 1256 1446 1306; baseline -0.001 -13"><span class='ocrx_word' id='word_1_124' title='bbox 333 1257 520 1294; x_wconf 86' lang='lat' dir='ltr'>nobilium</span> <span class='ocrx_word' id='word_1_125' title='bbox 557 1256 682 1299; x_wconf 86' lang='lat' dir='ltr'>amici,</span> <span class='ocrx_word' id='word_1_126' title='bbox 714 1269 760 1292; x_wconf 89' lang='lat' dir='ltr'>ex</span> <span class='ocrx_word' id='word_1_127' title='bbox 789 1257 1002 1306; x_wconf 86' lang='lat' dir='ltr'>composito</span> <span class='ocrx_word' id='word_1_128' title='bbox 1033 1257 1204 1293; x_wconf 85' lang='lat' dir='ltr'>conferre</span> <span class='ocrx_word' id='word_1_129' title='bbox 1236 1257 1446 1306; x_wconf 88' lang='lat' dir='ltr'>incipiunt:</span> 
     </span>
     <span class='ocr_line' id='line_1_18' title="bbox 162 1320 1450 1370; baseline -0.002 -11"><span class='ocrx_word' id='word_1_130' title='bbox 162 1327 255 1360; x_wconf 86' lang='lat' dir='ltr'>Plebs</span> <span class='ocrx_word' id='word_1_131' title='bbox 270 1336 319 1357; x_wconf 87' lang='lat' dir='ltr'>se-</span> <span class='ocrx_word' id='word_1_132' title='bbox 333 1333 427 1370; x_wconf 86' lang='lat' dir='ltr'>quos</span> <span class='ocrx_word' id='word_1_133' title='bbox 457 1333 572 1370; x_wconf 89' lang='lat' dir='ltr'>quum</span> <span class='ocrx_word' id='word_1_134' title='bbox 601 1326 639 1356; x_wconf 87' lang='lat' dir='ltr'>et</span> <span class='ocrx_word' id='word_1_135' title='bbox 667 1333 690 1356; x_wconf 89' lang='lat' dir='ltr'>a</span> <span class='ocrx_word' id='word_1_136' title='bbox 718 1320 894 1356; x_wconf 89' lang='lat' dir='ltr'>Patribus</span> <span class='ocrx_word' id='word_1_137' title='bbox 924 1320 1157 1364; x_wconf 85' lang='lat' dir='ltr'>conlaudari,</span> <span class='ocrx_word' id='word_1_138' title='bbox 1178 1326 1215 1356; x_wconf 91' lang='lat' dir='ltr'>et</span> <span class='ocrx_word' id='word_1_139' title='bbox 1245 1333 1268 1356; x_wconf 90' lang='lat' dir='ltr'>a</span> <span class='ocrx_word' id='word_1_140' title='bbox 1295 1320 1450 1356; x_wconf 87' lang='lat' dir='ltr'>militari</span> 
     </span>
     <span class='ocr_line' id='line_1_19' title="bbox 157 1372 1450 1435; baseline 0 -14"><span class='ocrx_word' id='word_1_141' title='bbox 157 1372 278 1413; x_wconf 48' lang='lat' dir='ltr'>quum·</span> <span class='ocrx_word' id='word_1_142' title='bbox 334 1391 446 1422; x_wconf 80' lang='lat' dir='ltr'>aetate</span> <span class='ocrx_word' id='word_1_143' title='bbox 473 1391 666 1434; x_wconf 82' lang='lat' dir='ltr'>tamquam</span> <span class='ocrx_word' id='word_1_144' title='bbox 694 1385 816 1421; x_wconf 90' lang='lat' dir='ltr'>bonos</span> <span class='ocrx_word' id='word_1_145' title='bbox 846 1385 944 1421; x_wconf 88' lang='lat' dir='ltr'>cives</span> <span class='ocrx_word' id='word_1_146' title='bbox 975 1386 1142 1435; x_wconf 87' lang='lat' dir='ltr'>conspici</span> <span class='ocrx_word' id='word_1_147' title='bbox 1162 1385 1295 1434; x_wconf 87' lang='lat' dir='ltr'>vulgus</span> <span class='ocrx_word' id='word_1_148' title='bbox 1324 1385 1450 1421; x_wconf 53' lang='lat' dir='ltr'>homi*</span> 
     </span>
     <span class='ocr_line' id='line_1_20' title="bbox 330 1449 1448 1499; baseline 0 -14"><span class='ocrx_word' id='word_1_149' title='bbox 330 1462 421 1486; x_wconf 88' lang='lat' dir='ltr'>num</span> <span class='ocrx_word' id='word_1_150' title='bbox 441 1450 548 1493; x_wconf 85' lang='lat' dir='ltr'>vidit,</span> <span class='ocrx_word' id='word_1_151' title='bbox 570 1455 739 1498; x_wconf 86' lang='lat' dir='ltr'>repente,</span> <span class='ocrx_word' id='word_1_152' title='bbox 760 1455 888 1499; x_wconf 89' lang='lat' dir='ltr'>spreto</span> <span class='ocrx_word' id='word_1_153' title='bbox 914 1449 1119 1485; x_wconf 85' lang='lat' dir='ltr'>tribunicio</span> <span class='ocrx_word' id='word_1_154' title='bbox 1149 1449 1306 1492; x_wconf 84' lang='lat' dir='ltr'>auxilio,</span> <span class='ocrx_word' id='word_1_155' title='bbox 1327 1456 1448 1486; x_wconf 79' lang='lat' dir='ltr'>certa-</span> 
     </span>
     <span class='ocr_line' id='line_1_21' title="bbox 328 1512 1447 1563; baseline 0.001 -15"><span class='ocrx_word' id='word_1_156' title='bbox 328 1525 414 1549; x_wconf 88' lang='lat' dir='ltr'>men</span> <span class='ocrx_word' id='word_1_157' title='bbox 436 1512 656 1548; x_wconf 84' lang='lat' dir='ltr'>conferendi</span> <span class='ocrx_word' id='word_1_158' title='bbox 675 1519 731 1548; x_wconf 88' lang='lat' dir='ltr'>est</span> <span class='ocrx_word' id='word_1_159' title='bbox 750 1519 898 1549; x_wconf 84' lang='lat' dir='ltr'>ortum:</span> <span class='ocrx_word' id='word_1_160' title='bbox 932 1519 983 1556; x_wconf 86' lang='lat' dir='ltr'>et,</span> <span class='ocrx_word' id='word_1_161' title='bbox 1004 1513 1087 1561; x_wconf 87' lang='lat' dir='ltr'>lege</span> <span class='ocrx_word' id='word_1_162' title='bbox 1106 1513 1252 1563; x_wconf 83' lang='lat' dir='ltr'>perlata</span> <span class='ocrx_word' id='word_1_163' title='bbox 1275 1513 1320 1549; x_wconf 90' lang='lat' dir='ltr'>de</span> <span class='ocrx_word' id='word_1_164' title='bbox 1348 1513 1447 1550; x_wconf 46' lang='lat' dir='ltr'>indi,</span> 
     </span>
     <span class='ocr_line' id='line_1_22' title="bbox 329 1576 1447 1627; baseline 0.001 -15"><span class='ocrx_word' id='word_1_165' title='bbox 329 1577 448 1613; x_wconf 86' lang='lat' dir='ltr'>cendo</span> <span class='ocrx_word' id='word_1_166' title='bbox 467 1576 690 1613; x_wconf 84' lang='lat' dir='ltr'>Veientibus</span> <span class='ocrx_word' id='word_1_167' title='bbox 719 1576 835 1620; x_wconf 89' lang='lat' dir='ltr'>bello,</span> <span class='ocrx_word' id='word_1_168' title='bbox 864 1578 1070 1613; x_wconf 87' lang='lat' dir='ltr'>exercitum</span> <span class='ocrx_word' id='word_1_169' title='bbox 1096 1589 1237 1625; x_wconf 87' lang='lat' dir='ltr'>magna</span> <span class='ocrx_word' id='word_1_170' title='bbox 1265 1590 1312 1613; x_wconf 86' lang='lat' dir='ltr'>ex</span> <span class='ocrx_word' id='word_1_171' title='bbox 1339 1583 1447 1627; x_wconf 88' lang='lat' dir='ltr'>parte</span> 
     </span>
     <span class='ocr_line' id='line_1_23' title="bbox 328 1640 1446 1691; baseline 0.001 -15"><span class='ocrx_word' id='word_1_172' title='bbox 328 1641 585 1677; x_wconf 83' lang='lat' dir='ltr'>voluntarium</span> <span class='ocrx_word' id='word_1_173' title='bbox 598 1642 689 1677; x_wconf 88' lang='lat' dir='ltr'>novi</span> <span class='ocrx_word' id='word_1_174' title='bbox 704 1641 847 1677; x_wconf 84' lang='lat' dir='ltr'>tribuni</span> <span class='ocrx_word' id='word_1_175' title='bbox 862 1640 1026 1677; x_wconf 87' lang='lat' dir='ltr'>militum</span> <span class='ocrx_word' id='word_1_176' title='bbox 1046 1640 1236 1677; x_wconf 87' lang='lat' dir='ltr'>consulari</span> <span class='ocrx_word' id='word_1_177' title='bbox 1255 1646 1446 1691; x_wconf 79' lang='lat' dir='ltr'><strong>potestate</strong></span> 
     </span>
    </p>

    <p class='ocr_par' dir='ltr' id='par_1_3' title="bbox 119 1704 1447 2394">
     <span class='ocr_line' id='line_1_24' title="bbox 328 1704 616 1741; baseline 0 -1"><span class='ocrx_word' id='word_1_178' title='bbox 328 1705 444 1741; x_wconf 85' lang='lat' dir='ltr'>Veios</span> <span class='ocrx_word' id='word_1_179' title='bbox 465 1704 616 1740; x_wconf 85' lang='lat' dir='ltr'>duxere.</span> 
     </span>
     <span class='ocr_line' id='line_1_25' title="bbox 119 1767 1447 1819; baseline -0.005 -7"><span class='ocrx_word' id='word_1_180' title='bbox 119 1781 168 1812; x_wconf 77' lang='lat' dir='ltr'>U.</span> <span class='ocrx_word' id='word_1_181' title='bbox 185 1778 223 1811; x_wconf 87' lang='lat' dir='ltr'>C.</span> <span class='ocrx_word' id='word_1_182' title='bbox 241 1782 315 1807; x_wconf 75' lang='lat'><strong>350.</strong></span> <span class='ocrx_word' id='word_1_183' title='bbox 385 1767 496 1804; x_wconf 72' lang='lat' dir='ltr'><strong>LXJ.</strong></span> <span class='ocrx_word' id='word_1_184' title='bbox 524 1767 646 1804; x_wconf 80' lang='lat' dir='ltr'>Fuere</span> <span class='ocrx_word' id='word_1_185' title='bbox 674 1773 800 1803; x_wconf 87' lang='lat' dir='ltr'>autem</span> <span class='ocrx_word' id='word_1_186' title='bbox 827 1767 972 1804; x_wconf 91' lang='lat' dir='ltr'>tribuni</span> <span class='ocrx_word' id='word_1_187' title='bbox 999 1767 1046 1806; x_wconf 88' lang='lat' dir='ltr'>T.</span> <span class='ocrx_word' id='word_1_188' title='bbox 1063 1769 1268 1807; x_wconf 85' lang='lat' dir='ltr'>Quinctius</span> <span class='ocrx_word' id='word_1_189' title='bbox 1283 1769 1447 1819; x_wconf 81' lang='lat' dir='ltr'>Capito-</span> 
     </span>
     <span class='ocr_line' id='line_1_26' title="bbox 126 1826 1447 1875; baseline 0.001 -7"><span class='ocrx_word' id='word_1_190' title='bbox 126 1827 167 1858; x_wconf 67' lang='grc' dir='ltr'>Α·</span> <span class='ocrx_word' id='word_1_191' title='bbox 184 1826 221 1858; x_wconf 83' lang='lat' dir='ltr'>C·</span> <span class='ocrx_word' id='word_1_192' title='bbox 238 1826 312 1856; x_wconf 73' lang='lat'><strong>40²·</strong></span> <span class='ocrx_word' id='word_1_193' title='bbox 330 1832 444 1875; x_wconf 88' lang='lat' dir='ltr'>linus,</span> <span class='ocrx_word' id='word_1_194' title='bbox 456 1830 736 1871; x_wconf 75' lang='lat' dir='ltr'>¹Q.Quinctius</span> <span class='ocrx_word' id='word_1_195' title='bbox 757 1831 1020 1874; x_wconf 87' lang='lat' dir='ltr'>Cincinnatus,</span> <span class='ocrx_word' id='word_1_196' title='bbox 1042 1832 1086 1868; x_wconf 90' lang='lat' dir='ltr'>C.</span> <span class='ocrx_word' id='word_1_197' title='bbox 1105 1831 1228 1868; x_wconf 87' lang='lat' dir='ltr'>Julius</span> <span class='ocrx_word' id='word_1_198' title='bbox 1248 1832 1352 1868; x_wconf 90' lang='lat' dir='ltr'>Iulus</span> <span class='ocrx_word' id='word_1_199' title='bbox 1375 1833 1447 1869; x_wconf 85' lang='lat' dir='ltr'>ite-</span> 
     </span>
     <span class='ocr_line' id='line_1_27' title="bbox 326 1895 1445 1940; baseline 0.003 -9"><span class='ocrx_word' id='word_1_200' title='bbox 326 1909 424 1938; x_wconf 77' lang='lat' dir='ltr'>rum,</span> <span class='ocrx_word' id='word_1_201' title='bbox 445 1896 496 1932; x_wconf 50' lang='lat' dir='ltr'>A.»</span> <span class='ocrx_word' id='word_1_202' title='bbox 511 1895 695 1938; x_wconf 88' lang='lat' dir='ltr'>Manlius,</span> <span class='ocrx_word' id='word_1_203' title='bbox 716 1895 762 1931; x_wconf 90' lang='lat' dir='ltr'>L.</span> <span class='ocrx_word' id='word_1_204' title='bbox 782 1895 917 1932; x_wconf 82' lang='lat' dir='ltr'>Furius</span> <span class='ocrx_word' id='word_1_205' title='bbox 936 1896 1168 1933; x_wconf 85' lang='lat' dir='ltr'>Medullinus</span> <span class='ocrx_word' id='word_1_206' title='bbox 1187 1897 1355 1940; x_wconf 79' lang='lat' dir='ltr'>tertium,</span> <span class='ocrx_word' id='word_1_207' title='bbox 1375 1896 1445 1936; x_wconf 89' lang='lat' dir='ltr'>M&#39;.</span> 
     </span>
     <span class='ocr_line' id='line_1_28' title="bbox 316 1959 1446 2010; baseline 0.001 -14"><span class='ocrx_word' id='word_1_208' title='bbox 316 1959 507 1996; x_wconf 72' lang='lat' dir='ltr'>&#39;AEmilius</span> <span class='ocrx_word' id='word_1_209' title='bbox 526 1960 797 1997; x_wconf 80' lang='lat' dir='ltr'>Mamercinus,</span> <span class='ocrx_word' id='word_1_210' title='bbox 848 1961 914 1996; x_wconf 86' lang='lat' dir='ltr'>Ab</span> <span class='ocrx_word' id='word_1_211' title='bbox 932 1961 990 1996; x_wconf 91' lang='lat' dir='ltr'>his</span> <span class='ocrx_word' id='word_1_212' title='bbox 1019 1962 1181 2010; x_wconf 86' lang='lat' dir='ltr'>primum</span> <span class='ocrx_word' id='word_1_213' title='bbox 1211 1962 1446 1998; x_wconf 79' lang='lat' dir='ltr'>circumsessi</span> 
     </span>
     <span class='ocr_line' id='line_1_29' title="bbox 153 2023 1444 2074; baseline 0.003 -15"><span class='ocrx_word' id='word_1_214' title='bbox 153 2040 281 2072; x_wconf 81' lang='lat' dir='ltr'>Obsessi</span> <span class='ocrx_word' id='word_1_215' title='bbox 327 2024 410 2060; x_wconf 83' lang='lat' dir='ltr'>Veii</span> <span class='ocrx_word' id='word_1_216' title='bbox 433 2030 520 2059; x_wconf 88' lang='lat' dir='ltr'>sunt</span> <span class='ocrx_word' id='word_1_217' title='bbox 532 2040 544 2070; x_wconf 77' lang='lat'>5</span> <span class='ocrx_word' id='word_1_218' title='bbox 567 2024 636 2059; x_wconf 92' lang='lat' dir='ltr'>sub</span> <span class='ocrx_word' id='word_1_219' title='bbox 656 2023 762 2073; x_wconf 89' lang='lat' dir='ltr'>cujus</span> <span class='ocrx_word' id='word_1_220' title='bbox 783 2025 933 2060; x_wconf 86' lang='lat' dir='ltr'>initium</span> <span class='ocrx_word' id='word_1_221' title='bbox 949 2024 1157 2061; x_wconf 88' lang='lat' dir='ltr'>obsidionis</span> <span class='ocrx_word' id='word_1_222' title='bbox 1174 2038 1289 2074; x_wconf 86' lang='lat' dir='ltr'>quum</span> <span class='ocrx_word' id='word_1_223' title='bbox 1309 2026 1444 2063; x_wconf 75' lang='lat' dir='ltr'>Etrus—</span> 
     </span>
     <span class='ocr_line' id='line_1_30' title="bbox 152 2083 1445 2140; baseline 0.003 -16"><span class='ocrx_word' id='word_1_224' title='bbox 152 2083 233 2115; x_wconf 87' lang='lat' dir='ltr'>Veii.</span> <span class='ocrx_word' id='word_1_225' title='bbox 327 2101 456 2124; x_wconf 87' lang='lat' dir='ltr'>corum</span> <span class='ocrx_word' id='word_1_226' title='bbox 490 2087 693 2124; x_wconf 76' lang='lat' dir='ltr'>concilium</span> <span class='ocrx_word' id='word_1_227' title='bbox 731 2089 775 2124; x_wconf 85' lang='lat' dir='ltr'>ad</span> <span class='ocrx_word' id='word_1_228' title='bbox 813 2088 944 2125; x_wconf 86' lang='lat' dir='ltr'>fanum</span> <span class='ocrx_word' id='word_1_229' title='bbox 973 2088 1190 2125; x_wconf 65' lang='lat' dir='ltr'>Voltumnae</span> <span class='ocrx_word' id='word_1_230' title='bbox 1227 2089 1445 2140; x_wconf 81' lang='lat' dir='ltr'>frequenter</span> 
     </span>
     <span class='ocr_line' id='line_1_31' title="bbox 324 2151 1443 2203; baseline 0.003 -15"><span class='ocrx_word' id='word_1_231' title='bbox 324 2151 498 2188; x_wconf 87' lang='lat' dir='ltr'>habitum</span> <span class='ocrx_word' id='word_1_232' title='bbox 516 2158 629 2195; x_wconf 83' lang='lat' dir='ltr'>esset,</span> <span class='ocrx_word' id='word_1_233' title='bbox 649 2164 783 2202; x_wconf 84' lang='lat' dir='ltr'>parum</span> <span class='ocrx_word' id='word_1_234' title='bbox 803 2153 989 2196; x_wconf 87' lang='lat' dir='ltr'>constitit,</span> <span class='ocrx_word' id='word_1_235' title='bbox 1005 2152 1157 2189; x_wconf 89' lang='lat' dir='ltr'>bellone</span> <span class='ocrx_word' id='word_1_236' title='bbox 1174 2153 1329 2203; x_wconf 87' lang='lat' dir='ltr'>publico</span> <span class='ocrx_word' id='word_1_237' title='bbox 1349 2167 1443 2203; x_wconf 84' lang='lat' dir='ltr'>gen·</span> 
     </span>
     <span class='ocr_line' id='line_1_32' title="bbox 323 2216 1441 2268; baseline 0.004 -17"><span class='ocrx_word' id='word_1_238' title='bbox 323 2216 371 2251; x_wconf 84' lang='lat' dir='ltr'>tis</span> <span class='ocrx_word' id='word_1_239' title='bbox 392 2216 575 2252; x_wconf 77' lang='lat' dir='ltr'>universae</span> <span class='ocrx_word' id='word_1_240' title='bbox 594 2216 725 2252; x_wconf 88' lang='lat' dir='ltr'>tuendi</span> <span class='ocrx_word' id='word_1_241' title='bbox 745 2216 924 2252; x_wconf 82' lang='lat' dir='ltr'>Veientes</span> <span class='ocrx_word' id='word_1_242' title='bbox 944 2224 1080 2254; x_wconf 88' lang='lat' dir='ltr'>essent.</span> <span class='ocrx_word' id='word_1_243' title='bbox 1126 2218 1185 2254; x_wconf 82' lang='lat' dir='ltr'>Ea</span> <span class='ocrx_word' id='word_1_244' title='bbox 1204 2218 1441 2268; x_wconf 85' lang='lat' dir='ltr'>obpugnatio</span> 
     </span>
     <span class='ocr_line' id='line_1_33' title="bbox 324 2280 1440 2331; baseline 0.004 -16"><span class='ocrx_word' id='word_1_245' title='bbox 324 2280 475 2328; x_wconf 81' lang='lat' dir='ltr'>segnior</span> <span class='ocrx_word' id='word_1_246' title='bbox 495 2281 708 2330; x_wconf 81' lang='lat' dir='ltr'>insequenti</span> <span class='ocrx_word' id='word_1_247' title='bbox 733 2291 835 2317; x_wconf 81' lang='lat' dir='ltr'>anno</span> <span class='ocrx_word' id='word_1_248' title='bbox 864 2280 951 2324; x_wconf 87' lang='lat' dir='ltr'>fuit,</span> <span class='ocrx_word' id='word_1_249' title='bbox 971 2288 1077 2331; x_wconf 81' lang='lat' dir='ltr'>parte</span> <span class='ocrx_word' id='word_1_250' title='bbox 1107 2282 1346 2319; x_wconf 85' lang='lat' dir='ltr'>tribunorum</span> <span class='ocrx_word' id='word_1_251' title='bbox 1374 2296 1440 2319; x_wconf 86' lang='lat' dir='ltr'>ex-</span> 
     </span>
     <span class='ocr_line' id='line_1_34' title="bbox 320 2343 1439 2394; baseline 0.005 -16"><span class='ocrx_word' id='word_1_252' title='bbox 320 2343 536 2394; x_wconf 83' lang='lat' dir='ltr'>ercitusque</span> <span class='ocrx_word' id='word_1_253' title='bbox 565 2345 610 2381; x_wconf 84' lang='lat' dir='ltr'>ad</span> <span class='ocrx_word' id='word_1_254' title='bbox 641 2344 822 2382; x_wconf 86' lang='lat' dir='ltr'>Volscum</span> <span class='ocrx_word' id='word_1_255' title='bbox 851 2351 1010 2382; x_wconf 77' lang='lat' dir='ltr'>avocata</span> <span class='ocrx_word' id='word_1_256' title='bbox 1039 2345 1191 2383; x_wconf 85' lang='lat' dir='ltr'>bellum.</span> <span class='ocrx_word' id='word_1_257' title='bbox 1247 2347 1439 2384; x_wconf 66' lang='lat' dir='ltr'>Tribunos</span> 
     </span>
    </p>
   </div>
   <div class='ocr_carea' id='block_1_3' title="bbox 1536 0 1573 2598">
    <p class='ocr_par' dir='ltr' id='par_1_4' title="bbox 1536 0 1573 2598">
     <span class='ocr_line' id='line_1_35' title="bbox 1536 0 1573 2598; baseline 0 0"><span class='ocrx_word' id='word_1_258' title='bbox 1536 0 1573 2598; x_wconf 95' lang='lat' dir='ltr'> </span> 
     </span>
    </p>
   </div>
  </div>
 </body>
</html>
