1573 2598
313 116 393 173 238
764 129 811 159 r.
837 129 970 159 mvn

98 211 193 244 U·0-
211 218 286 246 306.
311 218 377 267 pio
395 215 590 266 Virginius
616 215 786 260 dixisset,
818 223 856 253 et
881 216 1044 266 Appius,
1072 216 1233 267 stipatus
1258 219 1425 269 patriciis

94 257 137 288 Δι’
153 257 191 288 c‘
207 261 282 289 44⁶⁸
306 279 526 332 juvenibuS,
547 281 587 316 in
611 280 737 317 forum
765 280 1045 324 descendisset3
1077 280 1335 331 redintegrata
1360 297 1426 320 ex-

312 344 457 395 templo
477 351 534 381 est
556 345 732 382 omnibus
758 346 942 382 memoria
966 344 1185 382 foedissimae
1211 348 1427 396 potestatis,

312 421 430 459 quum
455 409 579 460 ipsum
596 408 852 459 satellitesque
872 408 952 459 ejus
972 409 1166 446 vidissent.
1221 410 1323 448 Tum
1340 410 1428 447 Vir·

94 486 219 527 Appius
314 473 454 524 ginius,
478 475 618 519 Oratio,
641 474 779 523 inquit,
798 474 901 510 rebus
926 473 1039 510 dubiis
1066 475 1210 510 inventa
1230 479 1293 511 est.
1349 475 1430 512 Ita-

95 536 274 562 ²0⁰¹²⁵³mf·
315 550 382 588 que
399 551 510 588 neque
534 551 597 586 ego
619 540 818 575 accusando
843 539 943 587 apud
961 551 1021 575 vos
1039 550 1119 575 eum
1144 543 1280 588 tempus
1302 544 1430 583 teram,

314 615 339 640 a
364 602 463 651 cujus
484 604 697 640 crudelitate
721 608 852 640 vosmet
879 604 948 652 ipsi
974 605 1085 640 armis
1110 605 1341 641 vindicastis:
1368 605 1433 642 nec

312 669 422 704 istum
446 669 496 704 ad
514 673 631 705 cetera
655 669 789 705 scelera
813 669 1061 717 inpudentiam
1085 670 1123 705 in
1149 669 1372 719 defendendo
1395 670 1433 707 se

313 730 470 778 adjicere
483 733 621 780 patiar.
687 732 854 769 Omnium
872 734 984 780 igitur
1003 732 1078 776 tibi,
1100 733 1170 782 Ap.
1191 732 1334 776 Claudi,
1356 746 1434 782 quoe

314 797 413 846 inpie
433 795 643 846 nefarieque
659 808 727 845 per
746 796 923 833 biennium
945 798 1021 834 alia
1043 809 1150 846 super
1166 799 1242 834 alia
1261 810 1295 834 es
1313 810 1431 841 ausus,

312 860 473 908 gratiam
491 859 626 909 facio:
655 862 760 896 unius
785 865 926 896 tantum
950 862 1119 904 criminis,
1138 862 1177 897 ni
1195 859 1357 907 judicem
1377 862 1433 898 di·

316 935 383 967 ces,
409 929 443 960 te
466 923 511 960 ab
535 924 697 960 libertate
719 925 756 959 in
777 925 982 960 servitutem
1003 929 1128 960 contra
1150 925 1243 973 leges
1262 926 1435 963 vindi-„ias

316 999 389 1024 non
409 989 556 1031 dedisse,
582 988 622 1024 in
642 989 787 1025 vincula
805 993 839 1024 te
859 989 942 1024 duci
956 987 1076 1035 jubeo.
1132 987 1217 1025 Nec
1245 988 1285 1024 in
1312 988 1434 1026 tribu—

317 1051 420 1088 nicio
449 1051 592 1089 auxilio
620 1051 782 1103 Appius,
811 1064 882 1089 nec
912 1052 952 1088 in
977 1051 1127 1102 judicio
1155 1051 1288 1103 populi
1317 1048 1432 1091 ullam

318 1129 423 1168 spem
451 1115 620 1153 habebat
637 1130 645 1152 :
677 1122 846 1153 attamen
866 1122 906 1153 et
921 1115 1096 1153 tribunos
1115 1115 1320 1167 adpellavit
1337 1132 1345 1154 ε
1377 1124 1430 1161 et,

317 1180 424 1217 nullo
453 1188 640 1225 morante,
668 1181 844 1231 adreptus
875 1194 897 1217 a
922 1181 1080 1225 viatore,
1102 1182 1276 1223 Provoco,
1299 1182 1432 1232 inquit.

318 1245 462 1282 Audita
480 1258 555 1282 vox
583 1259 660 1282 una
677 1246 815 1283 vindex
844 1245 1045 1288 libertatis,
1066 1258 1113 1282 ex
1139 1258 1184 1281 eo
1210 1246 1325 1282 missa
1352 1258 1434 1290 ore¹

319 1321 395 1358 quo
411 1307 584 1346 vindiciae
608 1321 729 1360 nuper
754 1308 801 1346 ab
830 1309 1008 1346 libertate
1036 1308 1147 1345 dictae
1173 1315 1296 1352 erant,
1320 1308 1434 1347 silen-

320 1373 416 1410 tium
444 1373 547 1411 fecit.
603 1374 669 1418 Et,
691 1373 780 1410 dum
807 1386 878 1424 pro
906 1386 946 1410 se
975 1373 1146 1423 quisque,
1167 1374 1268 1410 Deos
1292 1375 1435 1411 tandem

321 1450 403 1481 esse,
430 1443 466 1474 et
489 1451 561 1474 non
588 1440 766 1487 negligere
794 1439 965 1482 humana,
993 1437 1175 1481 fremunt,
1205 1444 1242 1476 et
1266 1439 1437 1488 superbia

321 1503 607 1550 crudelitatique,
631 1504 697 1539 etsi
719 1515 828 1546 seras,
855 1515 926 1539 non
955 1503 1044 1539 leves
1073 1507 1191 1539 tamen
1217 1505 1337 1540 venire
1361 1500 1435 1553 pte-

321 1579 409 1611 nas,·
434 1580 643 1615 provocare,
670 1568 732 1616 qui
755 1569 1047 1616 provocationem
1074 1569 1293 1612 sustulisset,·
1321 1574 1357 1605 et
1381 1571 1435 1606 in-

317 1632 466 1682 plorare
486 1633 695 1681 praesidium
716 1633 859 1681 populi,
880 1633 942 1681 qui
966 1634 1087 1669 omnia
1105 1631 1197 1678 jura
1219 1634 1348 1682 populi
1377 1634 1435 1670 ob-

324 1697 439 1732 trisset
452 1713 465 1740 ‚·
493 1697 645 1745 rapique
667 1698 706 1733 in
727 1697 870 1733 vincula
891 1700 1050 1745 egentem
1061 1694 1148 1742 jure
1172 1696 1359 1741 libertatis,
1380 1700 1439 1746 qui

323 1759 470 1796 liberum
499 1773 626 1809 corpus
653 1761 691 1797 in
716 1762 923 1797 servitutem
950 1761 1145 1797 addixisset
1161 1776 1174 1796 .·
1212 1761 1327 1810 ipsius
1357 1763 1436 1811 Ap-

323 1824 390 1874 pii,
421 1825 520 1860 inter
549 1824 744 1862 concionis
773 1837 943 1861 murmur
972 1824 1082 1861 fidem
1111 1824 1242 1874 populi
1270 1824 1437 1862 Romani

323 1887 564 1938 inplorantis,
594 1902 669 1925 vox
705 1888 940 1926 audiebatur.
996 1887 1193 1939 Majorum
1231 1889 1365 1925 merita
1398 1890 1436 1925 in

323 1950 596 2001 rempublicam
613 1952 714 1989 domi
732 1951 953 2002 militiaeque
969 1951 1311 1989 commemorabat:
1335 1965 1438 1990 suum

325 2015 453 2065 infelix
478 2029 566 2065 erga
589 2016 728 2065 plebem
748 2017 950 2054 Romanam
970 2018 1142 2060 studium,
1173 2018 1269 2066 quod
1296 2014 1439 2067 aequan'-

326 2081 456 2117 darum
480 2082 599 2130 legum
621 2094 746 2118 caussa
771 2095 853 2118 eum
878 2084 1034 2119 maxima
1059 2082 1260 2130 obfensione
1289 2083 1441 2120 Patrum

325 2146 512 2182 consulatu
538 2146 689 2183 abisset:
716 2159 799 2183 suas
825 2148 929 2195 leges,
954 2147 1077 2196 quibus
1101 2147 1322 2185 manentibus
1347 2149 1441 2185 lator

319 2225 449 2249 *earum
476 2215 511 2249 in
537 2214 678 2250 vincula
707 2215 872 2251 ducatur.
932 2214 1093 2250 Ceterum
1119 2225 1186 2249 sua
1207 2214 1357 2262 propria
1380 2212 1438 2250 bo·

322 2288 375 2313 ἠα
399 2278 579 2327 malaque,
605 2290 714 2328 quum
739 2290 870 2316 caussae
893 2279 1054 2316 dicendae
1081 2280 1170 2315 data
1186 2276 1355 2327 facultas
1381 2279 1439 2319 sit,

981 2462 994 2483 t
