1573 2598
99 216 146 253 ·Oss
162 222 199 252 C.
216 224 291 257 369.

100 266 149 296 A.
163 265 199 296 C.
217 271 291 298 383.

297 129 382 181 420
753 131 800 160 T.
823 129 958 162 mvn

301 217 427 254 videre
445 217 569 267 ipsum
589 215 804 262 Camillum,
821 216 905 268 jam
921 218 968 255 ad
988 229 1144 255 munera
1161 220 1332 269 corporis
1349 233 1410 257 se·

302 287 414 318 necta
449 279 669 323 invalidum,
699 281 898 318 vadentem
934 283 975 318 in
1006 282 1151 326 hostes,
1183 290 1411 333 procurrunt

301 345 444 396 pariter
473 357 618 387 omneS,
648 344 812 382 clamore
844 345 1008 389 sublato,
1040 346 1193 395 Sequere
1218 348 1413 396 imperato-

301 421 390 452 rem,
410 420 480 458 pro
500 421 539 445 se
559 409 715 457 quisque
734 409 952 445 clamantes.
990 409 1182 446 Emissum
1202 410 1316 446 etiam
1335 410 1413 459 sig-

303 484 394 508 num
415 471 564 508 Camilli
584 470 695 522 jussu
714 472 753 508 in
776 473 944 508 hostium
973 473 1092 509 aciem
1119 473 1270 519 ferunt,
1302 473 1413 522 idque

304 540 348 570 ut
365 540 612 585 repeteretur,
629 535 841 571 concitatos
861 537 1144 585 antesignanos.
1173 535 1235 572 Ibi
1249 537 1413 586 primum

303 598 454 650 pulsum
472 599 683 642 Antiatem,
706 605 963 649 terroremque
985 613 1063 636 non
1086 601 1125 636 in
1147 601 1305 651 primam
1325 607 1412 637 tan·

303 668 386 698 tum
405 662 538 706 aciem,
560 662 625 698 sed
644 663 758 699 etiam
778 662 825 700 ad
841 663 1083 699 subsidiarios
1099 663 1308 714 perlatum:
1341 677 1412 702 nec

303 726 359 763 vis
394 732 544 762 tantum
578 726 741 762 militum
781 726 972 772 movebat,
1011 728 1176 764 excitata
1210 728 1413 778 praesentia

304 789 424 833 ducis,
454 789 519 826 sed
547 789 648 838 quod
667 789 892 826 Volscorum
921 791 1056 827 animis
1084 791 1181 827 nihil
1207 791 1411 828 terribilius

304 858 398 896 erat,
420 865 533 901 quam
552 853 668 902 ipsius
689 852 839 888 Camilli
857 853 958 889 forte
980 852 1109 890 oblata
1133 855 1287 904 species,
1335 855 1411 899 Ita,

306 930 545 966 quocumque
562 929 601 953 se
626 917 829 960 intulisset,
850 918 1049 954 victoriam
1077 929 1203 954 secum
1225 918 1327 955 haud
1345 919 1414 956 du-

305 982 407 1018 biam
434 981 634 1017 trahebat:
665 982 828 1017 maxime
855 981 895 1017 id
923 982 1072 1018 evidens
1101 981 1189 1025 fuit,
1215 995 1344 1031 quum,
1372 983 1412 1020 in

304 1045 439 1082 laevum
468 1058 600 1088 cornu,
630 1058 748 1095 prope
770 1044 854 1095 jam
882 1045 1045 1095 pulsum,
1075 1047 1233 1096 adrepto
1257 1054 1414 1097 repente

305 1122 402 1158 equo
431 1122 516 1145 cum
543 1115 651 1145 scuto
676 1109 854 1159 pedestri,
885 1108 1078 1153 abvectus,
1109 1116 1314 1160 conspectu
1344 1123 1416 1147 suo

302 1164 478 1223 proelium
498 1172 676 1215 restituit,
697 1178 893 1208 ostentans
913 1173 1132 1209 vincentem
1153 1179 1315 1209 ceteram
1334 1174 1414 1210 aci-

302 1247 374 1273 em.
420 1236 508 1272 Jam
531 1235 713 1271 inclinata
734 1248 792 1271 res
822 1242 916 1279 erat,
946 1236 1010 1272 sed
1038 1236 1152 1273 turba
1178 1237 1345 1273 hostium
1374 1244 1412 1274 ct

300 1299 393 1348 fuga
411 1298 688 1349 inpediebatur,
715 1304 753 1335 et
777 1298 893 1348 longa
922 1299 1023 1335 eaede
1051 1299 1285 1336 conficienda
1312 1300 1411 1336 mul-

301 1364 424 1400 titudo
443 1369 551 1399 tanta
569 1362 671 1399 fesso
691 1363 802 1398 militi
822 1371 901 1399 erat
921 1379 929 1400 :
962 1376 1077 1412 quum
1096 1352 1250 1414 repente
1274 1364 1410 1413 ingen-

298 1427 399 1463 tibus
420 1427 595 1477 procellis
614 1426 720 1463 fusus
740 1427 861 1463 imber
887 1434 1028 1464 certam
1057 1429 1176 1477 magis
1197 1429 1409 1472 victoriam,

299 1506 411 1542 quam
430 1492 620 1542 proelium,
639 1492 800 1528 diremit.
858 1492 976 1540 Signo
1002 1491 1136 1527 deinde
1155 1492 1323 1541 receptui
1342 1492 1408 1528 da-

297 1563 354 1600 to,
375 1569 452 1592 nox
472 1556 655 1598 insecuta,
676 1555 813 1604 quietis
835 1553 1040 1597 Romanis,
1069 1553 1227 1604 perfecit
1256 1554 1408 1591 bellum.

298 1620 430 1657 Latini
459 1632 622 1668 namque
651 1625 689 1655 et
717 1618 891 1662 Hernici,
922 1618 1062 1654 relictis
1082 1618 1244 1660 Volscis,
1275 1618 1408 1655 domos

297 1683 460 1734 profecti
489 1690 590 1726 sunt,
614 1682 722 1718 malis
752 1682 920 1718 consiliis
949 1695 1056 1732 pares
1086 1682 1212 1732 adepti
1241 1690 1409 1719 eventus,

297 1749 441 1793 Volsci,
463 1749 527 1785 ubi
547 1761 586 1784 se
607 1748 772 1785 desertos
793 1747 840 1784 ab
861 1749 913 1784 eis
935 1749 1072 1791 videre,
1094 1761 1253 1798 quorum
1274 1748 1409 1787 fiducia

296 1812 585 1855 rebellaverant,
621 1811 762 1848 relictis
800 1813 947 1855 castris,
985 1811 1173 1849 moenibus
1204 1812 1339 1848 Satrici
1367 1824 1408 1847 se

295 1876 505 1913 includunt.
563 1876 669 1915 Quos
697 1876 822 1926 primo
842 1875 1024 1912 Camillus
1043 1875 1142 1912 vallo
1163 1875 1405 1918 circumdare,

296 1947 334 1977 et
367 1953 504 1990 aggere
534 1946 646 1989 atque
676 1940 853 1990 operibus
888 1940 1108 1989 obpugnare
1137 1946 1194 1976 est
1223 1940 1403 1976 adortus:

295 2018 377 2055 quae
404 2010 604 2055 postquam
631 2004 736 2040 nulla
761 2005 960 2054 eruptione
990 2004 1149 2054 inpediri
1177 2004 1301 2048 videt3
1333 2005 1404 2039 mi-

294 2081 364 2105 nus
395 2080 475 2103 esse
505 2068 620 2103 animi
649 2074 751 2103 ratus
781 2068 819 2103 in
849 2067 973 2110 hoste,
995 2080 1106 2116 quam
1132 2073 1173 2102 ut
1199 2067 1238 2102 in
1260 2079 1306 2102 co
1325 2073 1404 2103 tam

295 2132 405 2168 lentae
427 2132 505 2181 spei
522 2131 718 2167 victoriam
738 2137 989 2181 exspectaret,
1007 2131 1227 2167 cohortatus
1248 2130 1401 2174 milites,

295 2208 356 2239 ne,
376 2202 569 2245 tamquam
590 2195 704 2232 Veios
734 2195 1015 2246 obpugnanteS,
1046 2196 1084 2231 in
1114 2207 1228 2244 opere
1250 2193 1403 2242 longin-

294 2272 371 2309 quo
401 2271 480 2296 sese
511 2266 688 2305 tererent,
711 2259 909 2297 victoriam
939 2260 977 2295 in
1006 2258 1179 2295 manibus
1207 2268 1310 2303 esse5
1343 2257 1401 2293 in-
