1573 2598
93 327 135 358 υ.
153 327 188 358 C.
207 309 297 359 394.-

94 373 132 402 Α.
149 371 184 404 C.
200 378 275 404 428.

87 2009 273 2042 Vincuntur

88 2054 206 2086 hostes.

306 223 395 281 294⁷
760 227 804 266 ἰζ
831 236 962 266 mvn

307 318 616 363 sed'dictatorem
635 335 786 373 quoque
806 336 851 359 ex
872 335 1007 360 somno
1027 322 1176 359 excidit.
1222 312 1305 360 xUbi
1322 327 1417 374 prae'-

307 391 405 428 senti
425 401 497 440 ope
516 400 573 426 res
594 387 773 437 egebant,
793 387 926 425 consul
944 400 1014 424 nce
1034 386 1161 424 animo
1181 387 1332 432 defecit,
1348 399 1420 424 nec

307 455 466 493 consilio
485 469 492 491 :
525 466 611 504 pars
631 453 794 490 militum
809 460 1006 503 portarum
1027 449 1209 489 stationes
1239 452 1414 490 firmant:

303 519 391 572 pars
413 529 556 556 corona
572 517 713 554 vallum
733 517 905 566 cingunt.
962 517 1009 553 In
1029 517 1156 554 alteris
1176 516 1282 567 apud*
1298 517 1418 554 dicta-

305 590 428 621 torem
448 582 595 626 castris,
617 593 693 631 quo
711 581 835 618 minus
855 579 1038 618 tumultus
1059 586 1129 624 est,
1152 594 1197 617 eo
1222 580 1305 632 plus
1335 580 1417 617 ani-

305 648 567 691 madvertitur,
597 646 687 696 quid
715 659 810 696 opus
839 645 944 682 facto
973 645 1048 682 sit:
1082 646 1198 682 misso
1226 644 1419 695 extemplo

307 713 354 750 ad
370 719 493 749 castra
510 711 693 755 subsidio,
715 711 783 747 cui¹
797 711 860 761 Sp.
879 709 1099 747 Postumius
1119 709 1239 747 Albus
1269 709 1418 758 legatus

304 773 523 830 praeficitur,
539 777 619 827 ipse
639 782 746 827 parte
766 776 962 826 copiarum
980 787 1097 825 parvo
1113 775 1272 811 circuitu
1290 774 1421 811 locum*

304 841 469 879 maxime
488 847 674 876 secretum
697 839 744 876 ab
773 839 941 876 tumultu
968 839 1078 889 petit,
1099 838 1198 874 unde
1226 851 1273 874 ex
1300 850 1416 874 neco-

303 900 438 956 pinato
458 914 629 941 aversum
655 905 806 940 hostem
834 903 1000 939 invadat.
1057 904 1106 942 Q.
1127 903 1335 953 Sulpicium
1362 901 1418 938 le-

306 975 437 1018 gatum
469 968 627 1019 praeficit
660 968 818 1003 castris:
849 966 906 1003 M.
931 966 1053 1003 Fabio
1085 966 1215 1016 legato
1244 966 1419 1015 adsignat

304 1032 449 1082 equites
469 1048 476 1067 :
509 1044 578 1068 nec
598 1036 686 1067 ante
704 1030 827 1067 lucem
855 1043 1006 1067 movere
1028 1029 1142 1081 jubet
1169 1041 1338 1074 manum,
1359 1031 1417 1067 in-

305 1101 363 1133 tel·
381 1102 589 1133 nocturnos
609 1095 794 1131 tumultus
813 1095 1012 1131 moderatu
1031 1094 1230 1131 difficilem.
1260 1093 1416 1140 Omnia,

304 1172 387 1210 quae
407 1159 466 1197 vel
485 1158 579 1195 alius
599 1159 808 1210 imperator
824 1158 988 1210 prudens
1009 1164 1047 1194 et
1066 1158 1214 1208 inpiger
1233 1158 1273 1194 in
1290 1158 1358 1194 tali
1377 1169 1422 1195 re

303 1225 526 1274 praeciperet
555 1229 772 1272 ageretque,
802 1223 975 1272 praecipit
1007 1222 1137 1258 ordine
1166 1228 1280 1271 atque
1308 1223 1415 1271 agit:

303 1286 397 1324 illud
416 1288 595 1324 eximium
615 1286 763 1323 consilii
783 1287 973 1336 animique
999 1286 1203 1337 specimen,
1225 1292 1264 1322 et
1289 1286 1417 1322 neuti-

303 1351 418 1403 quam
442 1351 607 1401 vulgatae
637 1351 772 1396 laudis,
804 1351 904 1401 quod
941 1350 1041 1388 ultro
1079 1351 1126 1388 ad
1160 1349 1418 1401 obpugnanda

303 1421 428 1455 eastra
445 1417 630 1461 hostium,
651 1416 750 1453 unde
775 1415 919 1467 majore
948 1417 1100 1465 agmine
1128 1415 1320 1466 profectos
1349 1427 1417 1453 ex·

303 1482 494 1533 ploratum
512 1481 651 1526 fuerat,
670 1481 727 1519 M.
749 1481 963 1531 Geganium
985 1493 1070 1518 cum
1100 1480 1320 1518 cohortibus
1350 1480 1416 1518 de-

302 1544 410 1582 lectis
443 1546 546 1582 misit
564 1560 572 1583 t
605 1546 683 1595 qui,
720 1552 922 1596 postquam
959 1546 1127 1582 intentos
1165 1545 1338 1581 homines
1374 1544 1416 1583 in

303 1617 480 1647 eventum
499 1610 656 1661 periculi
676 1610 802 1654 alieni,
823 1623 892 1661 pro
912 1623 951 1647 se
967 1611 1140 1646 incautos
1160 1608 1343 1658 neglectis
1358 1609 1416 1645 vi-

303 1674 402 1724 giliis
433 1675 750 1724 stationibusque,
782 1680 839 1711 est
867 1675 1036 1717 adortus,
1059 1675 1161 1725 prius
1190 1685 1287 1723 pene
1315 1673 1416 1724 cepit

304 1745 442 1784 castra,
463 1753 575 1790 quam
595 1740 808 1791 obpugnari
836 1740 966 1776 hostes
996 1739 1086 1775 satis
1117 1739 1281 1775 scirent:
1314 1737 1416 1782 inde,

302 1804 424 1848 fumo,
445 1811 487 1841 ut
508 1811 749 1849 convenerat,
771 1805 900 1842 datum
917 1805 1067 1854 signum
1086 1803 1150 1840 ubi
1170 1808 1415 1854 conspectum

303 1868 351 1907 ab
381 1870 566 1907 dictatore
595 1876 665 1914 est,
697 1869 898 1913 exclamat,
933 1875 1045 1920 capta
1076 1868 1246 1904 hostium
1276 1874 1413 1912 castra,

303 1926 551 1983 nunciarique
571 1935 710 1984 passim
725 1933 850 1984 jubet.

356 1997 553 2035 XXVIII.
579 1998 632 2035 Et
644 1997 727 2048 jam
747 1996 974 2039 lucescebat,
989 1995 1190 2044 omniaque
1208 1993 1277 2031 sub
1294 1994 1413 2032 oculis

304 2069 434 2099 erant:
466 2068 505 2098 et
522 2062 661 2099 Fabius
683 2075 768 2099 cum
788 2060 960 2111 equitatu
988 2061 1158 2110 inpetum
1187 2059 1355 2103 dederat,
1376 2065 1414 2095 et

303 2126 437 2165 consul
456 2128 693 2177 eruptionem
714 2140 733 2163 e
754 2127 885 2163 c‘astris
916 2126 955 2162 in
983 2124 1150 2175 trepidos
1173 2122 1256 2174 jam
1285 2123 1415 2159 hostes

302 2191 456 2230 fecerat.
511 2191 691 2228 Dictator
719 2199 860 2234 autem,
890 2197 998 2241 parte
1027 2189 1147 2226 altera
1179 2187 1347 2224 subsidia
1376 2193 1414 2225 et

302 2257 505 2295 secundam
531 2258 650 2294 aciem
681 2257 850 2300 adortus,
885 2256 1156 2304 circumagenti
1187 2266 1226 2290 se
1256 2253 1303 2290 ad
1334 2253 1411 2289 dis-

303 2334 418 2359 sonos
445 2322 626 2359 clamores
657 2335 699 2359 ac
729 2322 874 2358 subitos
904 2319 1088 2357 tumultus
1116 2319 1219 2356 hosti
1249 2317 1413 2366 undique

304 2384 497 2437 objecerat
526 2387 706 2424 victorem
740 2386 904 2437 peditem
933 2385 1184 2435 equitemque.
1241 2381 1411 2419 Circum-
