1573 2598
304 191 390 244 546
765 201 809 231 Τ.
833 197 966 233 Lrv11

111 288 203 363 {bg
220 295 508 368 ggssdnclamat:
546 295 723 338 Deorum,
762 296 899 345 inquit,
937 308 1015 344 ope,
1050 296 1184 341 Valeri,
1222 311 1309 346 opus
1339 303 1389 336 est
1402 316 1413 336 .-

144 355 152 363 ⁰
196 355 203 363 “
286 356 294 364 ’
307 361 470 407 agedum,
489 358 656 408 pontifex·
670 359 833 407 publicus
856 361 983 408 populi
1002 360 1171 404 Romani,
1190 364 1279 409 praei
1297 363 1416 407 verba,

306 423 430 472 quibus
447 436 504 460 me
517 435 586 471 pro
613 424 805 470 legionibus
823 425 1023 460 clevoveam.
1053 423 1232 461 Pontifex
1251 437 1336 461 eum
1354 432 1416 461 to-

305 499 392 536 gam
404 493 628 538 praetextam
643 499 788 523 sumere
797 486 928 536 jussit,
943 494 994 530 et,
1008 486 1132 523 velato
1149 488 1285 538 capite,
1301 501 1417 525 manu

307 552 436 589 subter
455 559 585 601 togam
606 552 652 588 ad
678 558 848 588 mentum
873 558 1035 595 exserta,
1057 564 1168 602 super
1186 552 1303 588 telum
1328 552 1417 589 sub-

298 615 446 667 jectum
475 617 632 667 pedibus
663 622 826 653 stantem
863 617 915 653 sic
945 616 1079 653 dicere.
1126 616 1235 658 June,
1256 617 1418 665 Jupiter,

308 681 411 717 Mars
425 686 546 729 pater,
569 681 731 722 Quirine,
753 680 919 723 Bellona,
941 681 1066 722 Lares,
1086 680 1180 716 Divi
1199 680 1419 724 Novensiles,

307 745 379 782 Dii
414 745 607 792 Indigetes,
639 745 743 786 Divi,
775 736 924 792 quorum
956 749 1006 779 est
1028 748 1187 791 poteslas
1220 749 1422 780 nostrorum

308 809 542 857 hostiumque,
564 809 702 856 Diique
718 809 858 850 Manes,
876 820 935 844 vos
946 801 1087 856 precor,
1104 820 1262 851 veneror,
1282 810 1423 845 veniam

303 872 564 921 peloferoque,
584 874 640 909 uli
653 874 787 921 populo
808 873 973 908 Romano
994 873 1190 913 Quiritium
1215 874 1287 908 vim
1307 875 1419 910 victo-

307 939 470 985 riamque
492 939 730 984 prosperetis,-
761 937 941 984 hostesque
963 937 1091 984 populi
1111 936 1269 972 Romani
1296 937 1419 978 Quiri<-

309 1004 399 1038 tium
416 1006 563 1043 terrore,
572 1001 786 1048 formidine,
803 1005 980 1048 morteque
1000 1001 1190 1049 acifieiatis.
1221 1000 1324 1037 Sicut
1340 1013 1420 1038 ver-

308 1066 359 1102 bis
386 1067 601 1114 nuncupavi,
632 1067 683 1101 ita
709 1077 778 1113 pro
806 1065 987 1112 republica
1009 1065 1218 1106 Quiritium,
1250 1067 1418 1108 exercitu,

307 1129 516 1177 legionibus,
544 1130 687 1165 auxiliis
710 1129 839 1177 populi
860 1129 1016 1164 Romani
1039 1129 1249 1170 Quiritium,
1271 1129 1426 1176 legiones

308 1194 516 1242 auxiliaque
545 1193 697 1228 hostium
733 1205 868 1228 mecum
900 1194 987 1228 Diis
1017 1193 1184 1228 Manibus
1218 1193 1425 1241 Tellurique

307 1257 470 1293 devoveo.
512 1256 607 1292 Haec
627 1257 680 1291 ita
707 1261 895 1304 precatus,
917 1255 1067 1291 lictores
1097 1257 1150 1291 ire
1179 1256 1225 1292 ad
1243 1255 1288 1293 T.
1303 1255 1419 1292 Man-

306 1320 399 1358 lium
422 1320 550 1371 jubet,
570 1325 791 1368 matureque
819 1319 973 1368 collegae
1002 1333 1041 1356 se
1061 1320 1236 1356 devotum
1264 1332 1335 1369 pro
1354 1333 1421 1357 ex-

307 1385 430 1422 ercitu
455 1384 648 1421 nunciare.
679 1384 780 1433 Ipse,
801 1384 989 1421 incinctus
1018 1384 1144 1420 cinctu
1165 1383 1332 1426 Gabino,
1360 1395 1420 1420 ar·

308 1454 431 1485 matus
457 1450 497 1485 in
516 1461 651 1498 equum
672 1448 830 1491 insiluit,
852 1461 896 1484 ac
924 1460 963 1484 se
983 1449 1021 1484 in
1041 1448 1183 1484 medios
1213 1448 1342 1483 hostes
1361 1448 1420 1484 in-

306 1513 421 1549 misit.
453 1513 688 1562 Conspectus
710 1512 757 1548 ab
778 1518 936 1560 utraque
955 1513 1035 1548 acie
1064 1508 1260 1559 aliquanto
1280 1524 1419 1560 augus-

305 1576 383 1612 tior
401 1576 571 1612 humano
591 1576 686 1618 visu,
708 1576 805 1611 sicut
825 1574 923 1611 coelo
942 1576 1076 1611 missus
1098 1575 1285 1625 piaculum
1298 1575 1421 1611 omnis

306 1638 480 1676 Deorum
500 1639 579 1682 irae,
601 1639 665 1687 qui
687 1645 832 1688 pestem
852 1637 899 1674 ab
929 1639 1004 1674 suis
1035 1651 1203 1675 aversam
1231 1639 1268 1674 in
1295 1639 1423 1675 hostes

306 1703 446 1748 ferret3
479 1703 535 1739 ita
564 1704 686 1739 omnis
725 1710 850 1739 terror
886 1714 1080 1752 pavorque
1114 1715 1199 1739 cum
1230 1702 1295 1738 illo
1324 1701 1422 1738 latus

307 1767 417 1816 signa
445 1767 567 1816 primo
596 1766 825 1802 Latinorum
853 1765 1044 1811 turbavit3
1078 1766 1212 1802 deinde
1243 1766 1282 1801 in
1300 1771 1422 1802 totam

307 1831 458 1882 penitus
497 1831 614 1867 aciem
652 1830 827 1879 pervasit.
885 1830 1224 1866 Evidentissimum
1263 1830 1301 1866 id
1335 1829 1421 1872 fuit,

307 1895 424 1944 quod,
445 1907 682 1943 quacumque
702 1907 799 1941 equo
824 1895 992 1930 invectus
1014 1900 1084 1937 est,
1105 1893 1172 1937 ibi,
1192 1893 1294 1930 haud
1318 1905 1423 1930 secus

307 1970 420 2007 quam
441 1957 623 2007 pestifero
643 1957 764 1993 sidere
790 1957 869 1999 icti,
889 1957 1102 2006 pavebant:
1133 1956 1199 1993 ubi
1224 1969 1313 1992 vero
1333 1968 1424 1992 con·

306 2022 384 2058 ruit
404 2021 561 2057 obrutus
581 2021 680 2063 telis,
702 2022 789 2057 inde
813 2020 895 2071 jam
914 2021 1015 2057 haud
1035 2020 1147 2057 dubie
1174 2025 1424 2057 consternatae

307 2086 484 2123 cohortes
506 2085 733 2122 Latinorum
752 2085 881 2133 fugam
911 2099 954 2121 ac
984 2086 1200 2121 vastitatem
1228 2083 1304 2119 late
1323 2083 1423 2119 fece-

309 2155 409 2194 runt.
455 2149 575 2185 Simul
595 2155 632 2185 ct
658 2149 839 2191 Romani,
861 2148 1041 2185 exsolutis
1068 2147 1251 2195 religione
1273 2146 1422 2189 animis,

309 2212 413 2248 velut
433 2218 513 2249 tum
541 2214 705 2262 primum
724 2214 836 2261 signo
856 2213 946 2249 dato
977 2213 1113 2255 coorti,
1134 2224 1302 2261 pugnam
1328 2213 1424 2248 inte-

311 2288 418 2324 gram
449 2277 669 2313 ediderunt:
701 2289 789 2313 nam
809 2284 847 2313 ct
866 2278 999 2313 rorarii
1028 2275 1301 2327 procurrebant
1327 2276 1426 2311 inter

311 2340 565 2391 antepilan05‚
585 2341 880 2392 addiderantque
906 2341 1002 2378 vires
1032 2341 1190 2377 hastatis
1217 2352 1260 2376 ac
1282 2339 1423 2389 princi-

1542 2527 1555 2598 Ξ
