1573 2598
132 266 173 310 ὓ,
187 279 224 310 C.
240 284 314 310 ³32.

130 322 171 353 A.
187 322 224 353 C.
243 329 317 354 420.

136 1125 331 1159 premuntur

136 1170 288 1202 Romani.

144 2164 273 2205 Equites

140 2217 286 2255 pugnam
304 2216 350 2237 re-

143 2258 218 2282 antu
225 2257 294 2284 unt,

344 183 430 239 306
799 197 848 226 Ύ.
876 197 1007 227 mvn

347 296 419 320 nec
447 282 602 334 pei-Inde
630 282 762 320 Patres
789 285 885 321 moti
914 290 1026 331 sunt3
1066 290 1104 322 et
1132 286 1176 323 C.
1200 286 1458 338 Sempronius,

349 347 411 384 cui
435 360 481 384 ea
505 347 700 398 provincia
727 347 821 383 sorti
850 348 988 392 evenit,
1009 354 1202 399 tamquam
1231 354 1459 393 constantis-

347 411 443 447 sima
460 423 514 455 re,
534 412 690 448 fortuna
712 411 845 457 fretus,
867 415 968 463 quod
987 415 1140 452 victoris
1169 416 1300 467 populi
1328 417 1460 455 adver-

347 487 409 513 sus
431 476 552 511 victos
583 475 658 511 dux
687 482 798 520 esset,
825 479 953 514 omnia
981 485 1122 517 temere
1151 493 1195 517 ac
1222 480 1461 530 negligenter

343 541 448 590 egit:
486 540 580 577 adeo
609 546 652 576 ut
685 541 891 592 disciplinae
918 542 1105 580 Romanae
1138 543 1221 594 plus
1247 544 1287 581 in
1320 545 1461 583 Volsco

348 605 531 649 exercitu,
548 617 660 654 quam
678 605 719 642 in
737 605 930 651 Romano,
951 607 1062 645 esset.
1108 609 1215 657 Ergo
1233 594 1402 654 fortuna,
1420 615 1463 648 ut

349 679 448 719 saepe
483 668 589 713 alias,
627 670 805 706 virtutem
842 677 898 708 est
934 678 1074 709 secuta.
1141 671 1274 710 Primo
1308 673 1461 724 proelio,

349 734 450 784 quod
469 734 516 771 ab
538 734 762 784 Sempronio
787 735 939 773 incaute
967 736 1256 788 inconsulteque
1283 738 1462 775 commis-

350 810 434 836 sum
452 805 521 843 est,
541 811 619 835 non
639 799 812 836 subsidiis
833 800 980 837 firmata
999 801 1094 844 acie,
1113 815 1193 838 non
1220 803 1346 852 equite
1374 809 1464 853 apte

349 862 492 907 locato,
529 876 755 900 concursum
791 870 870 901 est:
912 864 1055 902 clamor
1086 866 1268 903 indicium
1298 867 1462 917 primum

350 927 437 971 fuit,
458 940 533 976 quo
558 940 616 964 res
642 927 871 965 inclinatura
893 935 1013 965 esset:
1047 930 1249 966 excitatior
1277 929 1464 968 crebrior-

352 1004 425 1041 que
444 992 491 1029 ab
510 993 620 1029 hoste
640 992 808 1029 sublatus
819 1008 829 1038 3
859 992 906 1030 ab
926 993 1112 1030 Romanis
1133 994 1322 1038 dissonus,
1337 994 1463 1046 inpar,

353 1057 505 1106 segnius
525 1069 624 1108 saepe
646 1057 817 1101 iteratus,
838 1058 985 1094 incerto
1011 1058 1175 1095 clamore
1202 1058 1369 1109 prodidit
1396 1071 1465 1110 pa·

353 1134 483 1158 vorem
502 1123 727 1158 animorum.
764 1122 824 1159 Eo
843 1122 1007 1159 ferocior
1025 1122 1165 1160 inlatus
1182 1123 1317 1167 hostis,
1331 1133 1467 1172 urgere

355 1187 485 1230 scutis,
505 1186 646 1223 micare
674 1186 832 1235 gladiis:
872 1186 991 1223 altera
1018 1200 1065 1224 ex
1092 1194 1200 1237 parte
1226 1192 1365 1224 nutant
1393 1186 1466 1224 cira

353 1250 701 1301 cumspectantibus
731 1251 862 1300 galeae,
891 1258 929 1288 et
956 1252 1092 1288 incerti
1119 1251 1324 1302 trepidant,
1347 1250 1466 1302 adpli-

353 1321 517 1365 cantque
536 1328 576 1352 se
593 1315 727 1352 turbae.
785 1316 903 1365 Signa
920 1328 1021 1352 nunc
1047 1316 1263 1352 resistentia
1288 1315 1467 1352 deserun-

353 1388 416 1419 tur
434 1380 482 1418 ab
503 1380 775 1430 antesignanis,
795 1393 897 1417 nunc
922 1381 1022 1417 inter
1050 1392 1137 1417 suos
1166 1379 1380 1431 manipulos
1408 1391 1469 1418 re-

353 1446 570 1496 cipiuntur:
615 1445 785 1482 nondum
820 1445 912 1495 fuga
948 1451 1064 1488 certa,
1102 1445 1273 1482 nondum
1307 1444 1469 1482 victoria

355 1515 461 1547 erat:
492 1511 570 1559 tegi
600 1511 718 1560 magis
748 1509 962 1553 Romanus,
993 1522 1104 1559 quam
1134 1521 1316 1560 pugnare.
1371 1507 1466 1545 Vol-

353 1587 438 1611 scus
458 1574 596 1611 inferre
615 1575 737 1623 signa,
759 1572 891 1624 urgete
910 1575 1043 1618 aciem,
1064 1573 1147 1625 plus
1168 1573 1278 1610 caedis
1298 1573 1468 1610 hostium

352 1639 493 1682 videre,
514 1652 627 1688 quam
645 1639 757 1688 fugoe.
1375 1636 1379 1637 ⁷

407 1702 647 1740 XXXVIII.
676 1703 764 1739 Jam
785 1702 960 1739 omnibus
986 1701 1078 1738 locis
1106 1701 1277 1737 ceditur:
1309 1699 1468 1749 nequid-

354 1779 468 1816 quam
494 1767 720 1816 Sempronio
744 1766 898 1803 consule
921 1765 1150 1816 objurgante
1173 1771 1286 1814 atque
1312 1765 1470 1802 hortan-

354 1837 407 1873 te,
427 1829 522 1866 nihil
540 1843 610 1866 ncc
634 1831 847 1880 imperium,
868 1843 939 1866 nec
958 1829 1136 1879 majestas
1156 1828 1327 1865 valebat:
1360 1827 1480 1882 data-⁴

355 1909 428 1945 que
447 1909 535 1932 mox
554 1902 662 1944 terga
689 1896 862 1932 hostibus
883 1896 1023 1938 forent,
1044 1896 1083 1931 ni
1114 1895 1199 1931 Sex.
1219 1893 1466 1943 Tempanius,

356 1959 509 1996 decurio
543 1960 725 2008 equitum,
756 1959 907 1996 labente
931 1959 1014 2009 jam
1047 1971 1101 2001 re,
1132 1959 1308 2008 praesenti
1342 1958 1470 1994 animo

356 2023 613 2060 subvenisset:
647 2024 709 2072 qui
730 2036 844 2072 quum
870 2035 1008 2071 magna
1028 2035 1119 2059 voce
1147 2021 1407 2063 exclamasset,
1430 2027 1469 2058 ut

356 2090 501 2137 equites,
523 2090 584 2137 qui
610 2089 743 2123 salz-am
773 2088 1022 2136 rempublicam
1052 2087 1180 2123 vellent
1208 2097 1289 2127 esse,
1311 2098 1352 2121 ea:
1376 2086 1473 2134 equis

358 2153 560 2195 desilirent5
603 2152 772 2187 oninium
809 2157 1016 2186 turmarum
1048 2149 1250 2197 equitibus,
1285 2147 1387 2184 velut
1423 2148 1470 2184 ad

361 2216 525 2260 consulis
554 2215 752 2266 imperium
781 2216 908 2258 motis,
939 2215 1020 2250 Nisi
1049 2214 1133 2256 laec,
1166 2213 1300 2261 inquit,
1329 2217 1471 2248 armata

360 2281 482 2318 cohors
508 2283 612 2317 sistat
639 2282 797 2328 inpetum
825 2280 991 2322 hostium,
1022 2283 1137 2315 actum
1167 2279 1209 2314 de
1234 2279 1382 2325 imperio
1408 2281 1469 2313 est.

360 2346 556 2395 Sequimini
580 2357 648 2394 pro
670 2345 798 2382 vexillo
827 2345 1002 2393 cuspidem
1031 2355 1169 2380 meam.-
1198 2341 1368 2378 ostendite
1394 2339 1469 2377 Ro-
