1573 2598
395 187 553 217 unna
577 171 634 216 1'1.
666 185 774 215 cAr.
799 187 914 216 cxv.
1134 174 1210 228 167

95 274 266 324 equites:
297 274 515 312 circumfusi
540 275 624 311 duci
643 273 900 311 vociferantur
925 286 966 311 se
991 278 1080 310 ante
1105 274 1216 322 signa
1228 272 1270 302 U·
1286 271 1325 303 C·
1341 277 1417 304 2⁸6·

94 337 229 374 ituros.
285 337 390 374 Dum
407 344 609 374 cunctatur
627 336 774 381 consul,
795 338 934 373 virtute
952 337 1116 374 militum
1140 336 1216 374 fre-
1226 317 1267 346 A‘
1284 315 1322 348 Ο·
1338 319 1412 347 ⁴⁶⁶¹

94 410 171 448 tus,
199 403 285 440 loco
310 416 442 455 parum
469 403 601 446 fidens,
621 402 878 446 conclamant,
899 414 938 438 se
961 403 1080 439 ituros
1099 417 1107 438 :
1140 402 1219 440 cla-

94 480 314 518 moremque
332 479 390 504 res
406 473 465 504 est
482 473 623 504 secuta.
679 467 711 504 F
713 468 782 504 ixis
803 468 842 504 in
861 474 1001 505 terram
1020 467 1125 520 pilis,
1142 481 1218 518 quo

92 533 254 571 leviores
283 532 400 569 ardua
423 532 637 575 evaderent,
665 544 776 569 cursu
805 533 982 572 subeunt.
1039 534 1216 579 Volscus,

93 600 220 638 effusis
241 598 288 635 ad
313 598 475 649 primum
497 597 669 647 inpetum
688 597 893 634 missilibus
913 598 1014 642 telis,
1035 612 1127 636 saxa
1146 600 1217 637 ob-

90 664 262 716 jacentia
294 661 452 712 pedibus
481 661 622 709 ingerit
649 662 687 697 in
718 661 938 705 subeuntes,
967 664 1219 714 turbatosque

95 723 234 760 ictibus
264 722 404 761 crebris
435 730 545 771 urget
573 735 620 760 ex
648 724 842 774 superiore
870 725 980 762 loco:
1014 727 1067 763 sic
1100 739 1220 778 prope

98 792 298 823 oneratum
323 791 382 822 est
406 785 599 822 sinistrum
621 785 808 822 Romanis
831 800 964 831 cornu,
983 788 1024 824 ni
1053 788 1220 825 referen-

94 849 197 886 tibus
211 847 295 901 jam
321 849 479 898 gradum
499 847 647 893 consul,
671 850 902 901 increpando
930 849 1041 886 simul
1066 851 1218 888 temeri-

94 922 228 961 tatem,
259 915 371 953 simul
400 916 604 964 ignaviam,
635 915 779 966 pudore
809 922 951 952 metum
980 917 1219 954 excussisset.

93 982 287 1020 Restitere
306 983 429 1033 primo
449 981 650 1018 obstinatiS
670 982 827 1019 animis:
861 983 1006 1026 deinde,
1027 989 1069 1019 ut
1088 983 1126 1019 in
1147 983 1219 1020 ob-

94 1045 260 1082 tinentes
282 1044 409 1082 locum
436 1046 530 1082 vires
554 1045 742 1089 ferebant,
767 1046 906 1082 audent
934 1045 1034 1082 ultro
1061 1045 1219 1094 gradum

96 1111 236 1148 inferre
252 1126 263 1155 3
294 1117 346 1155 et,
376 1110 541 1147 clamore
569 1116 767 1154 renovato,
798 1117 1039 1147 commovent
1068 1111 1215 1148 aciem:

98 1185 179 1214 tum
207 1189 349 1220 rursuS,
376 1177 509 1227 inpetu
531 1182 658 1227 capto,
682 1176 891 1218 enituntur,
918 1182 1033 1224 atque
1059 1187 1219 1225 exsupe-

95 1246 182 1278 rant
209 1239 451 1288 iniquitatem
479 1238 566 1276 loci.
622 1238 710 1274 Jam
735 1250 854 1287 prope
872 1243 967 1280 erat,
990 1243 1031 1273 ut
1056 1238 1095 1273 in
1116 1249 1218 1274 sum-

95 1315 199 1340 mum
227 1301 313 1339 clivi
331 1301 469 1352 jugum
495 1301 710 1344 evaderent,
731 1312 847 1350 quum
868 1306 978 1349 terga
999 1299 1128 1334 hostes
1153 1298 1220 1334 de-

99 1368 211 1404 dere:
251 1367 445 1416 effusoque
473 1378 584 1402 cursu
617 1377 714 1415 pene
742 1365 894 1413 agmine
922 1376 1000 1401 uno
1028 1363 1219 1413 fugientes

75 1426 371 1479 *sequentesque
394 1428 526 1465 castris
549 1428 727 1464 incidere.
783 1426 830 1463 In
856 1438 903 1462 eo
929 1437 1070 1476 pavore
1096 1431 1221 1461 castra

98 1494 322 1544 capiuntur:
355 1493 419 1542 qui
446 1491 673 1528 Volscorum
701 1490 865 1539 effugere
892 1495 1114 1540 potuerunt,
1134 1489 1218 1526 An-

96 1560 192 1596 tium
210 1565 358 1609 petunt.
404 1559 564 1595 Antium
583 1564 622 1594 et
636 1557 834 1594 Romanus
855 1557 1040 1594 exercitus
1061 1557 1218 1593 ductus:

96 1637 237 1676 paucos
261 1625 545 1661 circumsessum
572 1624 648 1660 dies
673 1624 833 1667 deditur,
858 1623 965 1660 nulla
989 1622 1218 1674 obpugnan-

97 1690 193 1727 tium
219 1702 320 1726 nova
337 1690 373 1725 vi
386 1706 397 1735 ;
430 1689 495 1726 sed
519 1690 621 1738 quod
637 1688 720 1740 jam
744 1690 831 1726 inde
850 1689 897 1728 ab
921 1689 1064 1728 infelici
1088 1703 1218 1743 pugna.

100 1753 306 1803 castrisque
325 1752 470 1789 amissis
490 1751 704 1788 ceciderant
723 1752 852 1789 animi.
