1573 2598
243 399 306 451 T.
363 395 610 449 L1v11
666 380 1120 445 PATAVINI

510 543 724 583 LIBER
751 543 865 580 VIII.

538 693 824 719 ...ήμ-

194 822 282 862 ΑΜ
314 819 487 858 consules
522 824 631 855 erant
661 817 704 855 C.
730 816 903 854 Plautius
937 816 1156 860 secundum,
1193 816 1239 854 L.
1254 827 1346 859 uc,
1364 836 1439 860 424,

125 827 187 925 J
222 886 400 924 AEmilius
428 882 687 921 Mamercinus
702 898 712 927 3
745 894 861 930 quum
890 881 1012 917 Setini
1044 880 1241 918 Norbani·
1253 873 1292 903 A·
1311 872 1346 903 C·
1365 879 1439 903 3³8·

126 966 199 1003 que
220 952 402 993 Romam,
432 948 562 985 nuncii
582 946 804 983 defectionis
834 946 1127 990 Privernatium,
1158 959 1243 984 cum

125 1007 371 1068 querimoniis
409 1018 574 1063 acceptae
612 1010 727 1047 cladis
765 1016 961 1047 venerunt.
1017 1009 1246 1048 Volscorum

125 1084 217 1120 item
243 1080 464 1122 exercitum,
485 1077 580 1114 duce
598 1075 748 1112 Antiati
774 1074 932 1126 populo,
952 1075 1169 1112 consedisse
1197 1077 1246 1113 ad

123 1147 326 1189 Satricum,
337 1144 505 1181 adlatum
520 1147 594 1178 est:
612 1147 813 1190 utrumque
824 1140 965 1176 bellum
977 1139 1131 1178 Plautio
1143 1149 1245 1180 sorte
1258 1144 1345 1193 Bqlla
1361 1153 1442 1176 cum

122 1211 261 1248 evenit.
298 1208 408 1245 Prius
428 1206 476 1244 ad
494 1203 718 1243 Privernum
736 1204 930 1255 profectus
950 1206 1142 1256 extemplo
1161 1209 1242 1244 acie
1253 1188 1418 1262 gffig‘ga'

126 1274 321 1313 confiixit:
344 1269 445 1309 haud
463 1283 604 1320 magno
620 1270 825 1307 certamine
839 1270 974 1307 devicti
995 1271 1124 1308 hostes
1140 1287 1148 1308 ε
1171 1286 1241 1324 op·
1253 1275 1390 1306 Volscis.

125 1339 257 1391 pidum
275 1343 430 1388 captum
457 1335 723 1384 redditumque
750 1333 1051 1379 Privernatibus,
1071 1337 1248 1387 praesidio

125 1403 253 1441 valido
290 1401 478 1452 inposito:
519 1400 601 1449 agri
637 1406 764 1450 partes
802 1400 885 1436 duae
922 1401 1094 1439 ademtae.
1152 1402 1248 1440 Inde

127 1470 251 1505 victor
280 1467 468 1504 exercitus
503 1465 691 1503 Satricum
725 1472 860 1502 contra
886 1466 1066 1503 Antiates
1099 1467 1247 1507 ductus.

127 1533 189 1572 Ibi
214 1545 355 1582 magna
383 1532 574 1581 utrimque
601 1530 704 1567 caede
733 1537 845 1567 atrox
872 1530 1051 1581 proelium
1078 1532 1176 1569 fuit:
1209 1540 1248 1570 et

126 1610 242 1647 quum
261 1602 466 1647 tempestas
482 1608 562 1639 eos,
575 1602 713 1632 neutro
731 1594 914 1631 inclinata
927 1607 1006 1646 spe,
1021 1595 1246 1633 dimicantes

125 1662 350 1704 diremisset,
369 1660 551 1704 Romani,
567 1659 663 1696 nihil
684 1672 729 1696 eo
747 1660 953 1696 certamine
969 1666 1048 1696 tam
1064 1660 1248 1710 ambiguo

125 1726 230 1770 fessi,
252 1726 291 1761 in
319 1732 515 1776 posterum
541 1725 641 1761 diem
669 1724 847 1775 proelium
875 1731 1024 1774 parant.
1080 1725 1246 1770 Volscis,

126 1792 410 1830 recensentibus
428 1805 522 1840 quos
535 1792 636 1827 viros
653 1792 692 1827 in
708 1791 788 1827 acie
804 1792 1033 1835 amisissent,
1049 1793 1248 1843 haudqua-

126 1869 241 1906 quam
271 1855 370 1891 idem
404 1856 550 1892 animus
582 1855 628 1891 ad
658 1855 872 1891 iterandum
908 1856 1118 1905 periculum
1146 1857 1244 1895 fuit:

125 1917 329 1970 noctep1·o
355 1919 463 1955 victis
484 1920 644 1955 Antium
674 1919 826 1967 agmine
853 1919 1017 1970 trepido,
1038 1922 1175 1958 sauciis
1202 1934 1247 1959 ac

126 1990 233 2035 parte
256 1983 600 2033 inpedimentorum
623 1983 770 2026 relicta,
795 1983 984 2021 abierunt.
1040 1985 1248 2023 Armorum

125 2060 265 2096 magna
284 2048 337 2082 vis
367 2054 450 2083 tum
475 2048 575 2100 inter
598 2059 695 2083 caesa
714 2059 875 2097 corpora
895 2047 1078 2091 hostium,
1099 2054 1181 2086 tum
1207 2050 1247 2086 in

124 2111 256 2158 castris
285 2111 441 2147 inventa
466 2118 535 2148 est.
591 2112 651 2147 Ea
671 2111 760 2148 Luae
777 2113 889 2148 matri
919 2113 1008 2148 dare
1033 2125 1083 2156 se,
1113 2113 1246 2151 cons'ul
1262 2122 1330 2153 Lua
1347 2129 1461 2153 mater.

125 2176 243 2212 dixitr
277 2176 444 2225 finesque
472 2177 642 2213 hostium
664 2189 781 2226 usque
811 2177 858 2213 ad
878 2190 985 2213 oram
1013 2178 1246 2216 maritimam

125 2245 183 2275 est
216 2239 478 2289 depopulatus.
534 2240 657 2276 Alteri
686 2232 834 2276 consuli
865 2240 1040 2284 AEmilio,
1071 2241 1244 2290 ingresso

126 2301 317 2338 Sabellum
347 2315 493 2351 agrum,
513 2316 592 2340 non
621 2310 747 2340 castra
766 2303 1008 2347 Samnitium,
1040 2316 1118 2340 non
1147 2303 1244 2352 legi-

618 2368 651 2403 A
674 2379 695 2402 a
714 2368 736 2402 3
