1573 2598
108 282 152 314 U.
166 282 206 314 C.
222 287 297 318 291.

110 327 151 358 Α.
167 327 204 359 C.
220 332 295 360 461.

110 1894 237 1926 Latinos

108 1938 254 1970 vincunt.

327 188 407 242 178
779 197 824 233 τ.
849 200 983 234 mvn

320 287 392 326 'sed
425 288 489 326 vix
524 288 572 326 ad
606 288 754 338 “quietas
791 291 975 328 stationes
1011 289 1154 327 viribus
1197 291 1438 331 subficerent.

323 351 466 390 Munus
490 353 702 402 vigiliarum
720 360 933 398 senatores,
956 355 1021 405 qui
1050 367 1117 405 per
1139 362 1289 394 aetatem
1310 370 1355 395 ac
1372 371 1439 396 va-

322 415 531 455 letudinem
551 424 743 468 poterant,
760 427 828 470 per
846 432 886 456 se
904 420 976 470 ipsi
996 419 1176 457 obibant:
1202 421 1376 459 circuitio
1393 435 1439 459 ac

323 489 414 518 eura
438 482 605 520 ‘aedilium
626 482 759 533 “plebei
785 490 887 521 erat:
920 484 967 521 ad
993 496 1058 521 eos
1080 495 1228 522 summa
1250 498 1377 523 rerum
1395 499 1439 524 ac

286 598 289 599 γ
317 544 501 596 maiestas
518 546 730 583 'consularis
750 547 901 598 imperii
920 554 1088 586 venerat.

376 608 468 647 VII.
507 603 669 647 DeSerta
705 612 847 655 omnia,
877 612 959 648 sine
996 613 1133 663 capite,
1172 612 1254 649 sine
1280 612 1441 656 viribus,

322 672 390 710 Dii
418 674 595 724 praesides
619 686 662 711 ac
687 673 844 712 fortuna
867 675 970 712 urbis
995 681 1123 712 tutata
1145 682 1216 719 est,
1240 689 1323 726 quae
1345 676 1438 713 Vol-

318 737 396 774 scis
427 737 654 787 AEquisque,
691 738 912 788 praedonum
950 740 1076 789 potius
1114 746 1295 783 mentem,
1326 753 1440 789 quam

319 801 504 845 hostium,
525 802 650 838 dedit:
683 802 778 838 ‘adeo
799 803 900 838 enim
922 803 1028 840 nulla
1049 816 1133 853 spes
1157 816 1236 840 non
1263 804 1439 855 potiundi

317 866 450 910 modo,
472 866 537 902 sed
559 877 607 902 ne
629 866 790 903 adeundi
806 867 962 915 >quidem
979 866 1160 904 Romana
1178 869 1333 911 moenia,
1354 868 1438 905 ani-

319 936 405 967 'mo's
432 941 564 966 eorum
586 931 702 980 cepit,
728 936 904 980 tectaque
928 931 1062 981 procul
1087 933 1168 969 visa
1192 939 1304 982 atque
1326 933 1439 969 inmi-

312 998 456 1030 nentes
491 993 628 1030 tumuli
665 1000 834 1030 avertere
869 1001 1015 1031 mentes
1054 1007 1185 1031 eorum
1201 1011 1212 1041 3
1251 1001 1308 1039 ut,
1345 997 1437 1032 totis

317 1057 461 1108 ‘passim
490 1058 622 1094 castris
651 1057 806 1093 fremitu
829 1064 936 1101 orto,
958 1059 1046 1106 quid
1067 1060 1105 1094 in
1123 1063 1223 1095 vasto
1242 1072 1284 1096 ac
1303 1059 1443 1096 deserto

321 1138 409 1174 agro
440 1127 535 1162 mter
567 1126 683 1162 tabem
715 1137 885 1174 pecorum
919 1126 1170 1176 hominumque
1201 1129 1337 1165 desides
1367 1129 1444 1166 sine

311 1191 446 1238 praeda
474 1194 611 1238 tempus
640 1194 806 1233 tererent,
837 1202 946 1238 quum
974 1192 1116 1239 integra
1144 1192 1195 1228 lot
1185 1205 1236 1235 α,
1270 1193 1442 1230 Tuscula-

312 1261 407 1290 num
425 1266 565 1302 agrum,
587 1255 745 1302 opimum
763 1256 886 1302 copiis,
904 1260 1027 1302 petere
1041 1262 1204 1304 possent.
1201 1258 1220 1284 9
1247 1257 1277 1292 si
1281 1269 1357 1305 gna
1380 1270 1439 1294 re-

316 1322 434 1366 pente
454 1316 643 1353 convelle1
646 1322 722 1359 ent
742 1319 1040 1367 transversisque
1060 1319 1258 1355 itineribus
1279 1333 1345 1369 per
1358 1320 1437 1357 La-

318 1381 474 1416 'vicanos
500 1392 611 1429 agros
640 1381 680 1416 in
708 1380 947 1417 Tusculanos
977 1381 1091 1418 colles
1130 1371 1358 1419 transirent:
1391 1397 1437 1421 eo

319 1445 376 1480 vis
397 1446 520 1480 omnis
543 1451 822 1494 tempestasque
841 1444 931 1481 belli
951 1457 1134 1481 conversa
1153 1453 1220 1483 est.
1277 1446 1438 1484 Interim

319 1508 483 1546 'Hernici
504 1509 724 1558 Latinique,
751 1509 895 1559 pudore
921 1509 1050 1553 etiam,
1076 1522 1155 1546 non
1181 1511 1439 1549 misericordia.

322 1572 460 1616 solum,
484 1573 594 1617 moti,
617 1573 649 1609 si
670 1585 741 1609 nec
763 1572 1003 1609 obstitissent
1023 1574 1286 1610 communibus
1315 1575 1438 1611 hosti·

315 1637 409 1680 bus,
439 1637 578 1674 infesto
608 1638 760 1687 agmine
788 1637 1006 1674 Romanam
1033 1637 1166 1674 urbem
1203 1639 1434 1688 petentibus,

322 1712 393 1737 nec
423 1713 535 1752 opem
563 1701 679 1738 ullam
708 1701 870 1737 obsessis
900 1702 1012 1738 sociis
1035 1701 1199 1745 ferrent,
1226 1701 1440 1752 conjuncto

323 1767 493 1803 exercitu
521 1766 688 1802 Romam
715 1772 891 1815 pergunt.
950 1764 1028 1802 Ubi
1055 1776 1173 1815 quum
1200 1767 1330 1803 hostes
1358 1780 1438 1805 non

323 1830 570 1873 invenissent,
600 1830 720 1867 secuti
748 1830 887 1866 famam
926 1842 969 1866 ac
997 1830 1171 1879 vestigia,
1203 1830 1306 1866 obvii
1341 1831 1438 1868 fiunt

324 1894 638 1930 descendentibus
666 1893 714 1930 ab
744 1893 964 1930 Tusculano
993 1895 1031 1930 in
1060 1894 1250 1931 Albanam
1276 1894 1434 1931 vallem:

315 1958 378 1996 >ibi
399 1957 690 2006 haudquaquam
713 1970 821 2006 aequo
846 1957 983 2007 proelio
1003 1964 1215 2008 pugnatum
1235 1964 1307 2001 est,
1327 1957 1438 1996 fides-

324 2034 396 2071 que
415 2033 483 2057 sua
501 2021 614 2057 sociis
635 2033 768 2071 parum
788 2020 879 2056 felix
898 2021 938 2056 in
960 2022 1163 2070 praesentia
1179 2021 1266 2058 fuit.
1321 2021 1438 2059 Haud

324 2088 450 2124 minor
467 2087 603 2124 Romze
631 2087 673 2123 fit
697 2086 832 2123 morbo
855 2093 1018 2135 strages,
1036 2099 1149 2135 quam
1171 2093 1314 2137 quanta
1334 2088 1438 2126 ferro

325 2152 515 2189 sociorum
551 2151 654 2188 facta
685 2157 790 2188 erat:
823 2151 970 2194 consul,
1000 2152 1065 2200 qui
1099 2164 1196 2188 unus
1230 2159 1439 2202 supererat,

323 2217 510 2253 moritur:
541 2216 682 2253 mortui
710 2222 747 2252 et
776 2215 841 2251 alii
870 2215 961 2251 clari
985 2215 1068 2258 viri,
1094 2215 1152 2252 M.
1179 2215 1368 2260 Valerius,
1390 2216 1437 2254 T.

324 2280 519 2329 Virginius
548 2280 718 2324 Rutilus,
755 2292 942 2330 augures3
983 2280 1062 2316 Ser.
1091 2279 1294 2330 Sulpicius,
1330 2281 1438 2317 curio

322 2346 510 2383 maximus
528 2359 536 2382 z
567 2351 606 2382 et
630 2357 702 2396 per
723 2346 860 2394 ignota
883 2344 1010 2396 capita
1029 2344 1107 2382 late
1127 2350 1288 2393 evagata
1305 2350 1363 2380 est
1379 2344 1439 2381 vis
