1573 2598
298 118 382 170 418
753 133 801 163 T.
825 110 959 163 mvn

109 223 152 255 U.
166 223 202 254 C.
218 228 291 256 369.

111 267 150 298 A.
165 267 201 298 C.
219 273 292 298 383.

304 221 580 269 vigiliarumque
597 220 709 268 adjici
723 224 846 271 possit,
868 226 1060 259 certantem
1077 232 1192 258 secum
1211 222 1327 271 ipsum
1344 223 1414 260 ad-

305 286 479 327 nisurum,
508 291 551 321 ut
571 290 672 322 tanto
700 287 743 322 de
766 299 801 323 se
826 299 991 322 consensu
1016 287 1171 323 civitatis
1198 287 1415 336 opinionem,

306 360 383 396 quae
404 350 561 384 maxima
577 351 638 392 sit,
658 351 768 386 etiam
792 354 1009 390 constantem
1031 349 1177 398 efficiat.
1235 350 1339 391 Quod
1366 352 1417 387 ad

307 412 435 448 bellum
471 417 577 460 atque
612 413 778 450 Antiates
812 414 988 456 adtineat,
1023 413 1107 462 plus
1139 413 1189 448 ibi
1220 413 1414 456 minarum,

307 488 416 524 quam
435 477 602 524 periculi,
636 488 732 513 esse:
769 488 806 513 se
834 481 966 519 tamen,
993 481 1034 513 ut
1062 476 1153 512 nihil
1181 477 1341 519 timendi,
1366 478 1419 513 sic

308 541 401 577 nihil
425 543 668 591 contemnendi
694 547 874 578 auctorem
898 554 977 578 esse.
1027 542 1281 578 circumsederi
1298 542 1419 578 urbem

311 604 514 642 Romanam
542 605 587 640 ab
615 606 749 641 invidia
776 610 811 641 et
838 606 920 641 odio
935 606 1201 654 finitimorum:
1238 606 1358 653 itaque
1384 609 1420 641 et

309 669 452 706 ducibus
479 669 642 717 pluribus
672 674 708 705 et
738 669 943 706 exercitibus
974 670 1296 705 administrandam
1325 681 1419 705 rem-

306 733 489 781 publicam
517 745 597 769 esse.
660 735 722 776 Te,
743 733 880 782 inquit,
902 734 947 769 P.
969 733 1102 776 Valeri,
1121 734 1255 770 socium
1277 734 1421 781 imperii

309 797 528 846 consiliique,
556 797 708 844 legiones
735 809 872 833 mecum
897 798 1063 833 adversus
1081 798 1264 833 Antiatem
1288 797 1422 833 hostem

312 861 440 896 ducere
462 862 608 909 placet:
638 866 684 904 te,
708 861 751 902 Q.
772 861 915 902 Servili,
942 861 1056 896 altero
1078 862 1231 896 exercitu
1251 862 1423 897 instructo

308 928 519 973 paratoque,
545 925 583 960 in
607 924 690 960 urbe
717 928 835 959 castra
854 923 979 959 habere
992 940 1005 967 ,-
1033 924 1209 959 intentam
1223 925 1294 960 sive
1309 924 1422 960 Etru-

310 990 368 1024 ria
395 999 431 1023 se
456 988 613 1030 interim,
643 992 685 1024 ut
710 999 837 1036 nuper,
863 988 935 1023 sive
961 998 1054 1023 nova
1080 987 1152 1023 haec
1177 999 1276 1031 cura,
1298 988 1424 1024 Latini

312 1058 419 1100 atque
450 1052 614 1095 Hernici,
644 1053 828 1088 moverint.
884 1052 960 1088 Pro
991 1055 1085 1087 certo
1116 1051 1237 1094 habeo,
1267 1053 1321 1088 ita
1348 1064 1425 1088 rem

311 1121 508 1164 gestarum,
528 1121 570 1152 ut
584 1121 704 1165 patre,
724 1128 804 1160 avo,
833 1121 934 1165 teque
957 1118 1032 1165 ipso
1057 1128 1100 1152 ac
1117 1128 1177 1152 sex
1195 1116 1426 1152 tribunatibus

315 1181 464 1228 dignum
492 1186 554 1217 est.
604 1182 744 1217 Tertius
762 1182 933 1217 exercitus
953 1192 995 1216 ex
1013 1181 1200 1216 caussariis
1215 1181 1423 1217 senioribus-

293 1298 298 1302 1
314 1257 382 1294 que
400 1257 423 1280 a
442 1245 486 1282 L.
509 1245 675 1286 Quinctio
691 1245 878 1288 scribatur,
900 1246 960 1293 qui
977 1245 1054 1282 urbi
1072 1244 1306 1293 moenibusque
1332 1257 1426 1293 prae-

316 1309 408 1345 sidio
435 1311 492 1345 sit.
550 1310 594 1346 L.
614 1310 790 1346 Horatius
815 1322 931 1352 arma,
960 1310 1045 1352 tela,
1064 1308 1306 1358 frumentum,
1331 1322 1425 1357 quae·

318 1385 384 1420 que
411 1373 492 1409 belli
523 1374 600 1408 alia
629 1377 788 1421 tempora
811 1378 969 1421 poscent,
995 1373 1196 1421 provideat.
1258 1373 1318 1416 Te,
1349 1373 1427 1410 Ser.

320 1436 476 1478 Corneli,
498 1437 686 1484 praesidem
707 1435 809 1482 hujus
826 1436 963 1484 publici
981 1437 1130 1479 consilii,
1150 1437 1322 1472 custodem
1342 1437 1426 1472 reli·

315 1502 476 1548 gionum,
509 1501 744 1542 comitiorum,
777 1500 908 1547 legum,
941 1512 1060 1536 rerum
1091 1502 1246 1536 omnium
1274 1501 1427 1536 urbana-

316 1576 412 1606 rum,
433 1561 759 1612 collegaefacimus.
806 1562 964 1600 Cunctis
985 1563 1024 1599 in
1042 1569 1167 1613 partes
1186 1563 1351 1599 muneris
1370 1564 1427 1599 sui

317 1626 484 1675 benigne
512 1626 779 1677 pollicentibus
809 1639 977 1677 operam,
996 1627 1185 1670 Valerius,
1214 1627 1337 1663 socius
1357 1627 1427 1663 im-

319 1691 414 1742 perii
442 1690 576 1734 lectus,
607 1689 770 1740 adjecit3
809 1691 864 1728 M.
884 1691 1027 1728 Furium
1057 1692 1120 1728 sibi
1147 1704 1213 1740 pro
1241 1693 1428 1734 dictatore,

321 1766 424 1804 seque
440 1755 473 1790 ei
486 1766 555 1803 pro
572 1755 742 1802 magistro
755 1755 910 1802 equitum
920 1754 1105 1804 ficturum.
1137 1756 1308 1797 Proinde,
1326 1767 1429 1803 quam

323 1820 525 1868 opinionem
544 1819 588 1855 de
605 1820 709 1854 unico
728 1820 956 1867 imperatore,
980 1822 1057 1856 eam
1081 1831 1177 1868 spem
1199 1819 1241 1855 de
1259 1819 1348 1856 bello
1366 1819 1430 1855 ha·

323 1883 452 1919 berent.
509 1883 558 1918 Se
583 1893 664 1918 vero
693 1883 775 1919 bene
798 1895 952 1932 sperare,
980 1882 1125 1926 Patres,
1146 1888 1182 1919 et
1206 1884 1249 1919 de
1266 1883 1368 1925 bello,
1398 1889 1432 1919 et

324 1948 366 1983 de
397 1958 489 1995 pace
522 1947 753 1995 universaque
786 1948 980 1996 republica,
1018 1948 1132 1984 erecti
1169 1946 1321 1996 gaudio,
1358 1947 1433 1984 fre-

323 2016 456 2047 munt:
497 2022 562 2046 nec
593 2011 768 2046 dictatore
794 2024 963 2060 umquam
995 2023 1082 2060 opus
1104 2011 1192 2060 fore
1221 2011 1431 2059 reipublicae,

326 2076 355 2110 si
384 2075 473 2111 tales
498 2075 591 2110 viros
618 2076 655 2110 in
682 2076 895 2122 magistratu
925 2074 1063 2117 habeat,
1101 2079 1175 2110 tam
1211 2076 1437 2111 concordibus

317 2136 462 2184 junctos
489 2139 629 2180 animis,
656 2149 785 2185 parere
813 2143 920 2187 atque
949 2140 1122 2186 imperare
1140 2136 1248 2184 juxta
1272 2144 1434 2187 paratos,

327 2201 536 2249 laudemque
554 2199 771 2249 conferentes
786 2203 904 2250 potius
920 2204 956 2238 in
976 2203 1144 2245 medium,
1159 2214 1262 2250 quam
1283 2214 1323 2238 ex
1342 2215 1435 2240 com.-

326 2266 425 2300 *muni
443 2263 490 2301 ad
507 2276 543 2300 se
561 2265 750 2302 trahentes.
