1573 2598
400 203 633 251 'EPITOME
668 220 812 250 11113111
848 220 943 251 vn.
1143 221 1224 266 471

115 307 271 353 haberet,
298 310 340 347 ob
364 312 531 348 virtutem
557 316 696 348 creatus
715 316 776 347 est.
832 311 1008 347 Amicitia
1026 324 1105 348 cum
1125 312 1225 350 Kar-2

115 374 392 422 thaginiensibus
410 373 554 422 juncta.
612 376 801 424 Campani,
831 387 938 423 quum
963 382 1177 423 urgerentur
1200 389 1225 414 a

112 438 332 475 Samnitibus
351 440 454 483 bello,
475 441 610 476 auxilio
629 441 796 476 adversus
814 451 870 475 eos
897 451 920 474 a
943 445 1065 476 senatu
1090 443 1222 488 petito,

111 515 219 552 quum
251 505 290 540 z'd
318 516 389 541 non
415 506 647 553 inpetrarent,
675 504 796 539 ‘urbem
824 508 934 551 atque
957 515 1062 551 agros
1084 506 1225 552 populo

111 566 276 604 Roma-no
295 569 507 609 dediderunt
519 585 531 605 :
559 569 600 604 ob
619 580 726 616 quam
745 580 903 604 caussam
926 579 981 610 ea,
1002 580 1079 615 quae
1095 569 1225 617 populi

110 631 266 667 Romani
283 632 396 681 facta
424 637 547 675 essent,
572 631 717 681 defendi
743 631 835 667 bello
857 632 1024 667 adversus
1042 631 1223 668 Samnites

103 697 257 744 placuit.
300 698 417 738 Quum
436 698 480 733 ab
500 699 544 732 A.
565 698 728 733 Cornelio
747 697 888 732 consule
902 698 1076 732 exercitus
1094 698 1129 733 in
1148 699 1223 733 ini·

107 772 216 809 quum
243 761 360 796 locum
388 763 560 797 deductus
588 763 625 796 in
652 773 784 808 magno
812 761 1014 796 discrimine
1042 766 1142 803 esset,
1171 763 1220 799 Ρ.

105 824 216 861 Decii
240 825 357 861 Muris
383 826 515 861 tribuni
545 826 699 861 militum
724 836 833 872 opera
851 828 1014 859 servatus
1031 829 1110 861 est:
1141 827 1218 873 qui,

106 894 278 937 occupato
298 890 386 925 colle
403 902 508 938 super
528 890 564 925 icl
582 887 727 936 jugum,
748 891 786 925 in
808 901 877 937 quo
897 889 1079 924 Samnites
1097 901 1219 926 conse-

107 953 248 995 derant,
283 954 499 989 occasionem
533 953 667 987 consuli
696 951 734 987 in.
762 953 952 1000 sequiorem
986 952 1100 988 locum
1133 965 1218 989 eva-

105 1017 211 1052 dendi
246 1018 376 1053 dedit:
422 1019 495 1065 ipse
531 1017 575 1052 ab
611 1017 763 1054 hostibus
804 1017 1049 1053 circumsessus
1083 1018 1218 1066 erupit.

106 1082 225 1122 Quum
253 1082 384 1117 milites
413 1081 579 1123 Romani,
610 1082 671 1129 qui
697 1080 829 1128 Capuce
854 1082 891 1116 in
916 1081 1086 1128 praesidz’o
1111 1086 1216 1117 erant

100 1146 231 1188 relicti,
253 1147 296 1181 cle
314 1157 357 1181 ea
375 1146 585 1194 occupanda
603 1145 688 1180 urbe
712 1146 984 1192 conspirassent,
1006 1149 1054 1186 et,
1076 1145 1218 1181 detecto

100 1210 257 1251 consilio,
278 1213 373 1244 metu
390 1210 557 1257 supplicii
579 1221 603 1244 a
626 1209 766 1256 populo
790 1208 953 1244 Romano
981 1207 1215 1256 dejecissenm

94 1286 162 1322 per
190 1274 245 1309 M.
271 1274 452 1309 Valerium
473 1273 624 1308 Corvum
644 1273 867 1314 dictatorcm,
895 1273 957 1320 qui
984 1273 1129 1308 consilio
1147 1285 1214 1309 suo

97 1350 154 1374 eos
181 1351 203 1373 a
220 1337 354 1386 furore
379 1342 619 1379 revocaverat,
642 1338 776 1385 patrioe
802 1337 959 1372 restituti
985 1340 1102 1372 sunt.'
1137 1336 1212 1373 Res

94 1408 269 1452 proeterea
298 1408 423 1439 contra
450 1403 636 1446 Hernicos,
667 1408 703 1438 et
736 1403 874 1444 Gallos,
901 1407 935 1436 et
969 1401 1142 1444 Tiburtes,
1172 1407 1210 1437 et

97 1467 337 1509 Privemates,
358 1470 393 1502 et
417 1467 699 1515 Tarquinienses,
731 1471 765 1502 et
794 1465 986 1509 Samnites,
1009 1469 1044 1500 et
1066 1465 1211 1502 Volscos

92 1543 261 1580 prospere
276 1535 393 1579 gestas
413 1532 584 1567 continet.
