1573 2598
358 133 444 178 430
805 136 851 166 τ’.
877 136 1013 167 mvn

162 229 204 259 U.
221 227 258 257 C.
276 231 338 261 ³70
360 227 395 259 et
412 235 505 272 nunc
521 224 670 272 singulis
683 223 822 274 feram.
878 227 977 263 Nam
995 227 1091 275 quod
1107 227 1158 264 ad
1175 227 1356 266 thesauros
1379 229 1468 267 Gal-

165 271 447 324 ‘⁴⁶'C·3⁸²‘licos
474 289 627 332 adtinet,
656 301 744 333 rem,
772 295 900 339 suapte
926 295 1060 327 natura
1083 290 1255 340 facilem,
1285 293 1470 342 difficilem

358 353 594 399 interrogatio
602 351 704 401 facit
716 369 728 390 .·
758 367 821 390 our
839 356 932 390 enim
948 356 1118 403 quaeritis,
1139 356 1233 403 quod
1247 357 1374 393 scitis?
1391 369 1467 401 cur,

357 417 453 464 quod
468 418 505 452 in
522 418 602 452 sinu
620 422 734 453 vestro
753 423 817 461 est,
837 421 955 455 excuti
970 417 1104 465 jubetis
1121 421 1257 468 potius,
1278 433 1386 469 quam
1400 433 1470 469 po-

356 481 466 523 natis,
486 482 553 516 nisi
572 481 697 530 aliqua
713 480 827 530 fraus
845 483 959 519 subest
976 485 997 519 ,9
1026 484 1104 525 Quo
1123 486 1238 532 magis
1255 486 1362 532 argui
1374 497 1470 534 prae-

354 546 482 592 stigias
500 543 634 591 jubetis
660 550 808 590 vestras,
837 559 877 583 eo
906 549 992 596 plus
1015 560 1151 591 vereor,
1182 560 1227 585 ne
1255 549 1474 586 abstuleritis

358 609 617 645 observantibus
644 611 753 646 etiam
780 611 910 648 oculos.
966 612 1096 661 Itaque
1120 625 1192 649 non
1214 624 1292 660 ego,
1313 613 1408 650 vobis
1430 618 1473 649 ut

358 672 513 709 indicem
534 673 680 722 praedas
702 678 848 718 vestras,
868 675 930 712 sed
954 688 1015 713 vos
1037 676 1075 712 id
1093 677 1243 724 cogendi
1261 677 1357 720 estis,
1376 680 1418 713 ut
1436 677 1473 713 in

359 738 516 773 medium
530 737 741 786 proferatis,

412 800 523 838 XVI.
551 802 680 841 Quum
698 802 848 839 mittere
867 801 1043 852 ambages
1064 804 1228 841 dictator
1240 802 1410 854 juberet,
1431 809 1471 841 et

361 871 427 901 aut
454 877 632 915 peragere
651 878 780 901 verum
804 866 985 902 indicium
1004 873 1172 916 cogeret,
1193 874 1260 903 aut
1285 867 1396 903 fateri
1414 866 1472 904 fa-

362 928 467 963 cinus
501 928 708 964 insimulati
739 928 835 964 falso
866 929 1022 965 crimine
1055 934 1224 973 senatus,
1260 929 1474 980 oblataeque

364 992 449 1027 vani
478 991 568 1027 furti
598 992 775 1037 invidiae,
806 999 1024 1041 negantem,
1050 993 1208 1030 arbitrio
1236 993 1474 1031 inimicorum

363 1067 402 1091 se
431 1055 660 1098 locuturum,
690 1055 728 1091 in
756 1055 906 1092 vincula
934 1056 1019 1093 duci
1045 1055 1174 1107 jussit.
1231 1057 1422 1107 Adreptus
1451 1070 1474 1094 a

363 1119 521 1161 viatore,
541 1119 701 1166 Jupiter,
722 1119 858 1168 inquit,
879 1121 1012 1168 optime
1033 1122 1198 1163 maxime,
1218 1121 1384 1168 Junoque
1403 1120 1474 1157 Re-

364 1184 464 1231 gina,
495 1195 538 1219 ac
557 1183 736 1226 Minerva,
766 1186 941 1233 ceterique
960 1185 1031 1221 Dii
1051 1186 1223 1233 Deaeque‚
1248 1186 1308 1233 qui
1329 1185 1474 1233 Capito-

366 1249 455 1283 lium
484 1259 671 1295 arcemque
704 1249 872 1290 incolitis,
904 1250 1033 1285 siccine
1067 1254 1220 1284 cestrum
1250 1249 1400 1285 militem
1435 1260 1479 1285 ac

364 1313 550 1359 praesidem
577 1313 692 1347 sinitis
715 1313 838 1348 vexari
860 1312 903 1348 ab
922 1313 1074 1348 inimicis
1090 1313 1111 1348 ,⁹
1139 1312 1227 1348 Hoec
1246 1312 1385 1354 dextra,
1406 1324 1478 1360 qua

372 1375 497 1411 Gallos
513 1374 605 1423 fudi
631 1388 653 1411 a
672 1376 826 1411 delubris
852 1377 987 1418 vestri&
1003 1374 1085 1422 jam
1105 1377 1139 1411 in
1159 1376 1309 1412 vinculis
1326 1380 1362 1411 et
1379 1380 1476 1411 cate-

365 1443 421 1479 nis
443 1443 510 1477 erit
527 1442 548 1476 Γ)
575 1441 726 1476 Nullius
750 1453 819 1476 nec
843 1440 943 1478 oculi
973 1453 1043 1478 nec
1072 1453 1180 1477 aures
1209 1441 1476 1489 indignitatem

366 1503 561 1541 ferebant:
603 1505 666 1540 scd
704 1505 845 1542 invicta
881 1504 953 1541 sibi
991 1505 1163 1553 quaedam
1200 1505 1478 1554 patientissima

360 1567 457 1617 justi
487 1569 634 1619 imperii
662 1569 792 1604 civitas
822 1568 988 1604 fecerat:
1021 1580 1090 1604 nec
1117 1568 1290 1604 adversus
1314 1568 1476 1604 dictato·

367 1632 462 1667 riam
480 1631 556 1667 vim
585 1638 651 1667 aut
678 1631 820 1667 tribuni
849 1630 984 1681 plebis,
1009 1637 1073 1666 aut
1103 1631 1185 1680 ipsa
1213 1629 1332 1680 plebs,
1353 1630 1477 1667 adtol-

152 1693 296 1726 Manlius
311 1691 343 1721 in
368 1695 443 1731 lere
463 1695 593 1732 oculos
613 1703 679 1732 aut
704 1696 848 1732 hiscere
869 1695 1072 1732 audebant.
1129 1694 1317 1745 Conjecto
1336 1695 1375 1732 in
1395 1709 1476 1733 car·

151 1745 311 1768 carcerem

153 1781 282 1812 missus.

368 1771 493 1795 cerem
508 1757 674 1802 Manlio,
694 1759 782 1795 satis
805 1765 969 1802 constat,
991 1770 1169 1807 maguam
1191 1764 1338 1809 partem
1356 1758 1476 1809 plebis

368 1829 510 1859 vestem
539 1829 719 1866 mutasse,
740 1822 879 1859 multos
910 1822 1088 1860 mortales
1117 1822 1294 1873 capillum
1323 1835 1367 1859 ac
1389 1822 1477 1861 bar·

366 1887 455 1923 bam
492 1887 724 1936 promisisse,
759 1887 1072 1936 obversatamque
1101 1885 1288 1923 vestibulo
1318 1886 1477 1923 carceris

367 1956 543 1986 moestam
580 1950 741 1988 turbam.
797 1951 976 1987 Dictator
1009 1951 1054 1987 de
1084 1949 1232 1986 Volscis
1265 1950 1476 2000 triumpha·

367 2013 451 2048 vit:
495 2012 719 2062 invidiaeque
756 2014 875 2062 magis
914 2014 1141 2063 triumphus,
1181 2025 1293 2062 quam
1329 2012 1475 2062 gloriae,

367 2075 454 2113 fuit.
509 2076 662 2127 Quippe
685 2077 800 2120 domi,
821 2090 899 2113 nou
918 2077 1077 2120 militiae,
1105 2083 1254 2127 partum
1271 2089 1382 2122 eum3
1415 2090 1477 2114 ac·

368 2146 524 2188 tumque
553 2139 598 2175 de
627 2139 722 2185 cive,
752 2153 830 2176 nou
859 2141 905 2176 de
937 2140 1061 2184 hoste,
1092 2139 1328 2177 fremebant:
1363 2153 1480 2178 unum

369 2201 531 2240 defuisse
569 2209 717 2240 tantum
745 2203 945 2255 superbiae,
976 2205 1077 2253 quod
1115 2217 1194 2240 nou
1222 2203 1279 2241 M.
1308 2203 1475 2241 Manlius

368 2272 458 2302 ante
480 2277 631 2305 currum
659 2267 709 2304 sit
736 2267 884 2305 ductus.
939 2267 1103 2318 Jamque
1131 2267 1232 2306 haud
1260 2265 1392 2319 procul
1419 2279 1476 2304 se-
