1573 2598
144 466 288 503 Manlius
303 478 321 500 e

141 522 265 543 carcere
284 528 291 542 ι

141 555 298 587 educitur.

356 123 444 168 432
772 158 775 161 ,
833 123 880 154 τ.
903 125 1038 155 mvn

358 213 465 250 bitrio
499 214 635 264 ducere·
660 213 858 250 animam?
889 214 992 250 Adeo
1022 214 1062 250 in
1095 224 1166 250 uno
1197 212 1358 251 omnibus
1388 216 1476 252 satis

357 278 488 313 auxilii
492 276 626 325 fuisse,
642 278 783 314 nullam
797 289 901 326 opem
916 279 953 313 z'n
968 282 1044 313 tam
1057 278 1182 313 multis
1194 278 1257 313 uni
1268 279 1368 315 esse?
1385 277 1474 325 Jam

357 351 407 376 ne
431 347 545 376 nocte
569 340 721 389 quidem
747 339 860 377 turba
885 353 932 376 ex
956 352 1002 377 eo
1024 339 1112 376 loco
1134 339 1385 385 dilabebatur,
1410 353 1471 389 re-

357 402 620 453 fracturosque
641 416 830 442 carcerem
851 403 1119 441 minabantur:
1152 417 1268 454 quum
1295 405 1470 450 remisso,

358 467 396 504 id
421 467 522 516 quod
546 468 712 518 erepturi
733 474 855 512 erant,
876 481 924 505 ex
948 466 1281 504 senatusconsulto
1301 466 1473 520 Manlius

358 531 516 568 vinculis
545 531 750 569 liberatur:
782 545 858 582 quo
877 532 981 569 facto
1004 544 1082 569 non
1107 532 1243 568 seditio
1266 530 1386 576 finita,
1407 531 1474 569 sed

357 595 436 632 dux
463 596 641 633 seditioni
669 597 777 633 datus
807 603 877 645 est.
933 597 1007 634 Per
1034 597 1187 634 eosdem
1215 596 1291 634 dies
1319 596 1471 634 Latinis

353 665 396 708 ¹et
423 659 618 704 Hernicis,
641 659 755 697 simul
782 660 928 697 colonis
950 659 1230 697 Circeiensibus
1260 666 1300 697 et
1327 673 1350 696 a
1366 658 1474 696 Veli-

355 724 438 768 tris,
468 724 718 775 purgantibus
741 737 781 761 se
799 724 931 761 Volsci
959 725 1117 762 erimine
1145 723 1249 768 belli,
1280 724 1471 775 captivos·

351 801 429 839 ,que
454 788 726 838 repetentibus,
747 795 790 825 ut
815 789 891 826 suis
917 787 1064 838 legibus
1091 789 1133 825 in
1152 801 1216 825 eos
1236 788 1470 825 animadver-

353 857 494 895 terent,
524 853 649 889 tristia
677 865 861 902 responsa
896 853 1066 898 reddita3
1105 853 1275 888 tristiora
1307 850 1469 895 colonis,

355 915 459 963 quod
495 915 593 951 cives
630 915 799 951 Romani
834 916 967 965 patriae
1003 914 1269 966 obpugnandae
1304 914 1470 952 nefanda

355 978 515 1014 consilia
543 979 713 1016 inissent.
768 979 861 1016 Non
885 985 1067 1028 negatum
1093 981 1222 1028 itaque
1248 984 1398 1015 tantum
1423 979 1470 1016 de

355 1044 539 1093 captivis3
577 1044 654 1086 sed,
685 1045 724 1080 in
753 1057 829 1094 quo
859 1044 906 1081 ab
936 1045 1048 1081 sociis
1078 1050 1204 1080 tamen
1234 1050 1467 1094 temperave-

356 1113 455 1150 rant,
486 1107 754 1144 denunciatum
783 1114 935 1144 senatus
955 1108 1093 1151 verbis,
1123 1108 1352 1144 facesserent
1379 1120 1468 1158 pro-

356 1182 444 1219 pere
469 1183 516 1207 ex
541 1170 647 1213 urbe,
668 1171 716 1207 ab
744 1184 812 1208 ore
840 1178 954 1220 atque
980 1171 1098 1207 oculis
1128 1170 1259 1221 populi
1284 1170 1465 1213 Romani,

354 1247 402 1269 ne
421 1233 517 1270 nihil
536 1247 599 1271 eos
629 1235 832 1284 legationis
846 1235 927 1286 jus,
948 1242 1105 1272 externo
1125 1247 1203 1271 nou
1222 1235 1295 1271 civi
1314 1247 1467 1286 compa-

345 1303 492 1341 ratum,
514 1305 671 1347 tegeret.

161 1558 342 1591 [LO-371.

158 1601 200 1629 Λ.
217 1601 252 1630 C.
270 1606 343 1629 asi.

408 1360 563 1399 XVIII.
592 1361 898 1398 Recrudescente
925 1360 1126 1398 Manliana
1161 1361 1359 1405 seditione,
1395 1360 1465 1407 sub

354 1424 460 1460 exitu
491 1427 581 1461 anui
614 1427 770 1462 coniitia
801 1425 946 1469 habita,
978 1426 1168 1475 creatique
1195 1425 1338 1462 tribuni
1367 1425 1465 1462 mili-

354 1493 436 1522 tum
462 1488 650 1523 consulari
680 1495 870 1538 potestate
896 1502 943 1525 ex
962 1489 1138 1525 Patribus
1166 1489 1245 1525 Ser.
1266 1488 1464 1525 Cornelius

355 1549 632 1598 BIaluginensis
662 1551 830 1593 tertium,
861 1551 903 1589 P.
935 1551 1104 1587 Valerius
1134 1551 1283 1587 Potitus
1314 1552 1464 1596 iterum,

354 1612 412 1663 M·
441 1613 576 1649 Furius
609 1614 804 1658 Camillus,
835 1614 915 1652 Ser.
945 1614 1130 1665 Sulpicius
1160 1615 1284 1651 Rufus
1314 1615 1464 1659 iterum,

355 1677 399 1714 C.
422 1677 595 1728 Papirius
627 1679 799 1721 Crassus,
829 1679 874 1715 T.
895 1679 1097 1718 Quinctius
1129 1679 1376 1715 Cincinnatus
1406 1691 1464 1714 se-

353 1742 529 1778 eundum.
587 1741 704 1791 Cujus
723 1743 911 1793 principio
931 1743 1020 1778 anni
1041 1748 1079 1778 et
1096 1742 1273 1779 Patribus
1297 1749 1336 1778 et
1362 1741 1465 1792 plebi

352 1810 634 1854 peropportune
664 1812 820 1841 externa
852 1818 927 1855 pax
955 1805 1064 1841 data:
1102 1803 1218 1855 plebi,
1248 1804 1346 1853 quod
1384 1816 1462 1842 nou

340 1875 510 1905 ,avocata
529 1869 674 1905 delectu
693 1882 797 1920 spem
818 1871 932 1921 cepit,
953 1870 1041 1906 dum
1068 1875 1147 1906 tam
1173 1875 1368 1920 potentem
1392 1869 1462 1905 ha-

351 1932 456 1968 beret
493 1933 639 1974 ducem,
678 1933 836 1969 foenoris
875 1934 1145 1984 expugnandi3
1185 1932 1376 1975 PatribuS,
1413 1946 1461 1970 ne

350 2007 425 2043 quo
446 2002 606 2031 externo
627 2002 770 2032 terrore
791 2004 1038 2033 avocarentur
1065 1997 1180 2032 animi
1209 1996 1255 2032 ab
1285 1997 1460 2033 sanandis

350 2058 565 2094 domesticis
586 2058 706 2094 malis.
763 2058 900 2107 Igitur,
922 2072 1036 2108 quum
1055 2072 1139 2109 pars
1160 2067 1318 2108 utraque
1337 2061 1460 2096 acrior

351 2121 546 2171 aliquanto
583 2129 715 2158 coorta
752 2129 863 2166 esset,
903 2125 940 2159 in
977 2124 1234 2174 propinquum
1267 2130 1459 2161 certamen

350 2185 479 2221 aderat
512 2192 550 2222 et
580 2186 775 2222 Manlius:
814 2187 998 2224 advocata
1029 2188 1182 2224 domum
1215 2187 1338 2238 plebe,
1373 2201 1456 2226 cum

347 2249 580 2304 principibus
619 2251 878 2288 novandarum
911 2264 1033 2288 rerum
1071 2252 1234 2289 interdiu
1267 2259 1457 2303 noctuque
