1573 2598
419 117 576 147 mmm
598 116 647 146 v.
679 114 787 146 cAP.
811 115 892 146 ιν.
1126 117 1211 161 407

93 212 276 246 «iacerent
300 208 482 245 desiderio.
539 207 622 243 Non
644 207 720 243 sine
746 217 872 243 caussa
892 207 964 243 Dii
990 206 1214 258 hominesque
1224 215 1266 246 U.
1277 213 1315 245 C.
1332 219 1408 247 36⁵.

96 273 192 311 limic
211 273 290 311 urbi
315 273 504 315 condendae
524 273 642 309 locum
660 272 855 319 elegerunt,
875 272 1121 309 saluberrimos
1140 275 1213 311 col-
1224 260 1264 290 A·
1278 258 1318 291 θ’
1332 263 1408 295 ³⁸⁷·

98 338 161 381 les,
166 338 309 389 flumen
327 342 579 387 opportunum,
599 348 669 384 quo
688 347 729 371 ex
746 336 1013 373 mediterraneis
1031 338 1117 374 locis
1124 337 1216 387 sru-

95 418 158 455 ges
182 406 412 449 devehantur,
437 417 505 454 quo
524 404 700 441 maritimi
727 408 943 439 commeatus
967 405 1218 452 accipiantur,-

95 483 200 508 mare
224 473 382 508 vicinum
410 471 460 507 ad
488 469 768 510 commoditates,
792 480 856 505 nec
882 470 1079 517 ezpositum
1104 471 1220 507 nimia

90 535 368 584 propinquitate
402 535 452 570 acl
482 532 649 582 pericula
680 533 846 568 classium
875 537 1125 578 externarum5
1161 546 1218 571 re·
1267 539 1271 542 ’

95 600 244 647 gionum
263 599 383 636 Italiae
408 598 580 639 medium,
611 597 660 632 ad
687 597 943 632 incrementum
970 597 1067 634 urbis
1092 602 1221 634 natum

95 664 202 699 unice
226 664 355 699 lomim.
410 663 633 710 Argumento
651 664 703 696 est
727 661 806 708 ipsa
830 662 1042 710 magnitudo
1062 666 1137 698 tam
1155 674 1220 698 no-

97 738 152 763 vce
167 726 263 763 urbis
278 743 291 762 .·
323 726 585 763 trecentesimus
608 724 846 770 sexagesimus
865 725 1009 772 quintus
1026 737 1141 761 annm
1157 737 1220 762 ur-

100 789 164 833 bis,
187 791 357 833 Quirites,
378 791 500 838 agitur
513 805 525 825 .·
552 790 645 824 inter
665 792 718 823 tot
735 789 940 823 veterrimos
953 789 1107 837 populos
1126 793 1220 826 tam-

99 855 163 891 diu
181 855 273 891 bella
297 856 420 902 geritis
433 871 446 898 ,-
476 865 585 902 quum
604 854 754 894 interea,
774 864 818 887 rie
834 853 994 900 singulas
1013 854 1140 901 loquar
1157 866 1220 890 ur-

102 917 170 962 bes,
198 930 269 955 non
294 917 474 965 conjuncti
499 931 580 954 cuni
598 919 732 966 AEquis
755 919 885 963 Volsci,
914 925 967 956 tot
996 926 1070 957 tam
1098 923 1224 959 valida

101 983 249 1031 oppida,
279 995 351 1019 uon
378 985 542 1019 universa
569 984 736 1025 Etruria,
767 988 909 1020 tautum
938 989 1034 1021 terra
1059 988 1225 1035 marique

97 1047 251 1094 pollens,
283 1051 390 1095 atque
423 1047 515 1082 inter
548 1047 618 1082 duo
653 1048 773 1082 ‘maria
806 1048 1036 1084 latitudinem
1068 1050 1225 1086 obtinens

104 1108 237 1152 Italioe,
258 1110 348 1145 bello
372 1110 469 1146 vobis
487 1121 559 1158 par
586 1114 648 1146 est.
707 1110 813 1151 Quod
840 1124 949 1159 quum
977 1114 1032 1148 ita
1057 1115 1116 1155 sit,
1147 1126 1225 1162 quae

105 1172 275 1219 (malum)
295 1175 389 1209 ratio
409 1178 471 1216 est,
492 1175 644 1221 expertis
662 1175 739 1209 alia
757 1177 922 1222 experiri,
940 1188 1047 1223 quum
1064 1175 1160 1222 jam,
1180 1182 1223 1213 ut

101 1237 216 1274 virtus
232 1242 351 1274 vestra
370 1239 521 1273 transire
540 1238 613 1273 alio
627 1240 752 1285 possit,
769 1237 930 1286 fortuna
948 1245 1041 1276 certe
1060 1241 1128 1277 loci
1153 1241 1220 1278 lzu-

93 1299 157 1348 jus
193 1301 381 1351 transferri
410 1315 481 1338 non
514 1303 627 1350 possit
643 1303 664 1337 ,9
699 1303 772 1338 Hic
806 1302 1026 1351 Capitolium
1063 1310 1128 1348 est,
1161 1306 1223 1342 ubi

102 1367 283 1413 quondam
301 1368 420 1416 capite
441 1367 596 1403 humano
614 1369 755 1403 invento
772 1381 975 1416 responsum
1001 1376 1065 1414 est,
1086 1384 1125 1408 eo
1145 1371 1220 1408 loco

103 1435 212 1478 caput
230 1422 348 1467 rerum
366 1444 611 1479 summamque
631 1433 774 1480 imperii
789 1433 880 1481 fore
892 1449 904 1469 :
935 1434 1005 1477 hic,
1027 1448 1135 1484 quum
1154 1449 1220 1472 au·
1238 1484 1244 1488 s

98 1499 233 1542 gurato
262 1495 474 1531 liberaretur
504 1495 736 1543 Capitolium,
763 1496 938 1533 Juventas
969 1498 1223 1548 Terminusque

100 1559 259 1594 maximo
274 1559 408 1606 gaudio
422 1563 574 1607 patrum
590 1563 793 1595 nostrorum
810 1562 944 1596 moveri
961 1573 998 1597 se
1014 1574 1085 1598 nou
1100 1565 1220 1611 passi:

104 1620 161 1656 hic
185 1621 296 1658 Vestae
323 1624 433 1670 ignes,
464 1622 522 1657 hic
549 1623 683 1658 ancilia
711 1624 796 1659 caelo
825 1624 987 1668 demissa,
1018 1625 1076 1662 hic
1103 1638 1223 1663 omnes

99 1686 252 1734 propitii
270 1685 491 1722 manentibus
508 1686 604 1722 vobis
622 1686 705 1722 Dii.

157 1749 242 1788 Lv‚
274 1750 445 1787 Movisse
473 1763 538 1787 eos
569 1750 752 1787 Camillus
783 1763 897 1800 quum
927 1750 1001 1787 alia
1029 1753 1218 1796 oratione,

103 1819 187 1851 tum
206 1828 263 1858 ea,
285 1828 368 1865 quae
387 1815 434 1852 ad
457 1814 660 1864 religiones
683 1814 913 1865 pertinebat,
933 1817 1097 1852 maxime
1126 1817 1218 1853 dici-

101 1883 187 1915 tur:
220 1878 285 1915 sed
310 1892 390 1916 rem
411 1878 565 1915 dubiam
587 1879 752 1915 decrevit
769 1892 844 1915 vox
867 1885 1084 1930 opportuna
1103 1881 1216 1917 emis-

104 1955 147 1979 sa
159 1960 169 1989 5
202 1944 317 1993 quod,
339 1957 454 1993 quum
475 1950 627 1980 senatus
650 1950 740 1994 post
757 1943 886 1993 paullo
906 1943 952 1979 de
969 1944 1028 1979 his
1048 1943 1158 1980 rebus
1179 1944 1219 1981 in

104 2010 210 2045 curia
231 2008 404 2045 Hostilia
430 2008 648 2052 haberetur,
672 2008 937 2057 cohortesque,
961 2021 1008 2044 ex
1036 2009 1219 2058 praesidiis

106 2079 352 2118 revertentes,
372 2072 472 2109 forte
491 2074 642 2122 agmine
661 2072 787 2109 forum
806 2074 1025 2114 transirent,
1046 2073 1220 2109 centurio

105 2136 147 2173 in
173 2137 329 2173 comitio
355 2137 601 2174 exclamavitz
634 2137 809 2186 Signifer,
832 2142 948 2174 statue
967 2139 1134 2184 signum:
1163 2137 1221 2174 hic

107 2201 324 2238 manebimus
342 2204 473 2250 optime
490 2217 502 2238 .·
532 2215 607 2251 qua
624 2214 718 2237 voce
744 2201 886 2245 audita,
907 2207 945 2237 et
971 2208 1137 2244 senatus,
1158 2214 1218 2238 ac-

109 2266 225 2312 cipere
249 2277 286 2302 se
314 2277 428 2307 omen,
459 2278 505 2303 ex
537 2267 641 2303 curia
669 2278 855 2316 egressus,
886 2264 1151 2309 conclamavit,
1181 2273 1220 2302 et

0 1549 1 1567 η

0 1570 2 1593 >
