1573 2598
104 253 151 290 υ.
167 257 205 290 c.
221 263 297 296 279.

106 301 148 336 Α.
164 302 203 336 C.
218 309 295 341 470.

105 834 235 869 Bellum

104 877 221 910 Veiens
236 887 268 912 et

105 922 274 956 Sabinum.

97 2185 226 2218 Bellum

95 2238 176 2262 cum
190 2227 270 2261 v01·

92 2275 155 2305 sci»-
171 2279 204 2304 et

94 2316 222 2358 AEquis.

324 170 408 219 154
776 174 822 205 '1‘-
847 173 982 205 mvn

323 261 399 300 lico
420 257 588 315 periculo
607 265 710 306 ante,
730 261 784 299 sic
801 267 884 300 tum
902 263 942 299 in
961 274 1045 306 suo,
1064 273 1143 300 non
1162 263 1334 302 tribunos
1352 277 1436 304 mo·

324 328 389 372 do,
418 327 483 365 sed
515 326 678 378 plebem,
708 327 882 364 oratione
909 327 1027 364 feroci
1055 327 1270 373 refutando,
1300 342 1438 381 expro-

321 391 543 442 brandoque
577 391 625 428 Τ.
659 390 832 428 Menenii
868 392 1150 429 damnationem
1184 400 1435 444 mortemque,

324 455 450 508 (cujus
478 455 595 506 patris
623 467 779 492 munere
806 456 982 493 restituta
1009 456 1199 506 quondam
1235 456 1341 507 plebs
1369 470 1436 495 eos

320 521 438 572 Ipsos,
472 519 609 569 quibus
640 525 723 555 tum
755 519 915 563 saeviret,
946 521 1204 569 magistratus,
1238 533 1301 558 eas
1332 520 1437 570 leges

319 583 495 631 haberet)
524 581 731 633 periculum
754 580 911 619 audaci‘a
935 584 1136 620 discussit:
1160 583 1264 634 juvit
1292 591 1330 621 et
1347 585 1436 622 Vir-

321 648 445 696 ginius
475 647 634 695 collega,
661 647 768 683 testis
806 647 1025 697 productus,
1062 649 1325 699 participando
1353 649 1436 687 lau-

321 712 411 748 des:
447 711 567 760 magis
597 717 724 747 tamen
753 710 1026 749 Menenianum
1058 714 1168 761 (adeo
1197 720 1437 752 mutaverant

321 775 506 822 animum)
527 774 672 825 profuit
684 773 884 824 judicium.

373 838 486 878 LIII.
517 838 735 875 Certamina
754 838 856 874 domi
876 839 995 876 finita.
1051 840 1189 877 Veiens
1208 839 1350 878 benum
1369 853 1436 879 ex-

321 910 473 949 ortum3
506 902 641 953 quibus
669 903 800 939 Sabini
822 916 927 940 arma
950 903 1239 955 conjunxerant.
1293 905 1337 942 P.
1357 906 1435 943 Va·

319 967 433 1005 lerius
479 967 625 1011 consul,
671 967 805 1004 adcitis
841 968 1070 1005 Latinorum
1105 969 1436 1019 Hernicorumque

320 1031 484 1075 auxiliis,
512 1043 598 1068 cum
623 1032 792 1068 exercitu
812 1031 928 1068 Veios
954 1033 1104 1076 missus,
1128 1038 1251 1069 castra
1279 1032 1434 1076 Sabina,

319 1109 404 1147 quae
425 1109 497 1148 pro
521 1096 713 1133 moenibus
740 1096 929 1132 sociorum
948 1096 1074 1133 locata
1093 1103 1213 1141 erant,
1234 1097 1436 1135 confestim

319 1160 569 1211 adgreditur3
610 1166 833 1209 tantamque
867 1160 1160 1210 trepidationem
1196 1160 1340 1211 injecit,
1378 1167 1435 1205 ut,

319 1223 409 1261 dum
429 1224 587 1275 dispersi
606 1223 670 1261 alii
689 1224 763 1260 alia
785 1223 1048 1274 manipulatim
1074 1231 1277 1260 excurrunt
1303 1225 1351 1261 ad
1375 1237 1436 1262 ar-

319 1287 477 1326 cendam
507 1287 675 1324 hostium
703 1288 794 1331 vim,
821 1299 865 1323 ea
895 1294 1021 1337 porta,
1051 1287 1111 1323 cui
1137 1287 1245 1337 signa
1274 1289 1436 1337 primum

317 1351 513 1396 intulerat,
534 1357 752 1402 caperetur:
784 1351 885 1388 intra
902 1351 1042 1388 vallum
1064 1352 1198 1388 deinde
1217 1352 1335 1388 caedes
1355 1365 1435 1389 ma-

319 1417 392 1468 gis,
412 1429 526 1467 quam
553 1415 744 1467 proelium,
765 1428 858 1453 esse.
914 1415 1117 1452 Tumultus
1136 1429 1156 1452 e
1179 1416 1310 1452 castris
1337 1423 1374 1453 et
1396 1417 1435 1454 in

318 1479 452 1517 urbem
479 1486 677 1531 penetrat3
708 1486 904 1529 tamquam
931 1479 1035 1515 Veiis
1065 1480 1199 1530 captis,
1228 1480 1283 1516 ita
1309 1480 1436 1529 pavidi

313 1541 497 1582 Veientes
527 1543 574 1581 ad
602 1556 708 1581 arma
728 1550 907 1581 currunt:
939 1556 1025 1594 pars
1055 1543 1204 1581 Sabinis
1231 1551 1322 1580 eunt
1347 1544 1436 1581 sub·

315 1608 437 1654 sidi03
470 1619 556 1659 pars
584 1607 794 1652 Romanos,
828 1614 914 1644 toto
943 1609 1075 1658 inpetu
1107 1609 1275 1644 intentos
1306 1608 1346 1644 in
1372 1620 1436 1644 ca-

316 1678 409 1717 stra,
429 1673 664 1710 adoriuntur.
715 1672 927 1724 Paullisper
945 1674 1065 1710 aversi
1083 1673 1301 1722 turbatique
1321 1680 1431 1710 sunt:

317 1735 452 1774 deinde
486 1744 526 1774 et
556 1737 628 1788 ipsi
667 1743 828 1787 utroque
855 1738 971 1773 versis
1009 1737 1126 1786 signis
1160 1737 1366 1774 resistunt:
1398 1744 1436 1774 et

315 1812 445 1851 equeS,
465 1800 513 1838 ab
533 1801 688 1838 consule
708 1802 900 1845 inmissus,
920 1801 1067 1838 Tuscos
1087 1801 1212 1838 fundit
1230 1801 1432 1850 fugatque:

313 1864 522 1916 eademque
548 1866 645 1903 hora
666 1866 742 1903 duo
765 1867 966 1909 exercitus,
994 1866 1075 1902 duae
1098 1866 1371 1915 potentissimae
1398 1872 1436 1901 et

313 1929 488 1966 maximae
510 1929 680 1966 finitimae
708 1936 840 1979 gentes
860 1935 1045 1979 superatae
1066 1935 1165 1965 sunt.
1220 1927 1326 1965 Dum
1353 1928 1435 1965 haec

313 1993 362 2031 ad
378 1992 495 2030 Veios
522 2001 720 2043 geruntur,
741 1993 869 2030 Volsci
890 1994 1084 2043 AEquique
1107 1995 1146 2029 in
1173 1992 1316 2030 Latino
1343 2006 1435 2043 agro

312 2064 519 2110 posuerant
545 2064 682 2101 castra,
712 2057 960 2109 populatique
985 2057 1078 2094 fines
1108 2063 1242 2093 erant:
1275 2069 1339 2093 eos
1369 2069 1437 2107 per

315 2133 356 2159 se
380 2121 452 2172 ipsi
471 2121 618 2166 Latini,
646 2122 828 2159 adsumtis
847 2121 1042 2164 Hernicis,
1063 2121 1144 2157 sine
1163 2120 1343 2157 Romano
1369 2128 1435 2158 aut

314 2185 408 2223 duce
434 2192 500 2223 aut
524 2186 680 2230 auxilio,
702 2187 834 2223 castris
857 2191 1054 2223 exuerunt.
1112 2185 1265 2235 Ingenti
1294 2185 1434 2236 praeda,

314 2255 452 2302 praeter
476 2263 561 2288 suas
579 2257 819 2302 recuperatas
839 2262 911 2292 τες,
931 2249 1045 2300 potiti
1068 2255 1156 2285 sunt
1175 2263 1183 2284 ε
1215 2248 1349 2286 missus
1374 2254 1434 2285 ta-

314 2326 404 2353 men
421 2314 469 2353 ab
488 2314 617 2354 Roma
634 2314 768 2354 consu]
786 2315 826 2354 in
845 2313 1007 2353 Volscos
1027 2315 1072 2352 C.
1090 2313 1272 2352 Nautius.
1325 2313 1433 2358 Mos,
