1573 2598
162 257 253 288 U.C.
267 263 340 293 373.

160 301 201 331 Α.
215 300 251 330 C.
268 307 342 336 374.

118 1793 290 1827 Fabiamm

117 1846 264 1869 sororum

116 1879 294 1913 aemulatio.

348 107 442 200 4531(
522 139 527 145 ’
813 158 859 186 τ.
883 158 1016 187 mvn

354 252 419 288 nia
446 249 722 299 molientesque
747 248 875 286 obices
905 256 1115 300 portarum,
1139 263 1267 288 arcere
1294 257 1466 302 possunt.

354 315 473 352 Scalis
509 315 611 364 prius
649 314 791 350 moenia
823 321 958 364 capta3
998 314 1086 352 inde
1117 315 1271 352 effracta
1302 315 1467 352 claustra

353 385 571 430 portarum:
604 384 642 414 et
671 390 786 427 quum
814 391 952 429 anceps
980 379 1102 415 hostis
1129 385 1168 415 et
1192 392 1214 416 a
1238 378 1367 416 fronte
1386 384 1424 415 et
1442 391 1466 415 a

350 455 461 492 tergo
481 448 630 492 urgeret
643 458 653 487 5
684 454 755 478 nec
780 442 827 479 ad
855 455 1024 493 pugnam
1046 442 1122 479 ulla
1140 443 1210 486 vis,
1233 455 1304 480 nec
1329 442 1374 480 ad
1404 441 1465 479 fu-

350 507 438 558 'gam
467 508 543 545 loci
572 508 777 558 quidquam
809 515 1022 559 superesset
1033 526 1044 555 5
1076 508 1117 545 in
1147 509 1271 545 medio
1303 508 1390 545 caesi
1417 507 1473 545 ad.

350 585 467 609 unum
504 584 647 609 omneS.
703 571 946 622 Recuperato
984 571 1032 609 ab
1068 571 1243 610 hostibus
1279 570 1461 615 Tusculo,

348 639 534 674 exercitus
554 636 718 673 Romam
740 643 797 673 est
815 637 1003 674 reductus.

401 701 597 738 XXXIV.
627 701 783 741 Quanto
807 702 926 751 magis
951 702 1139 752 prosperis
1166 714 1211 738 eo
1231 713 1332 737 anno
1350 699 1459 737 bellis

346 765 554 815 tranquilla
578 767 706 802 omnia
731 766 824 802 foris
851 773 971 810 erant,
995 772 1105 802 tanto
1130 766 1168 802 in
1192 764 1284 801 urbe
1310 765 1363 800 vis
1386 764 1459 802 Pa-

346 835 448 866 trum
477 829 517 865 in
547 829 624 866 dies
658 829 892 878 miseriaeque
921 828 1041 879 plebis
1065 827 1285 864 crescebant
1301 843 1312 873 ;
1343 839 1460 876 quum

345 907 392 932 eo
420 896 518 945 ipso,
546 895 648 943 quod
674 906 828 930 necesse
857 900 938 930 erat
966 893 1074 936 solvi,
1101 892 1261 930 facultas
1290 891 1459 928 solvendi

343 958 588 1008 inpediretur.
645 957 794 1006 Itaque,
833 970 948 1006 quum
977 955 1062 1007 jam
1096 968 1143 992 ex
1175 968 1215 991 re
1247 954 1344 991 nihil
1379 954 1458 991 dari

343 1027 487 1072 posset,
508 1021 608 1057 fama
636 1027 674 1057 et
694 1034 865 1071 corpore,
880 1019 1041 1071 judicati
1066 1025 1179 1070 atque
1204 1019 1356 1061 addicti,
1377 1031 1458 1055 cre-

343 1084 530 1122 ditoribus
550 1084 848 1127 satisfaciebant,
869 1097 1057 1134 poenaque
1076 1084 1114 1120 in
1134 1083 1254 1120 vicem
1273 1082 1358 1118 fidei
1377 1094 1458 1118 ces-

343 1155 458 1187 serat.
523 1149 632 1185 Adeo
671 1161 762 1197 ergo
796 1148 985 1185 obnoxios
1022 1148 1274 1184 submiserant
1309 1147 1456 1183 animos

341 1224 420 1249 non
454 1211 575 1248 infimi
608 1211 744 1255 solum,
779 1211 844 1248 sed
875 1212 1062 1262 principes
1096 1211 1209 1247 etiam
1245 1209 1380 1260 plebis,
1413 1214 1456 1244 ut

339 1288 418 1313 non
452 1275 567 1311 modo
600 1276 646 1312 ad
679 1275 915 1312 tribunatum
947 1274 1110 1311 militum
1143 1274 1243 1309 inter
1273 1272 1452 1322 patricios

339 1339 559 1390 petendum,
593 1339 695 1388 quod
728 1346 836 1375 tanta
853 1339 904 1381 vi,
938 1344 981 1374 ut
1012 1338 1155 1381 liceret,
1188 1335 1450 1380 tetenderant3

338 1402 404 1440 sed
433 1415 481 1439 ne
507 1403 553 1439 ad
582 1403 751 1453 plebeios
772 1402 923 1452 quidem
941 1402 1183 1451 magistratus
1203 1399 1451 1450 capessendos

338 1467 597 1517 petendosque
623 1466 690 1502 ulli
713 1468 793 1502 viro
819 1467 896 1502 acri
919 1466 1201 1516 experientique
1223 1464 1369 1500 animus
1393 1474 1451 1499 es-

337 1527 424 1567 set:
471 1531 826 1580 possessionemque
861 1530 1032 1573 honoris,
1070 1529 1240 1579 usurpati
1275 1527 1391 1564 modo
1425 1540 1450 1564 a

335 1593 446 1644 plebe
474 1607 541 1644 per
569 1607 708 1644 paucos
733 1607 867 1638 annOS,
888 1605 1128 1644 recuperasse
1156 1593 1196 1628 in
1224 1597 1447 1642 perpetuum

336 1657 468 1695 Patres
489 1658 714 1695 viderentur.
769 1658 831 1694 Ne
856 1658 893 1694 id
921 1659 1032 1694 nimis
1062 1657 1190 1694 laetum
1217 1656 1315 1706 parti
1339 1654 1447 1691 alteri

336 1729 447 1765 esset,
467 1735 583 1772 parva
600 1725 658 1769 (ut
678 1722 897 1772 plerumque
917 1722 1030 1769 solet)
1053 1735 1132 1758 rem
1151 1722 1344 1769 ingentem
1363 1732 1446 1756 mo-

335 1786 454 1823 liundi
490 1799 622 1822 caussa
658 1787 872 1823 intervenit.
928 1786 985 1823 M.
1012 1786 1122 1822 Fabii
1149 1784 1341 1827 Ambusti,
1374 1797 1443 1834 po-

334 1851 449 1886 tentis
478 1849 562 1892 viri,
593 1862 707 1898 quum
735 1850 835 1885 inter
863 1850 920 1886 sui
949 1850 1117 1899 corporis
1146 1849 1333 1890 homiues,
1362 1853 1443 1883 tum

334 1914 447 1949 etiam
468 1913 512 1948 ad
542 1911 705 1962 plebem,
726 1913 826 1961 quod
844 1913 1132 1962 haudquaquam
1154 1912 1251 1948 inter
1270 1910 1306 1947 id
1325 1922 1442 1958 genus

333 1982 548 2012 contemtor
581 1975 660 2024 ejus
697 1976 922 2019 habebatur,
956 1976 1041 2012 filiae
1071 1976 1152 2012 duae
1186 1979 1327 2024 nuptae,
1362 1974 1441 2012 Ser.

333 2039 501 2089 Sulpicio
527 2037 660 2088 maj0r,
689 2040 812 2075 minor
839 2041 880 2076 C.
906 2038 1058 2075 Licinio
1088 2037 1237 2075 Stoloni
1264 2044 1357 2080 erat,
1382 2037 1440 2073 in-

330 2099 437 2139 lustri
465 2103 628 2152 quidem,
650 2104 730 2139 viro
751 2110 878 2139 tamen
907 2102 1079 2152 plebeio:
1112 2115 1229 2152 eaque
1248 2103 1329 2152 ipsa
1349 2102 1440 2139 adfi-

329 2168 426 2203 nitas
457 2167 558 2203 haud
587 2174 711 2217 spreta
740 2168 901 2215 gratiam
922 2167 1041 2203 Fabio
1068 2167 1113 2203 ad
1133 2167 1285 2215 vulgum
1305 2167 1440 2216 quaesi-

327 2238 419 2267 erat.
477 2230 592 2267 Forte
619 2232 672 2268 ita
699 2231 846 2274 incidit,
868 2238 922 2274 ut,
945 2233 982 2267 in
1011 2232 1090 2268 Ser.
1111 2231 1268 2281 Sulpicii
1296 2231 1439 2268 tribuni

325 2293 489 2341 militum
515 2296 630 2332 domo
657 2307 804 2332 sorores
826 2295 953 2333 Fabiae
973 2309 1087 2346 quum
1115 2296 1213 2332 iuter
1236 2308 1275 2333 se
1297 2297 1357 2344 (ut
1376 2295 1434 2340 fit)

1554 1820 1562 1822 ⁴
1557 1739 1573 1789 η..
