<?xml version="1.0" encoding="UTF-8"?>
<!DOCTYPE html PUBLIC "-//W3C//DTD XHTML 1.0 Transitional//EN"
    "http://www.w3.org/TR/xhtml1/DTD/xhtml1-transitional.dtd">
<html xmlns="http://www.w3.org/1999/xhtml" xml:lang="en" lang="en">
 <head>
  <title>
</title>
<meta http-equiv="Content-Type" content="text/html;charset=utf-8" />
  <meta name='ocr-system' content='tesseract 3.04.00' />
  <meta name='ocr-capabilities' content='ocr_page ocr_carea ocr_par ocr_line ocrx_word'/>
</head>
<body>
  <div class='ocr_page' id='page_1' title='image "./historiarumquaes01livyuoft/historiarumquaes01livyuoft_0385.png"; bbox 0 0 1573 2598; ppageno 0'>
   <div class='ocr_carea' id='block_1_1' title="bbox 380 196 1204 252">
    <p class='ocr_par' dir='ltr' id='par_1_1' title="bbox 380 196 1204 252">
     <span class='ocr_line' id='line_1_1' title="bbox 380 196 1204 252; baseline -0.002 -12"><span class='ocrx_word' id='word_1_1' title='bbox 380 209 537 240; x_wconf 74' lang='lat' dir='ltr'>mmm</span> <span class='ocrx_word' id='word_1_2' title='bbox 559 209 610 240; x_wconf 81' lang='lat' dir='ltr'>v.</span> <span class='ocrx_word' id='word_1_3' title='bbox 640 208 750 240; x_wconf 69' lang='lat' dir='ltr'>cn.</span> <span class='ocrx_word' id='word_1_4' title='bbox 772 207 920 240; x_wconf 82' lang='lat' dir='ltr'>xxrv.</span> <span class='ocrx_word' id='word_1_5' title='bbox 1119 196 1204 252; x_wconf 89' lang='lat'>369</span> 
     </span>
    </p>
   </div>
   <div class='ocr_carea' id='block_1_2' title="bbox 88 297 1432 2396">
    <p class='ocr_par' dir='ltr' id='par_1_2' title="bbox 90 297 1400 728">
     <span class='ocr_line' id='line_1_2' title="bbox 90 297 1400 351; baseline 0 -17"><span class='ocrx_word' id='word_1_6' title='bbox 90 304 262 343; x_wconf 86' lang='lat' dir='ltr'>tentatae,</span> <span class='ocrx_word' id='word_1_7' title='bbox 283 299 348 336; x_wconf 91' lang='lat' dir='ltr'>sed</span> <span class='ocrx_word' id='word_1_8' title='bbox 366 311 458 349; x_wconf 88' lang='lat' dir='ltr'>ager</span> <span class='ocrx_word' id='word_1_9' title='bbox 479 306 537 337; x_wconf 89' lang='lat' dir='ltr'>est</span> <span class='ocrx_word' id='word_1_10' title='bbox 561 298 825 351; x_wconf 81' lang='lat' dir='ltr'>depopulatuS,</span> <span class='ocrx_word' id='word_1_11' title='bbox 849 297 1059 350; x_wconf 84' lang='lat' dir='ltr'>praedaeque</span> <span class='ocrx_word' id='word_1_12' title='bbox 1077 310 1203 334; x_wconf 89' lang='lat' dir='ltr'>rerum</span> <span class='ocrx_word' id='word_1_13' title='bbox 1215 307 1305 340; x_wconf 61' lang='lat' dir='ltr'>uc,</span> <span class='ocrx_word' id='word_1_14' title='bbox 1323 312 1400 340; x_wconf 75' lang='lat'>3⁶0.</span> 
     </span>
     <span class='ocr_line' id='line_1_3' title="bbox 93 352 1398 412; baseline -0.001 -13"><span class='ocrx_word' id='word_1_15' title='bbox 93 364 300 411; x_wconf 83' lang='lat' dir='ltr'><strong>agrestium</strong></span> <span class='ocrx_word' id='word_1_16' title='bbox 328 371 422 401; x_wconf 81' lang='lat' dir='ltr'>actae</span> <span class='ocrx_word' id='word_1_17' title='bbox 437 378 445 400; x_wconf 73' lang='grc' dir='ltr'>ε</span> <span class='ocrx_word' id='word_1_18' title='bbox 477 364 582 401; x_wconf 83' lang='lat' dir='ltr'>nulla</span> <span class='ocrx_word' id='word_1_19' title='bbox 599 364 691 402; x_wconf 83' lang='lat' dir='ltr'>felix</span> <span class='ocrx_word' id='word_1_20' title='bbox 710 364 837 408; x_wconf 85' lang='lat' dir='ltr'>arbor,</span> <span class='ocrx_word' id='word_1_21' title='bbox 864 363 961 401; x_wconf 89' lang='lat' dir='ltr'>nihil</span> <span class='ocrx_word' id='word_1_22' title='bbox 978 362 1204 412; x_wconf 84' lang='lat' dir='ltr'>frugiferum</span> <span class='ocrx_word' id='word_1_23' title='bbox 1216 354 1255 384; x_wconf 76' lang='grc' dir='ltr'>Α·</span> <span class='ocrx_word' id='word_1_24' title='bbox 1270 352 1307 383; x_wconf 79' lang='lat' dir='ltr'>C·</span> <span class='ocrx_word' id='word_1_25' title='bbox 1323 358 1398 385; x_wconf 75' lang='lat'>³92·</span> 
     </span>
     <span class='ocr_line' id='line_1_4' title="bbox 92 426 1206 480; baseline 0.001 -18"><span class='ocrx_word' id='word_1_26' title='bbox 92 427 133 462; x_wconf 92' lang='lat' dir='ltr'>in</span> <span class='ocrx_word' id='word_1_27' title='bbox 162 440 254 477; x_wconf 88' lang='lat' dir='ltr'>agro</span> <span class='ocrx_word' id='word_1_28' title='bbox 282 427 468 466; x_wconf 84' lang='lat' dir='ltr'>relictum.</span> <span class='ocrx_word' id='word_1_29' title='bbox 524 429 583 466; x_wconf 90' lang='lat' dir='ltr'>Ea</span> <span class='ocrx_word' id='word_1_30' title='bbox 610 429 734 466; x_wconf 87' lang='lat' dir='ltr'>clades</span> <span class='ocrx_word' id='word_1_31' title='bbox 761 430 996 480; x_wconf 78' lang='lat' dir='ltr'>Capenatem</span> <span class='ocrx_word' id='word_1_32' title='bbox 1022 426 1206 479; x_wconf 88' lang='lat' dir='ltr'>populum</span> 
     </span>
     <span class='ocr_line' id='line_1_5' title="bbox 93 490 1206 542; baseline 0 -16"><span class='ocrx_word' id='word_1_33' title='bbox 93 490 266 540; x_wconf 84' lang='lat' dir='ltr'>subegit:</span> <span class='ocrx_word' id='word_1_34' title='bbox 298 504 374 542; x_wconf 86' lang='lat' dir='ltr'>pax</span> <span class='ocrx_word' id='word_1_35' title='bbox 398 493 614 542; x_wconf 88' lang='lat' dir='ltr'>petentibus</span> <span class='ocrx_word' id='word_1_36' title='bbox 644 493 744 530; x_wconf 86' lang='lat' dir='ltr'>data.</span> <span class='ocrx_word' id='word_1_37' title='bbox 802 493 849 529; x_wconf 93' lang='lat' dir='ltr'>In</span> <span class='ocrx_word' id='word_1_38' title='bbox 877 492 1034 529; x_wconf 85' lang='lat' dir='ltr'><strong>Faliscis</strong></span> <span class='ocrx_word' id='word_1_39' title='bbox 1063 490 1206 527; x_wconf 88' lang='lat' dir='ltr'>bellum</span> 
     </span>
     <span class='ocr_line' id='line_1_6' title="bbox 92 555 1336 608; baseline -0.001 -18"><span class='ocrx_word' id='word_1_40' title='bbox 92 555 274 592; x_wconf 87' lang='lat' dir='ltr'>restabat.</span> <span class='ocrx_word' id='word_1_41' title='bbox 330 555 466 593; x_wconf 85' lang='lat' dir='ltr'>Romae</span> <span class='ocrx_word' id='word_1_42' title='bbox 503 557 655 593; x_wconf 87' lang='lat' dir='ltr'>interim</span> <span class='ocrx_word' id='word_1_43' title='bbox 691 557 889 608; x_wconf 81' lang='lat' dir='ltr'>multiplex</span> <span class='ocrx_word' id='word_1_44' title='bbox 924 557 1062 593; x_wconf 86' lang='lat' dir='ltr'>seditio</span> <span class='ocrx_word' id='word_1_45' title='bbox 1098 559 1336 608; x_wconf 54' lang='lat' dir='ltr'>e1·at:Sedirio</span> 
     </span>
     <span class='ocr_line' id='line_1_7' title="bbox 94 604 1318 670; baseline 0.001 -16"><span class='ocrx_word' id='word_1_46' title='bbox 94 617 200 668; x_wconf 89' lang='lat' dir='ltr'>cujus</span> <span class='ocrx_word' id='word_1_47' title='bbox 220 618 403 656; x_wconf 87' lang='lat' dir='ltr'>leniendae</span> <span class='ocrx_word' id='word_1_48' title='bbox 423 632 556 656; x_wconf 86' lang='lat' dir='ltr'>caussa</span> <span class='ocrx_word' id='word_1_49' title='bbox 576 621 766 657; x_wconf 88' lang='lat' dir='ltr'>coloniam</span> <span class='ocrx_word' id='word_1_50' title='bbox 786 623 824 657; x_wconf 93' lang='lat' dir='ltr'>in</span> <span class='ocrx_word' id='word_1_51' title='bbox 844 621 1020 664; x_wconf 88' lang='lat' dir='ltr'>Volscos,</span> <span class='ocrx_word' id='word_1_52' title='bbox 1037 633 1113 670; x_wconf 89' lang='lat' dir='ltr'>quo</span> <span class='ocrx_word' id='word_1_53' title='bbox 1131 620 1207 655; x_wconf 88' lang='lat' dir='ltr'>tria</span> <span class='ocrx_word' id='word_1_54' title='bbox 1217 604 1318 634; x_wconf 66' lang='lat' dir='ltr'><strong>dmm·</strong></span> 
     </span>
     <span class='ocr_line' id='line_1_8' title="bbox 92 681 1207 728; baseline 0.002 -11"><span class='ocrx_word' id='word_1_55' title='bbox 92 681 212 718; x_wconf 90' lang='lat' dir='ltr'>millia</span> <span class='ocrx_word' id='word_1_56' title='bbox 243 682 381 719; x_wconf 89' lang='lat' dir='ltr'>civium</span> <span class='ocrx_word' id='word_1_57' title='bbox 413 682 678 720; x_wconf 78' lang='lat' dir='ltr'>Romanorum</span> <span class='ocrx_word' id='word_1_58' title='bbox 717 685 985 728; x_wconf 82' lang='lat' dir='ltr'>scriberentur,</span> <span class='ocrx_word' id='word_1_59' title='bbox 1018 684 1207 720; x_wconf 89' lang='lat' dir='ltr'>deducen-</span> 
     </span>
    </p>

    <p class='ocr_par' dir='ltr' id='par_1_3' title="bbox 93 744 1208 798">
     <span class='ocr_line' id='line_1_9' title="bbox 93 744 1208 798; baseline 0.003 -18"><span class='ocrx_word' id='word_1_60' title='bbox 93 744 179 781; x_wconf 89' lang='lat' dir='ltr'>dam</span> <span class='ocrx_word' id='word_1_61' title='bbox 200 753 447 784; x_wconf 86' lang='lat' dir='ltr'>censuerant:</span> <span class='ocrx_word' id='word_1_62' title='bbox 479 748 741 798; x_wconf 82' lang='lat' dir='ltr'>triumvirique</span> <span class='ocrx_word' id='word_1_63' title='bbox 761 749 808 785; x_wconf 89' lang='lat' dir='ltr'>ad</span> <span class='ocrx_word' id='word_1_64' title='bbox 827 749 865 785; x_wconf 93' lang='lat' dir='ltr'>id</span> <span class='ocrx_word' id='word_1_65' title='bbox 885 749 1001 785; x_wconf 88' lang='lat' dir='ltr'>creati</span> <span class='ocrx_word' id='word_1_66' title='bbox 1022 755 1129 784; x_wconf 88' lang='lat' dir='ltr'>terna</span> <span class='ocrx_word' id='word_1_67' title='bbox 1142 747 1208 797; x_wconf 91' lang='lat' dir='ltr'>ju-</span> 
     </span>
    </p>

    <p class='ocr_par' dir='ltr' id='par_1_4' title="bbox 94 811 1209 862">
     <span class='ocr_line' id='line_1_10' title="bbox 94 811 1209 862; baseline 0.002 -17"><span class='ocrx_word' id='word_1_68' title='bbox 94 822 183 858; x_wconf 88' lang='lat' dir='ltr'>gera</span> <span class='ocrx_word' id='word_1_69' title='bbox 214 816 251 846; x_wconf 88' lang='lat' dir='ltr'>et</span> <span class='ocrx_word' id='word_1_70' title='bbox 281 817 480 862; x_wconf 88' lang='lat' dir='ltr'>septunces</span> <span class='ocrx_word' id='word_1_71' title='bbox 511 813 651 848; x_wconf 88' lang='lat' dir='ltr'>viritim</span> <span class='ocrx_word' id='word_1_72' title='bbox 690 813 908 849; x_wconf 82' lang='lat' dir='ltr'>diviserant.</span> <span class='ocrx_word' id='word_1_73' title='bbox 964 813 1023 849; x_wconf 90' lang='lat' dir='ltr'>Ea</span> <span class='ocrx_word' id='word_1_74' title='bbox 1055 811 1209 861; x_wconf 86' lang='lat' dir='ltr'>largitio</span> 
     </span>
    </p>

    <p class='ocr_par' dir='ltr' id='par_1_5' title="bbox 93 875 1210 927">
     <span class='ocr_line' id='line_1_11' title="bbox 93 875 1210 927; baseline 0.002 -18"><span class='ocrx_word' id='word_1_75' title='bbox 93 875 219 924; x_wconf 83' lang='lat' dir='ltr'>sperni</span> <span class='ocrx_word' id='word_1_76' title='bbox 253 882 379 925; x_wconf 84' lang='lat' dir='ltr'>coepta</span> <span class='ocrx_word' id='word_1_77' title='bbox 391 892 401 921; x_wconf 82' lang='lat' dir='ltr'>i</span> <span class='ocrx_word' id='word_1_78' title='bbox 445 877 533 925; x_wconf 90' lang='lat' dir='ltr'>quia</span> <span class='ocrx_word' id='word_1_79' title='bbox 562 878 642 927; x_wconf 90' lang='lat' dir='ltr'>spei</span> <span class='ocrx_word' id='word_1_80' title='bbox 671 876 827 927; x_wconf 87' lang='lat' dir='ltr'>majoris</span> <span class='ocrx_word' id='word_1_81' title='bbox 861 876 1074 913; x_wconf 83' lang='lat' dir='ltr'>avertendae</span> <span class='ocrx_word' id='word_1_82' title='bbox 1109 875 1210 911; x_wconf 83' lang='lat' dir='ltr'>sola-</span> 
     </span>
    </p>

    <p class='ocr_par' dir='ltr' id='par_1_6' title="bbox 93 938 1432 1184">
     <span class='ocr_line' id='line_1_12' title="bbox 93 938 1432 991; baseline 0.001 -17"><span class='ocrx_word' id='word_1_83' title='bbox 93 938 191 975; x_wconf 86' lang='lat' dir='ltr'>tium</span> <span class='ocrx_word' id='word_1_84' title='bbox 220 938 413 989; x_wconf 89' lang='lat' dir='ltr'>objectum</span> <span class='ocrx_word' id='word_1_85' title='bbox 443 941 661 978; x_wconf 84' lang='lat' dir='ltr'>censebant.</span> <span class='ocrx_word' id='word_1_86' title='bbox 721 942 798 978; x_wconf 89' lang='lat' dir='ltr'>Cur</span> <span class='ocrx_word' id='word_1_87' title='bbox 821 942 921 978; x_wconf 88' lang='lat' dir='ltr'>enim</span> <span class='ocrx_word' id='word_1_88' title='bbox 947 940 1108 990; x_wconf 85' lang='lat' dir='ltr'>relegari</span> <span class='ocrx_word' id='word_1_89' title='bbox 1127 939 1207 991; x_wconf 83' lang='lat' dir='ltr'>ple·</span> <span class='ocrx_word' id='word_1_90' title='bbox 1220 940 1315 989; x_wconf 70' lang='lat' dir='ltr'>Veios</span> <span class='ocrx_word' id='word_1_91' title='bbox 1327 938 1432 971; x_wconf 45' lang='lat' dir='ltr'>trans*</span> 
     </span>
     <span class='ocr_line' id='line_1_13' title="bbox 94 992 1391 1066; baseline 0.002 -27"><span class='ocrx_word' id='word_1_92' title='bbox 94 1003 181 1039; x_wconf 90' lang='lat' dir='ltr'>bem</span> <span class='ocrx_word' id='word_1_93' title='bbox 207 1004 245 1039; x_wconf 87' lang='lat' dir='ltr'>in</span> <span class='ocrx_word' id='word_1_94' title='bbox 265 1004 441 1049; x_wconf 87' lang='lat' dir='ltr'>Volscos,</span> <span class='ocrx_word' id='word_1_95' title='bbox 463 1018 578 1054; x_wconf 90' lang='lat' dir='ltr'>quum</span> <span class='ocrx_word' id='word_1_96' title='bbox 602 1006 858 1055; x_wconf 86' lang='lat' dir='ltr'>pulcherrima</span> <span class='ocrx_word' id='word_1_97' title='bbox 881 1005 967 1042; x_wconf 87' lang='lat' dir='ltr'>urbs</span> <span class='ocrx_word' id='word_1_98' title='bbox 991 1005 1077 1041; x_wconf 90' lang='lat' dir='ltr'>Veii</span> <span class='ocrx_word' id='word_1_99' title='bbox 1100 1017 1208 1053; x_wconf 81' lang='lat' dir='ltr'>ager·</span> <span class='ocrx_word' id='word_1_100' title='bbox 1221 992 1391 1066; x_wconf 50' lang='grc' dir='ltr'>ᾞὲῗςᾶῗο,</span> 
     </span>
     <span class='ocr_line' id='line_1_14' title="bbox 96 1068 1427 1120; baseline 0.005 -18"><span class='ocrx_word' id='word_1_101' title='bbox 96 1080 169 1116; x_wconf 88' lang='lat' dir='ltr'>que</span> <span class='ocrx_word' id='word_1_102' title='bbox 198 1068 432 1105; x_wconf 86' lang='lat' dir='ltr'>Veientanus</span> <span class='ocrx_word' id='word_1_103' title='bbox 462 1070 500 1105; x_wconf 91' lang='lat' dir='ltr'>in</span> <span class='ocrx_word' id='word_1_104' title='bbox 531 1076 737 1120; x_wconf 88' lang='lat' dir='ltr'>conspectu</span> <span class='ocrx_word' id='word_1_105' title='bbox 763 1072 826 1113; x_wconf 84' lang='lat' dir='ltr'>sit,</span> <span class='ocrx_word' id='word_1_106' title='bbox 852 1071 1004 1107; x_wconf 84' lang='lat' dir='ltr'>uberior</span> <span class='ocrx_word' id='word_1_107' title='bbox 1029 1069 1208 1120; x_wconf 86' lang='lat' dir='ltr'>amplior·</span> <span class='ocrx_word' id='word_1_108' title='bbox 1222 1068 1427 1109; x_wconf 81' lang='lat' dir='ltr'>manacupit·</span> 
     </span>
     <span class='ocr_line' id='line_1_15' title="bbox 96 1131 1212 1184; baseline 0.001 -16"><span class='ocrx_word' id='word_1_109' title='bbox 96 1143 169 1180; x_wconf 86' lang='lat' dir='ltr'>que</span> <span class='ocrx_word' id='word_1_110' title='bbox 186 1131 369 1168; x_wconf 84' lang='lat' dir='ltr'>Romano</span> <span class='ocrx_word' id='word_1_111' title='bbox 388 1134 509 1181; x_wconf 83' lang='lat' dir='ltr'>agro?</span> <span class='ocrx_word' id='word_1_112' title='bbox 540 1133 684 1170; x_wconf 87' lang='lat' dir='ltr'>Urbem</span> <span class='ocrx_word' id='word_1_113' title='bbox 704 1148 854 1184; x_wconf 87' lang='lat' dir='ltr'>quoque</span> <span class='ocrx_word' id='word_1_114' title='bbox 875 1134 959 1171; x_wconf 88' lang='lat' dir='ltr'>urbi</span> <span class='ocrx_word' id='word_1_115' title='bbox 980 1134 1130 1176; x_wconf 85' lang='lat' dir='ltr'>Romae,</span> <span class='ocrx_word' id='word_1_116' title='bbox 1150 1132 1212 1169; x_wconf 85' lang='lat' dir='ltr'>vel</span> 
     </span>
    </p>

    <p class='ocr_par' dir='ltr' id='par_1_7' title="bbox 97 1196 1218 1313">
     <span class='ocr_line' id='line_1_16' title="bbox 97 1196 1218 1249; baseline 0.003 -18"><span class='ocrx_word' id='word_1_117' title='bbox 97 1197 187 1239; x_wconf 85' lang='lat' dir='ltr'>situ,</span> <span class='ocrx_word' id='word_1_118' title='bbox 220 1196 280 1232; x_wconf 86' lang='lat' dir='ltr'>vel</span> <span class='ocrx_word' id='word_1_119' title='bbox 312 1197 597 1245; x_wconf 88' lang='lat' dir='ltr'>magnificentia</span> <span class='ocrx_word' id='word_1_120' title='bbox 628 1199 869 1248; x_wconf 89' lang='lat' dir='ltr'>publicorum</span> <span class='ocrx_word' id='word_1_121' title='bbox 902 1199 1218 1249; x_wconf 81' lang='lat' dir='ltr'>privatorumque·</span> 
     </span>
     <span class='ocr_line' id='line_1_17' title="bbox 97 1260 1213 1313; baseline 0.002 -18"><span class='ocrx_word' id='word_1_122' title='bbox 97 1266 288 1296; x_wconf 85' lang='lat' dir='ltr'>tectorum</span> <span class='ocrx_word' id='word_1_123' title='bbox 313 1273 357 1296; x_wconf 90' lang='lat' dir='ltr'>ac</span> <span class='ocrx_word' id='word_1_124' title='bbox 383 1260 569 1304; x_wconf 84' lang='lat' dir='ltr'>locorum,</span> <span class='ocrx_word' id='word_1_125' title='bbox 590 1262 890 1313; x_wconf 84' lang='lat' dir='ltr'>praeponebant:</span> <span class='ocrx_word' id='word_1_126' title='bbox 923 1263 1014 1311; x_wconf 86' lang='lat' dir='ltr'>quin</span> <span class='ocrx_word' id='word_1_127' title='bbox 1033 1261 1099 1298; x_wconf 80' lang='lat' dir='ltr'>illa</span> <span class='ocrx_word' id='word_1_128' title='bbox 1118 1273 1213 1310; x_wconf 87' lang='lat' dir='ltr'>quo-</span> 
     </span>
    </p>

    <p class='ocr_par' dir='ltr' id='par_1_8' title="bbox 98 1323 1220 1376">
     <span class='ocr_line' id='line_1_18' title="bbox 98 1323 1220 1376; baseline 0 -16"><span class='ocrx_word' id='word_1_129' title='bbox 98 1336 171 1373; x_wconf 82' lang='lat' dir='ltr'>que</span> <span class='ocrx_word' id='word_1_130' title='bbox 194 1325 295 1376; x_wconf 84' lang='lat' dir='ltr'>actio</span> <span class='ocrx_word' id='word_1_131' title='bbox 320 1324 557 1369; x_wconf 87' lang='lat' dir='ltr'>movebatur,</span> <span class='ocrx_word' id='word_1_132' title='bbox 579 1337 663 1374; x_wconf 81' lang='lat' dir='ltr'>quae</span> <span class='ocrx_word' id='word_1_133' title='bbox 689 1332 777 1375; x_wconf 92' lang='lat' dir='ltr'>post</span> <span class='ocrx_word' id='word_1_134' title='bbox 803 1332 953 1376; x_wconf 86' lang='lat' dir='ltr'>captam</span> <span class='ocrx_word' id='word_1_135' title='bbox 980 1325 1112 1374; x_wconf 91' lang='lat' dir='ltr'>utique</span> <span class='ocrx_word' id='word_1_136' title='bbox 1129 1323 1220 1360; x_wconf 75' lang='lat' dir='ltr'>Ro·</span> 
     </span>
    </p>

    <p class='ocr_par' dir='ltr' id='par_1_9' title="bbox 99 1387 1213 1438">
     <span class='ocr_line' id='line_1_19' title="bbox 99 1387 1213 1438; baseline 0 -15"><span class='ocrx_word' id='word_1_137' title='bbox 99 1400 201 1423; x_wconf 87' lang='lat' dir='ltr'>mam</span> <span class='ocrx_word' id='word_1_138' title='bbox 219 1400 242 1423; x_wconf 92' lang='lat' dir='ltr'>a</span> <span class='ocrx_word' id='word_1_139' title='bbox 260 1387 380 1424; x_wconf 83' lang='lat' dir='ltr'>Gallis</span> <span class='ocrx_word' id='word_1_140' title='bbox 403 1387 631 1425; x_wconf 85' lang='lat' dir='ltr'>celebratior</span> <span class='ocrx_word' id='word_1_141' title='bbox 652 1389 740 1432; x_wconf 82' lang='lat' dir='ltr'>fnit,</span> <span class='ocrx_word' id='word_1_142' title='bbox 767 1388 1064 1438; x_wconf 85' lang='lat' dir='ltr'>transmigrandi</span> <span class='ocrx_word' id='word_1_143' title='bbox 1082 1387 1213 1424; x_wconf 87' lang='lat' dir='ltr'>Veios.</span> 
     </span>
    </p>

    <p class='ocr_par' dir='ltr' id='par_1_10' title="bbox 97 1450 1412 1820">
     <span class='ocr_line' id='line_1_20' title="bbox 103 1450 1215 1502; baseline 0.001 -16"><span class='ocrx_word' id='word_1_144' title='bbox 103 1450 297 1494; x_wconf 82' lang='lat' dir='ltr'>Ceterum,</span> <span class='ocrx_word' id='word_1_145' title='bbox 326 1451 464 1502; x_wconf 83' lang='lat' dir='ltr'>partim</span> <span class='ocrx_word' id='word_1_146' title='bbox 492 1450 609 1502; x_wconf 89' lang='lat' dir='ltr'>plebi,</span> <span class='ocrx_word' id='word_1_147' title='bbox 636 1453 775 1502; x_wconf 85' lang='lat' dir='ltr'>partim</span> <span class='ocrx_word' id='word_1_148' title='bbox 801 1453 950 1489; x_wconf 87' lang='lat' dir='ltr'>senatui</span> <span class='ocrx_word' id='word_1_149' title='bbox 971 1451 1215 1489; x_wconf 80' lang='lat' dir='ltr'>destinabant</span> 
     </span>
     <span class='ocr_line' id='line_1_21' title="bbox 97 1514 1251 1566; baseline -0.001 -15"><span class='ocrx_word' id='word_1_150' title='bbox 97 1514 327 1552; x_wconf 81' lang='lat' dir='ltr'>habitandos</span> <span class='ocrx_word' id='word_1_151' title='bbox 363 1514 504 1561; x_wconf 82' lang='lat' dir='ltr'>Veios3</span> <span class='ocrx_word' id='word_1_152' title='bbox 546 1516 715 1565; x_wconf 90' lang='lat' dir='ltr'>duasque</span> <span class='ocrx_word' id='word_1_153' title='bbox 750 1516 861 1553; x_wconf 91' lang='lat' dir='ltr'>urbes</span> <span class='ocrx_word' id='word_1_154' title='bbox 894 1515 1105 1554; x_wconf 85' lang='lat' dir='ltr'>communis</span> <span class='ocrx_word' id='word_1_155' title='bbox 1139 1515 1219 1551; x_wconf 28' lang='lat' dir='ltr'>rei-⁷</span> <span class='ocrx_word' id='word_1_156' title='bbox 1248 1564 1251 1566; x_wconf 64' lang='lat'><em>,</em></span> 
     </span>
     <span class='ocr_line' id='line_1_22' title="bbox 98 1578 1394 1631; baseline 0.001 -17"><span class='ocrx_word' id='word_1_157' title='bbox 98 1578 259 1629; x_wconf 76' lang='lat' dir='ltr'>publicae</span> <span class='ocrx_word' id='word_1_158' title='bbox 284 1578 401 1615; x_wconf 86' lang='lat' dir='ltr'>incoli</span> <span class='ocrx_word' id='word_1_159' title='bbox 427 1591 453 1616; x_wconf 83' lang='lat' dir='ltr'>a·</span> <span class='ocrx_word' id='word_1_160' title='bbox 474 1579 618 1630; x_wconf 88' lang='lat' dir='ltr'>populo</span> <span class='ocrx_word' id='word_1_161' title='bbox 643 1578 824 1616; x_wconf 86' lang='lat' dir='ltr'>Romano</span> <span class='ocrx_word' id='word_1_162' title='bbox 843 1592 966 1631; x_wconf 85' lang='lat' dir='ltr'>posse.</span> <span class='ocrx_word' id='word_1_163' title='bbox 1022 1580 1212 1616; x_wconf 82' lang='lat' dir='ltr'>Adversus</span> <span class='ocrx_word' id='word_1_164' title='bbox 1222 1578 1394 1628; x_wconf 64' lang='lat' dir='ltr'>obsistunt</span> 
     </span>
     <span class='ocr_line' id='line_1_23' title="bbox 98 1629 1412 1693; baseline 0.002 -15"><span class='ocrx_word' id='word_1_165' title='bbox 98 1655 181 1692; x_wconf 85' lang='lat' dir='ltr'>quae</span> <span class='ocrx_word' id='word_1_166' title='bbox 201 1655 317 1691; x_wconf 82' lang='lat' dir='ltr'>quum</span> <span class='ocrx_word' id='word_1_167' title='bbox 343 1642 549 1693; x_wconf 82' lang='lat' dir='ltr'>optimates</span> <span class='ocrx_word' id='word_1_168' title='bbox 573 1643 629 1679; x_wconf 85' lang='lat' dir='ltr'>ita</span> <span class='ocrx_word' id='word_1_169' title='bbox 655 1643 869 1687; x_wconf 82' lang='lat' dir='ltr'>tenderent,</span> <span class='ocrx_word' id='word_1_170' title='bbox 899 1649 943 1679; x_wconf 84' lang='lat' dir='ltr'>ut</span> <span class='ocrx_word' id='word_1_171' title='bbox 964 1645 1152 1680; x_wconf 71' lang='lat' dir='ltr'>morituros</span> <span class='ocrx_word' id='word_1_172' title='bbox 1178 1655 1214 1680; x_wconf 76' lang='lat' dir='ltr'>se</span> <span class='ocrx_word' id='word_1_173' title='bbox 1223 1629 1412 1664; x_wconf 55' lang='lat' dir='ltr'>‘&#39;pumaoes*</span> 
     </span>
     <span class='ocr_line' id='line_1_24' title="bbox 100 1706 1217 1756; baseline -0.001 -11"><span class='ocrx_word' id='word_1_174' title='bbox 100 1708 205 1745; x_wconf 61' lang='lat' dir='ltr'>citius</span> <span class='ocrx_word' id='word_1_175' title='bbox 238 1706 407 1743; x_wconf 80' lang='lat' dir='ltr'>dicerent</span> <span class='ocrx_word' id='word_1_176' title='bbox 443 1709 481 1743; x_wconf 82' lang='lat' dir='ltr'>in</span> <span class='ocrx_word' id='word_1_177' title='bbox 516 1713 702 1756; x_wconf 80' lang='lat' dir='ltr'>conspectu</span> <span class='ocrx_word' id='word_1_178' title='bbox 735 1710 864 1756; x_wconf 76' lang='lat' dir='ltr'>populi</span> <span class='ocrx_word' id='word_1_179' title='bbox 899 1708 1076 1751; x_wconf 69' lang='lat' dir='ltr'>Romani,</span> <span class='ocrx_word' id='word_1_180' title='bbox 1108 1719 1217 1755; x_wconf 81' lang='lat' dir='ltr'>quam</span> 
     </span>
     <span class='ocr_line' id='line_1_25' title="bbox 101 1771 1218 1820; baseline 0.001 -14"><span class='ocrx_word' id='word_1_181' title='bbox 101 1771 296 1819; x_wconf 74' lang='lat' dir='ltr'>quidquam</span> <span class='ocrx_word' id='word_1_182' title='bbox 327 1781 452 1807; x_wconf 80' lang='lat' dir='ltr'>earum</span> <span class='ocrx_word' id='word_1_183' title='bbox 484 1782 604 1807; x_wconf 83' lang='lat' dir='ltr'>rerum</span> <span class='ocrx_word' id='word_1_184' title='bbox 636 1777 824 1819; x_wconf 78' lang='lat' dir='ltr'>rogaretur</span> <span class='ocrx_word' id='word_1_185' title='bbox 840 1789 852 1809; x_wconf 89' lang='lat'>.·</span> <span class='ocrx_word' id='word_1_186' title='bbox 894 1773 1026 1820; x_wconf 75' lang='lat' dir='ltr'>quippe</span> <span class='ocrx_word' id='word_1_187' title='bbox 1056 1783 1148 1808; x_wconf 79' lang='lat' dir='ltr'>mmc</span> <span class='ocrx_word' id='word_1_188' title='bbox 1178 1773 1218 1808; x_wconf 78' lang='lat' dir='ltr'>in</span> 
     </span>
    </p>

    <p class='ocr_par' dir='ltr' id='par_1_11' title="bbox 100 1833 1218 1884">
     <span class='ocr_line' id='line_1_26' title="bbox 100 1833 1218 1884; baseline 0 -13"><span class='ocrx_word' id='word_1_189' title='bbox 100 1846 174 1871; x_wconf 79' lang='lat' dir='ltr'>una</span> <span class='ocrx_word' id='word_1_190' title='bbox 203 1833 290 1870; x_wconf 82' lang='lat' dir='ltr'>urbe</span> <span class='ocrx_word' id='word_1_191' title='bbox 321 1838 462 1870; x_wconf 77' lang='lat' dir='ltr'>tamum</span> <span class='ocrx_word' id='word_1_192' title='bbox 494 1836 747 1872; x_wconf 69' lang='lat' dir='ltr'>dissensionum</span> <span class='ocrx_word' id='word_1_193' title='bbox 775 1848 858 1880; x_wconf 62' lang='lat' dir='ltr'>esse,</span> <span class='ocrx_word' id='word_1_194' title='bbox 893 1837 982 1884; x_wconf 72' lang='lat' dir='ltr'>quid</span> <span class='ocrx_word' id='word_1_195' title='bbox 1011 1838 1050 1872; x_wconf 79' lang='lat' dir='ltr'>in</span> <span class='ocrx_word' id='word_1_196' title='bbox 1082 1836 1218 1872; x_wconf 72' lang='lat' dir='ltr'>duabus</span> 
     </span>
    </p>

    <p class='ocr_par' dir='ltr' id='par_1_12' title="bbox 89 1897 1216 2077">
     <span class='ocr_line' id='line_1_27' title="bbox 89 1897 1216 1948; baseline 0.001 -15"><span class='ocrx_word' id='word_1_197' title='bbox 89 1897 208 1948; x_wconf 76' lang='lat' dir='ltr'>fore?</span> <span class='ocrx_word' id='word_1_198' title='bbox 238 1897 423 1934; x_wconf 70' lang='lat' dir='ltr'>Victamne</span> <span class='ocrx_word' id='word_1_199' title='bbox 440 1902 480 1934; x_wconf 80' lang='lat' dir='ltr'>ut</span> <span class='ocrx_word' id='word_1_200' title='bbox 497 1900 679 1947; x_wconf 78' lang='lat' dir='ltr'>quisquam</span> <span class='ocrx_word' id='word_1_201' title='bbox 698 1900 836 1936; x_wconf 76' lang='lat' dir='ltr'>victrici</span> <span class='ocrx_word' id='word_1_202' title='bbox 848 1901 982 1948; x_wconf 76' lang='lat' dir='ltr'>patriae</span> <span class='ocrx_word' id='word_1_203' title='bbox 996 1898 1216 1948; x_wconf 69' lang='lat' dir='ltr'>proeferret?</span> 
     </span>
     <span class='ocr_line' id='line_1_28' title="bbox 97 1960 1213 2012; baseline 0.001 -14"><span class='ocrx_word' id='word_1_204' title='bbox 97 1964 308 2010; x_wconf 76' lang='lat' dir='ltr'>sineretque,</span> <span class='ocrx_word' id='word_1_205' title='bbox 330 1960 502 2008; x_wconf 58' lang='lat' dir='ltr'>mojorem</span> <span class='ocrx_word' id='word_1_206' title='bbox 518 1962 715 2012; x_wconf 81' lang='lat' dir='ltr'>fortunam</span> <span class='ocrx_word' id='word_1_207' title='bbox 740 1965 854 2012; x_wconf 75' lang='lat' dir='ltr'>captis</span> <span class='ocrx_word' id='word_1_208' title='bbox 878 1975 949 2000; x_wconf 79' lang='lat' dir='ltr'>esse</span> <span class='ocrx_word' id='word_1_209' title='bbox 976 1964 1078 2006; x_wconf 75' lang='lat' dir='ltr'>Veiis,</span> <span class='ocrx_word' id='word_1_210' title='bbox 1106 1975 1213 2011; x_wconf 77' lang='lat' dir='ltr'>quam</span> 
     </span>
     <span class='ocr_line' id='line_1_29' title="bbox 98 2025 1214 2077; baseline 0.002 -15"><span class='ocrx_word' id='word_1_211' title='bbox 98 2026 331 2063; x_wconf 72' lang='lat' dir='ltr'>incolumibus</span> <span class='ocrx_word' id='word_1_212' title='bbox 347 2025 502 2076; x_wconf 73' lang='lat' dir='ltr'>fuerit?</span> <span class='ocrx_word' id='word_1_213' title='bbox 530 2027 731 2070; x_wconf 81' lang='lat' dir='ltr'>Postremo,</span> <span class='ocrx_word' id='word_1_214' title='bbox 756 2041 793 2064; x_wconf 85' lang='lat' dir='ltr'>se</span> <span class='ocrx_word' id='word_1_215' title='bbox 811 2029 966 2077; x_wconf 80' lang='lat' dir='ltr'>relinqui</span> <span class='ocrx_word' id='word_1_216' title='bbox 984 2041 1007 2064; x_wconf 84' lang='lat' dir='ltr'>a</span> <span class='ocrx_word' id='word_1_217' title='bbox 1029 2028 1158 2064; x_wconf 71' lang='lat' dir='ltr'>civibus</span> <span class='ocrx_word' id='word_1_218' title='bbox 1176 2029 1214 2063; x_wconf 74' lang='grc' dir='ltr'>ἐπ</span> 
     </span>
    </p>

    <p class='ocr_par' dir='ltr' id='par_1_13' title="bbox 96 2090 1220 2140">
     <span class='ocr_line' id='line_1_30' title="bbox 96 2090 1220 2140; baseline 0 -14"><span class='ocrx_word' id='word_1_219' title='bbox 96 2091 222 2138; x_wconf 65' lang='lat' dir='ltr'>patria</span> <span class='ocrx_word' id='word_1_220' title='bbox 244 2101 371 2138; x_wconf 81' lang='lat' dir='ltr'>posse:</span> <span class='ocrx_word' id='word_1_221' title='bbox 397 2094 440 2127; x_wconf 74' lang='lat' dir='ltr'>ut</span> <span class='ocrx_word' id='word_1_222' title='bbox 462 2090 668 2139; x_wconf 77' lang='lat' dir='ltr'>relinquant</span> <span class='ocrx_word' id='word_1_223' title='bbox 690 2094 856 2139; x_wconf 82' lang='lat' dir='ltr'>patriam</span> <span class='ocrx_word' id='word_1_224' title='bbox 877 2097 985 2140; x_wconf 78' lang='lat' dir='ltr'>atque</span> <span class='ocrx_word' id='word_1_225' title='bbox 1008 2093 1111 2135; x_wconf 69' lang='lat' dir='ltr'>cives,</span> <span class='ocrx_word' id='word_1_226' title='bbox 1131 2091 1220 2127; x_wconf 66' lang='lat' dir='ltr'>nul-</span> 
     </span>
    </p>

    <p class='ocr_par' dir='ltr' id='par_1_14' title="bbox 102 2155 1219 2203">
     <span class='ocr_line' id='line_1_31' title="bbox 102 2155 1219 2203; baseline 0.001 -13"><span class='ocrx_word' id='word_1_227' title='bbox 102 2155 175 2191; x_wconf 81' lang='lat' dir='ltr'>lam</span> <span class='ocrx_word' id='word_1_228' title='bbox 205 2155 279 2190; x_wconf 79' lang='lat' dir='ltr'>vim</span> <span class='ocrx_word' id='word_1_229' title='bbox 312 2165 484 2203; x_wconf 75' lang='lat' dir='ltr'>umquam</span> <span class='ocrx_word' id='word_1_230' title='bbox 513 2155 764 2201; x_wconf 72' lang='lat' dir='ltr'>subacturam3</span> <span class='ocrx_word' id='word_1_231' title='bbox 810 2161 846 2192; x_wconf 73' lang='lat' dir='ltr'>et</span> <span class='ocrx_word' id='word_1_232' title='bbox 883 2157 924 2194; x_wconf 87' lang='lat' dir='ltr'>T.</span> <span class='ocrx_word' id='word_1_233' title='bbox 952 2155 1127 2192; x_wconf 55' lang='lat' dir='ltr'>Sicanium</span> <span class='ocrx_word' id='word_1_234' title='bbox 1164 2156 1219 2203; x_wconf 67' lang='lat' dir='ltr'>(is</span> 
     </span>
    </p>

    <p class='ocr_par' dir='ltr' id='par_1_15' title="bbox 100 2217 1222 2331">
     <span class='ocr_line' id='line_1_32' title="bbox 102 2217 1218 2270; baseline 0.001 -18"><span class='ocrx_word' id='word_1_235' title='bbox 102 2217 202 2253; x_wconf 89' lang='lat' dir='ltr'>enim</span> <span class='ocrx_word' id='word_1_236' title='bbox 232 2230 279 2253; x_wconf 82' lang='lat' dir='ltr'>ex</span> <span class='ocrx_word' id='word_1_237' title='bbox 305 2218 468 2255; x_wconf 84' lang='lat' dir='ltr'>tribunis</span> <span class='ocrx_word' id='word_1_238' title='bbox 496 2217 618 2270; x_wconf 81' lang='lat' dir='ltr'>plebis</span> <span class='ocrx_word' id='word_1_239' title='bbox 645 2220 858 2268; x_wconf 81' lang='lat' dir='ltr'>rogationis</span> <span class='ocrx_word' id='word_1_240' title='bbox 885 2219 966 2270; x_wconf 80' lang='lat' dir='ltr'>ejus</span> <span class='ocrx_word' id='word_1_241' title='bbox 991 2219 1092 2256; x_wconf 66' lang='lat' dir='ltr'>lator</span> <span class='ocrx_word' id='word_1_242' title='bbox 1114 2219 1218 2265; x_wconf 76' lang='lat' dir='ltr'>erat)</span> 
     </span>
     <span class='ocr_line' id='line_1_33' title="bbox 100 2281 1222 2331; baseline 0.004 -15"><span class='ocrx_word' id='word_1_243' title='bbox 100 2281 319 2317; x_wconf 72' lang='lat' dir='ltr'>conditorem</span> <span class='ocrx_word' id='word_1_244' title='bbox 351 2281 452 2318; x_wconf 60' lang='grc' dir='ltr'>νεὼς</span> <span class='ocrx_word' id='word_1_245' title='bbox 474 2287 679 2331; x_wconf 75' lang='lat' dir='ltr'>sequantur,</span> <span class='ocrx_word' id='word_1_246' title='bbox 700 2284 831 2320; x_wconf 81' lang='lat' dir='ltr'>relicto.</span> <span class='ocrx_word' id='word_1_247' title='bbox 845 2283 936 2322; x_wconf 64' lang='lat' dir='ltr'>Deo&gt;</span> <span class='ocrx_word' id='word_1_248' title='bbox 949 2283 1118 2326; x_wconf 78' lang='lat' dir='ltr'>Romulo,</span> <span class='ocrx_word' id='word_1_249' title='bbox 1139 2283 1222 2322; x_wconf 59' lang='lat' dir='ltr'>Dea</span> 
     </span>
    </p>

    <p class='ocr_par' dir='ltr' id='par_1_16' title="bbox 88 2346 846 2396">
     <span class='ocr_line' id='line_1_34' title="bbox 88 2346 846 2396; baseline 0.005 -14"><span class='ocrx_word' id='word_1_250' title='bbox 88 2346 187 2396; x_wconf 70' lang='lat' dir='ltr'>filio,</span> <span class='ocrx_word' id='word_1_251' title='bbox 203 2352 356 2395; x_wconf 68' lang='lat' dir='ltr'>parente</span> <span class='ocrx_word' id='word_1_252' title='bbox 372 2351 408 2385; x_wconf 82' lang='lat' dir='ltr'>et</span> <span class='ocrx_word' id='word_1_253' title='bbox 425 2353 570 2386; x_wconf 73' lang='lat' dir='ltr'>auctore</span> <span class='ocrx_word' id='word_1_254' title='bbox 586 2348 684 2385; x_wconf 71' lang='lat' dir='ltr'>urbis</span> <span class='ocrx_word' id='word_1_255' title='bbox 702 2348 846 2386; x_wconf 66' lang='lat' dir='ltr'>Rom.</span> 
     </span>
    </p>
   </div>
   <div class='ocr_carea' id='block_1_3' title="bbox 615 2411 703 2450">
    <p class='ocr_par' dir='ltr' id='par_1_17' title="bbox 615 2411 703 2450">
     <span class='ocr_line' id='line_1_35' title="bbox 615 2411 703 2450; baseline 0.011 -1"><span class='ocrx_word' id='word_1_256' title='bbox 615 2411 703 2450; x_wconf 63' lang='lat' dir='ltr'>Rs</span> 
     </span>
    </p>
   </div>
  </div>
 </body>
</html>
