1573 2598
447 152 602 182 LIBER
626 150 660 180 1.
692 148 800 179 CAP.
822 149 940 178 VIII.
1200 144 1252 191 17

132 243 317 284 'miraculo
336 243 545 286 literarum,
564 241 619 278 rei
641 253 749 277 novae
771 239 870 276 inter
888 239 998 277 rudes
1019 239 1156 278 artium
1180 239 1253 278 ho—

133 310 285 356 mines3
335 305 587 346 venerabilior
623 305 822 342 divinitate
858 305 1002 341 credita
1038 305 1253 343 Carmentae

132 374 279 417 matris,
311 384 423 423 quam
450 369 692 418 fatiloquam,
720 375 810 406 ante
842 368 995 419 Sibyllae
1028 369 1066 405 in
1100 369 1254 407 Italiam

132 439 350 480 adventum,
388 436 535 472 miratae
581 434 638 471 {2ae
683 439 816 484 gentes
858 433 1022 470 fuerant.
1096 433 1134 470 Is
1170 442 1254 472 tum

129 500 320 544 Evander,
342 511 528 536 concursu
547 504 758 551 pastorum,
777 497 1050 547 trepidantium
1069 498 1169 535 circa
1187 499 1253 535 ad-

130 577 265 602 venam
302 564 513 602 manifestae
550 576 657 600 rcum
690 562 816 606 caedis,
851 563 1011 606 excitus,
1049 570 1254 612 ptstquam

127 628 275 666 facinus
301 629 755 679 facinorisquecaussam
783 627 941 670 audivit,
970 626 1144 664 habi-{rm
1172 627 1252 664 for-

127 702 304 743 mamque
323 694 393 729 viri
420 693 656 742 aliquantum
676 691 900 741 ampliorem
919 691 1253 741 augustioremque

127 756 295 794 humana
313 758 479 800 intuens,
499 757 659 805 rogitat,
680 757 744 805 qui
763 756 820 791 vir
845 760 943 791 esset
962 756 974 791 ?
1007 755 1085 792 Ubi
1110 768 1252 793 nomen

125 828 348 872 patremque
377 836 420 860 ac
448 823 610 873 patriam
638 821 785 870 accepit
799 837 811 867 i
842 820 932 857 Jove
949 825 1045 863 mee,
1065 820 1251 864 Hercules,

125 887 233 930 salve,
251 887 375 936 inquit
392 903 402 933 3
437 892 470 923 te
497 888 585 923 mihi
605 891 731 929 mater,
749 887 907 922 veridica
928 887 1096 934 interpres
1113 886 1251 928 Deum,

124 957 314 988 ‘auctwnm
333 954 520 989 coelestium
539 964 722 989 numerum
747 952 872 987 cecinit
882 967 895 994 ,-
927 950 1056 998 tibi-que
1066 956 1177 987 ‘aram
1197 951 1253 986 hic

125 1017 284 1053 dicatum
303 1019 362 1061 iri,
380 1030 485 1066 quum
505 1018 770 1065 opulentissima
787 1018 873 1052 olim
891 1017 928 1051 in
948 1017 1050 1052 terris
1065 1028 1150 1063 gens
1165 1015 1251 1051 Ma-

121 1080 259 1116 ximam
294 1086 404 1124 vocet,
445 1086 572 1129 tuoque
605 1083 679 1117 ritu
716 1082 821 1117 colat.
877 1079 1027 1116 Dextra
1062 1079 1248 1115 Hercules
1261 1089 1324 1119 Ara
1339 1088 1447 1121 Maxi.

123 1143 227 1186 data,
258 1147 417 1193 accipere
442 1158 479 1181 se
506 1158 607 1182 omen
635 1146 917 1192 inpletur-umque
934 1144 1039 1193 fata,
1070 1157 1137 1180 ara
1165 1157 1246 1180 con-
1262 1141 1329 1164 ma.

121 1208 201 1244 dita
220 1214 325 1257 atque
344 1210 478 1252 dicata,
500 1209 564 1245 ait.
621 1207 683 1244 Ibi
701 1214 783 1244 tum
808 1208 972 1257 primum
990 1207 1089 1243 bove
1109 1208 1249 1245 eximia

119 1277 236 1321 capta
254 1272 299 1308 de
319 1285 434 1321 grege
454 1284 602 1309 sacrum
621 1271 796 1314 Herculi,
813 1270 993 1307 adhibitis
1011 1270 1057 1307 ad
1077 1271 1250 1308 ministe-

119 1334 220 1370 rium
239 1334 449 1385 dapemque
467 1335 622 1372 Potitiis
649 1348 692 1372 ac
718 1334 897 1377 Pinariis,
919 1347 1002 1382 quae
1027 1340 1109 1370 tum
1135 1334 1248 1371 fami·

118 1397 180 1434 liae
216 1400 391 1436 maximae
437 1400 577 1436 inclitae
615 1412 660 1436 ea
694 1399 781 1435 loca
817 1398 1050 1441 incolebant,
1088 1399 1245 1438 factum.

117 1458 236 1499 Forte
255 1463 309 1499 ita
329 1464 468 1507 evenit,
489 1470 532 1500 ut
551 1464 685 1500 Potitii
706 1464 751 1500 ad
774 1470 922 1513 tempus
943 1469 1083 1513 praesto
1104 1470 1243 1507 essent,
1258 1470 1362 1501 Potitii
1379 1477 1412 1503 et

117 1525 239 1575 iisque
269 1533 357 1564 exta
386 1529 668 1578 adponerentur
683 1544 694 1573 3
727 1528 885 1570 Pinarii,
914 1528 1010 1563 extis
1038 1528 1173 1571 adesis,
1198 1529 1246 1565 ad
1259 1515 1387 1545 Pxnaxii.

116 1595 283 1626 ceteram
312 1592 487 1628 venirent
523 1592 685 1642 dapem:
721 1591 810 1627 inde
840 1592 1060 1627 institutum
1088 1593 1244 1635 mansit,

117 1652 465 1691 donec-Pinarium
501 1668 620 1703 genus
658 1655 745 1697 fuit,
781 1667 830 1690 ne
867 1655 964 1690 extis
1003 1655 1245 1692 sollemnium

115 1724 371 1755 vescerentur.
426 1719 577 1761 Potitii,
606 1719 652 1755 ab
676 1720 857 1756 Evandro
884 1719 1024 1762 edocti,
1053 1721 1244 1756 antistites

116 1781 213 1816 sacri
244 1780 324 1831 ejus
350 1795 418 1832 per
449 1783 587 1819 multas
621 1790 750 1820 aetates
779 1784 961 1819 fuerunt:
995 1783 1130 1826 donee,
1164 1789 1243 1820 tra-

115 1842 198 1880 dito
217 1845 332 1881 servis
362 1846 521 1896 publicis
549 1846 725 1882 sollemni
744 1846 898 1883 familiae
927 1847 1154 1890 ministerio,
1176 1860 1243 1896 ge-

116 1917 187 1943 nus
208 1920 322 1945 omne
340 1908 573 1946 Potitiorum
599 1910 757 1946 interiit.
814 1909 911 1946 Haec
930 1915 1013 1946 tum
1033 1922 1140 1947 sacra
1158 1910 1242 1947 Ro-

115 1970 239 2007 mulus
260 1985 337 2009 una
355 1985 402 2009 ex
421 1973 598 2010 omnibus
620 1975 822 2024 peregrina
842 1975 1031 2025 suscepit3
1057 1973 1141 2025 jam
1159 1982 1242 2014 tum

115 2033 402 2073 inmortalitatis
422 2037 563 2074 virtute
588 2044 721 2089 partae,
743 2038 791 2075 ad
822 2051 937 2089 quam
963 2051 1050 2075 eum
1075 2050 1144 2075 sua
1161 2039 1243 2076 fata

117 2098 321 2145 ducebant,
340 2101 482 2140 fautor.

169 2163 284 2202 VIII.
320 2165 452 2203 Rebus
483 2167 619 2204 divinis
648 2168 721 2205 rite
756 2169 998 2219 perpetratiS,
1029 2174 1240 2219 vocataque
1254 2172 1447 2214 Rempubli-

117 2225 166 2263 ad
185 2228 389 2274 concilium
416 2230 675 2276 multitudine,
696 2245 779 2282 quae
802 2232 1015 2269 coalescere
1039 2233 1080 2269 in
1108 2233 1242 2284 populi
1254 2219 1460 2293 {aossxffifflgat

121 2290 234 2329 unius
255 2305 390 2345 corpus
409 2294 515 2333 nulla
532 2308 586 2342 re,
607 2302 859 2349 praeterquam
884 2296 1046 2347 legibus,
1075 2303 1241 2350 poterat,
