1573 2598
120 1556 247 1590 Servius
263 1559 311 1589 in-

120 1601 284 1634 oerficitur.

119 2137 238 2186 Tulliae
255 2138 303 2168 in·

121 2187 230 2222 pietas.

335 172 390 215 68
802 187 847 216 Τ.
875 188 1004 217 mvn

334 276 490 312 divisisse
505 292 516 312 .·
546 276 665 311 omnia
696 286 815 319 onera,
846 288 923 324 quae
952 277 1151 314 communia
1181 272 1358 325 quondam
1378 278 1450 329 su-

335 341 440 382 erint,
470 340 652 375 inclinasse
681 340 719 375 in
742 341 917 387 primores
947 342 1100 376 civitatis
1116 357 1128 377 .·
1158 342 1345 378 instituisse
1368 354 1449 379 cen-

331 416 425 447 sum,
462 409 503 440 ut
536 404 680 451 insignis
713 405 763 440 ad
798 405 969 440 invidiam
1005 406 1272 454 locupletiorum
1293 405 1450 456 fortuna

335 473 433 510 esset,
468 473 504 503 et
532 472 678 516 parata,
706 469 812 511 unde,
842 469 901 505 ubi
935 470 1052 512 vellet,
1082 471 1310 518 egentissimis
1337 470 1450 519 largi-

333 536 441 568 retur.

387 594 578 632 XLVIII.
608 595 712 632 Huic
731 596 897 633 orationi
920 596 1069 632 Servius
1088 609 1204 645 quum
1226 597 1450 634 intervenis-

335 665 406 703 set,
431 660 581 710 trepido
609 661 751 696 nuncio
777 660 976 704 excitatus,
1001 660 1192 710 extemplo
1220 674 1242 697 a
1260 661 1449 698 vestibulo

335 724 448 760 curiae
477 736 618 773 magna
644 737 751 767 voce,
783 726 879 766 Quid
907 725 984 768 hoc,
1013 725 1150 774 inquit,
1186 726 1370 774 Tarquini,
1400 727 1453 763 rei

333 791 419 825 est?
446 802 516 838 qua
541 794 580 825 tu
604 791 758 826 audacia
778 801 834 826 me
855 791 933 826 vivo
955 802 1080 826 vocare
1105 802 1209 827 ausus
1233 802 1268 826 es
1287 791 1415 827 Patra
1430 791 1454 827 .9

334 858 399 890 aut
422 854 459 889 in
483 855 564 889 sede
591 855 768 890 considere
791 856 904 890 mea.9
931 854 1058 892 Quum
1096 853 1159 890 ine
1189 853 1368 890 ferociter
1403 854 1450 891 ad

332 916 429 960 haec,
451 917 499 954 Se
515 920 633 966 patris
654 920 711 954 sui
740 923 854 955 tenere
876 921 1005 961 sedem,
1028 920 1154 962 malm,
1175 931 1281 967 quam
1299 929 1450 963 servum,

327 983 505 1031 potiorem
520 983 645 1031 filium
672 985 765 1031 regis
790 985 890 1031 regni
918 983 1088 1019 haeredem
1104 999 1116 1019 .·
1144 985 1231 1019 satis
1258 983 1361 1018 illum
1390 983 1452 1019 diu

327 1057 395 1094 per
414 1047 594 1082 licentiam
612 1047 810 1082 eludentem
828 1048 1011 1083 insultasse
1029 1047 1204 1090 domini35
1233 1044 1376 1082 clamor
1402 1044 1451 1083 ab

333 1109 529 1158 utriusque
551 1110 763 1147 fautoribus
784 1112 917 1153 oritur,
939 1116 977 1146 et
998 1122 1202 1146 concursus
1228 1109 1360 1161 populi
1384 1109 1451 1146 fie-

334 1171 403 1209 bat
431 1173 470 1209 in
500 1174 668 1210 curiam:
705 1174 985 1225 adparebatque
1012 1180 1272 1223 regnaturum,
1302 1174 1367 1223 qui
1394 1174 1452 1210 vi-

335 1236 460 1274 cisset.
515 1237 616 1274 Tum
643 1238 887 1288 Tarquinius,
917 1239 1142 1275 necessitate
1163 1236 1247 1288 Jam
1275 1239 1358 1288 ipsa
1386 1251 1452 1274 co-

334 1307 448 1349 gente
476 1301 610 1338 ultima
638 1303 789 1346 audere,
812 1302 933 1339 multo
963 1309 1001 1338 et
1030 1309 1140 1338 aetate
1169 1308 1207 1338 et
1225 1301 1367 1339 viribus
1385 1314 1452 1339 va-

332 1365 459 1410 lidior,
481 1367 645 1403 medium
671 1368 811 1418 adripit
836 1368 1032 1414 Servinm3
1065 1367 1279 1417 elatumque
1299 1379 1319 1404 e
1348 1368 1453 1404 curia

334 1430 373 1467 in
403 1431 621 1468 inferiorem
649 1438 797 1483 partem
826 1445 893 1483 per
921 1433 1058 1482 gradus
1087 1431 1228 1482 dejicit.
1285 1432 1379 1469 Inde
1405 1433 1453 1469 ad

335 1495 549 1544 cogendum
567 1503 739 1533 senatum
759 1497 798 1532 in
819 1497 961 1533 curiam
980 1497 1088 1534 redit.
1144 1496 1208 1533 Fit
1230 1496 1324 1545 fuga
1350 1497 1450 1546 regis

337 1559 609 1609 adparitorum,
641 1567 753 1610 atque
786 1562 980 1598 comitum.
1037 1561 1123 1612 Ipse
1159 1573 1279 1611 prope
1315 1573 1451 1598 exsan-

336 1624 435 1672 guiS,
456 1636 572 1672 quum
590 1625 803 1660 semianimi
821 1625 927 1673 regio
947 1625 1131 1661 comitatu
1153 1624 1307 1661 domum
1328 1637 1368 1660 se
1392 1637 1451 1661 re-

336 1688 491 1738 ciperet,
512 1689 817 1738 pervenissetque
837 1688 884 1725 ad
905 1701 1093 1725 summum
1112 1689 1295 1739 Cyprium
1312 1689 1451 1732 vicum,

336 1753 383 1790 ab
413 1755 473 1798 iis,
502 1755 566 1804 qui
590 1755 695 1790 missi
719 1755 765 1791 ab
792 1754 1002 1804 Tarquinio
1027 1755 1237 1804 fugientem
1259 1756 1452 1792 consecuti

336 1826 457 1861 erant,
489 1819 725 1856 interficitur.
782 1820 972 1863 Creditur,
999 1821 1087 1869 quia
1115 1832 1194 1856 non
1223 1819 1402 1856 abhorret
1430 1832 1453 1856 a

336 1890 463 1919 cetero
483 1882 636 1926 scelere,
657 1883 853 1919 admonitu
872 1883 906 1919 T
910 1883 1008 1920 ulliae
1031 1885 1066 1920 id
1094 1884 1236 1920 factum
1255 1898 1262 1919 :
1295 1895 1452 1933 carpen-

334 1952 376 1982 to
402 1953 502 1983 celte
528 1947 585 1996 (id
615 1947 716 1996 quod
748 1948 837 1983 satis
865 1949 1032 1993 constat)
1057 1949 1097 1983 in
1129 1947 1255 1983 forum
1288 1947 1450 1990 invecta,

334 2025 404 2048 nec
433 2013 594 2048 reverita
624 2019 765 2048 coetum
788 2013 969 2056 virorum,
996 2013 1168 2048 evocavit
1187 2013 1308 2048 virum
1337 2024 1357 2048 e
1386 2024 1451 2048 cu-

335 2077 414 2122 ria3
455 2089 656 2126 regemque
692 2077 814 2126 prima
849 2075 1073 2127 adpellavit:
1115 2089 1136 2112 a
1164 2088 1239 2125 quo
1268 2075 1452 2112 facessere

329 2139 438 2190 jussa
461 2154 507 2177 ex
530 2147 639 2177 tauto
665 2140 830 2177 tumultu
857 2154 972 2190 quum
1002 2153 1041 2176 se
1071 2140 1224 2176 domum
1254 2141 1451 2190 reciperet,

336 2206 641 2255 pervenissetque
679 2206 725 2241 ad
765 2218 952 2242 summum
993 2206 1174 2256 Cyprium
1209 2206 1349 2248 vicum,
1387 2204 1450 2241 ubi

336 2267 519 2304 Dianium
556 2282 676 2319 nuper
711 2269 814 2314 fuit3
859 2269 1025 2306 flectenti
1063 2275 1283 2318 carpentum
1320 2268 1452 2305 dextra

337 2335 376 2370 in
395 2332 569 2371 Virbium
595 2333 747 2378 clivum,
774 2340 817 2371 ut
845 2335 884 2371 in
913 2333 1048 2371 collem
1067 2332 1337 2384 Esquiliarium
1365 2344 1450 2369 eve—
