1573 2598
368 206 524 234 LIBER
552 206 609 233 11.
645 203 957 232 CAP.xxxv1.
1145 202 1220 245 131

1235 276 1275 305 U.
1294 275 1331 305 C.
1348 280 1422 307 263.

106 292 329 342 subpressa:
370 305 410 328 se
439 292 609 342 judicem
638 291 809 339 quisquc,
840 302 879 325 se
909 289 1105 325 dominum
1133 290 1270 350 vitaeA·
1288 319 1416 351 0489.

103 357 282 405 necisque
310 357 453 392 inimici
482 357 626 392 factum
655 354 819 390 videbat.
878 354 1113 389 Contemtim
1142 355 1218 403 pri·

104 432 168 456 mo
196 420 364 457 Marcius
402 419 579 456 audiebat
616 418 736 454 minas
778 417 1032 453 tribunicias:
1072 417 1217 461 auxilii,

102 496 182 520 non
200 497 337 535 poenae,
351 482 564 534 jus‘datum
588 482 641 518 illi
669 482 850 531 potestati
867 498 876 526 3
909 480 1118 531 plebisque,
1138 494 1219 518 non

102 547 274 591 Pan-um,
295 548 467 584 tribunos
489 560 582 583 esse.
640 546 712 582 Sed
743 546 837 582 adeo
868 545 1016 581 infensa
1043 551 1124 581 erat
1153 559 1218 582 co-

103 617 188 647 orta
205 610 326 661 plebs,
347 617 390 647 ut
410 611 519 647 unius
540 623 655 661 poena
675 609 958 658 defungendum
979 615 1077 645 esset
1093 609 1218 645 Patri-

101 674 184 712 bus.
257 674 498 711 Restiterunt
535 682 662 711 tamen
699 674 856 710 adversa
892 674 1048 717 invidia,
1086 674 1219 723 usique

101 745 203 781 sunt,
231 752 306 787 qua
333 739 410 774 suis
439 739 612 787 quisque,
641 750 715 786 qua
743 738 864 773 totius
894 737 1036 773 ordinis
1062 737 1218 774 viribus.

99 803 158 838 Ac
187 803 310 852 primo
341 808 487 838 tentata
516 815 573 838 res
605 808 676 844 est,
707 802 752 843 si,
777 801 969 851 dispositis
1000 800 1216 845 clientibus,

101 868 347 905 absterrendo
370 868 543 917 singulos
563 881 584 904 a
606 867 839 903 coitionibus
860 866 1126 916 conciliisque,
1142 867 1218 904 dis·

92 934 214 986 jicere
249 948 329 971 rem
366 940 534 985 possent.
592 934 770 971 Universi
808 934 943 970 deinde
985 946 1217 984 processere,

101 1000 301 1049 (quidquid
329 1004 409 1036 erat
434 999 605 1042 Patrum,
635 1012 720 1035 reos
751 999 911 1044 diceres)
933 999 1107 1049 precibus
1137 999 1218 1050 ple-

96 1064 184 1101 bem
214 1069 459 1114 exposcentes
476 1080 486 1109 3
518 1076 628 1099 unum
645 1064 709 1100 sibi
731 1066 853 1107 civem,
873 1076 983 1100 unum
1005 1069 1216 1107 senatorem,

96 1130 128 1165 si
156 1131 371 1165 innocentem
393 1129 568 1164 absolvere
593 1129 740 1170 nollent,
766 1140 834 1176 pro
862 1133 1006 1164 nocente
1033 1129 1217 1164 donarent.

100 1191 188 1241 Ipse
211 1205 326 1241 quum
352 1192 411 1227 die
438 1192 540 1228 dicta
567 1204 646 1227 non
676 1192 837 1234 adesset,
868 1198 1148 1241 perseveratum
1177 1192 1217 1228 in

96 1256 155 1292 ira
187 1262 254 1293 est.
311 1255 526 1292 Damnatus
563 1256 698 1293 absens
736 1258 774 1293 in
805 1257 964 1293 Volscos
1002 1251 1411 1324 exsulatumDafffllams

98 1319 208 1363 abiit,
229 1321 408 1357 minitans
435 1321 581 1371 patriae,
606 1323 839 1372 hostilesque
854 1321 937 1372 jam
957 1328 1038 1359 tum
1061 1323 1213 1373 spiritus
1226 1303 1412 1367 ξὲςῃῗᾶῗξῗι

98 1385 244 1433 gerens,
301 1385 527 1422 Venientem
553 1387 683 1423 Volsci
712 1388 878 1436 benigne
907 1400 1115 1437 excepere3
1147 1388 1214 1425 be-
1225 1380 1303 1411 abit.

97 1449 325 1498 nigniusque
350 1451 389 1486 in
415 1451 492 1486 dies
513 1451 704 1494 colebant,
727 1465 802 1501 quo
827 1451 950 1501 major
973 1452 1029 1488 ira
1056 1453 1096 1488 in
1126 1465 1214 1490 suos

96 1513 300 1556 eminebat,
322 1515 536 1564 crebraeque
554 1528 656 1551 nunc
675 1515 850 1565 querelae,
870 1529 972 1552 nunc
993 1517 1106 1553 minae
1128 1530 1214 1567 per-

94 1577 344 1627 cipiebantur.
401 1578 585 1628 Hospitio
605 1579 783 1615 utebatur
801 1580 900 1615 Attii
919 1579 1034 1617 Tulli.
1076 1580 1216 1630 Longe
1249 1614 1255 1619 „

96 1642 126 1677 is
155 1647 237 1678 tum
265 1644 439 1693 princeps
468 1643 599 1680 Volsci
631 1645 797 1680 nominis
828 1650 922 1687 erat,
953 1644 1216 1694 Romanisque

97 1718 243 1755 semper
265 1707 446 1743 infestus:
478 1708 533 1744 ita
552 1721 667 1757 quum
687 1708 848 1744 alterum
867 1714 974 1744 vetus
995 1709 1138 1752 odium,
1159 1708 1215 1745 al-

95 1776 219 1805 terum
247 1771 304 1806 ira
331 1783 460 1807 recens
490 1771 716 1814 stimularet,
747 1772 906 1807 consilia
935 1772 1140 1808 conferunt
1168 1772 1216 1808 de

96 1832 275 1870 Romano
311 1834 427 1871 bello.
502 1834 617 1871 Haud
658 1834 770 1871 facile
808 1834 1026 1878 credebant,
1063 1835 1214 1885 plebem
1236 1870 1245 1881 '⁴

96 1910 201 1934 suam
225 1898 355 1948 inpelli
378 1911 505 1949 posse,
527 1907 568 1935 ut
586 1900 701 1935 toties
721 1899 923 1935 infeliciter
941 1905 1090 1935 tentata
1108 1913 1214 1937 arma

95 1971 286 2011 caperent.
342 1963 477 2000 Multis
506 1977 605 2014 saepc
626 1963 748 2006 bellis,
774 1963 992 2014 pestilentia
1016 1971 1211 2014 postremo

94 2027 231 2063 amissa
249 2026 466 2077 juventute,
493 2028 636 2064 fractos
665 2028 817 2078 spiritus
848 2040 950 2064 esse:
983 2034 1065 2064 arte
1093 2041 1210 2077 agen-

92 2090 180 2126 dum
208 2091 248 2126 in
277 2091 428 2128 exoleto
444 2091 528 2142 jam
546 2098 735 2128 vetustate
765 2093 868 2135 odio,
897 2099 939 2128 ut
965 2093 1109 2129 'recenti
1139 2092 1209 2128 ali-

92 2166 167 2203 qua
184 2155 241 2190 ira
259 2156 576 2193 exacerbarentur
596 2158 724 2193 animi.

119 2239 122 2242 Δ
141 2218 337 2256 XXXVI.
365 2220 466 2257 Ludi
488 2221 588 2257 forte
608 2234 652 2258 ex
674 2222 950 2267 instauratione
975 2221 1104 2271 magni
1123 2220 1206 2257 Ro·

89 2295 160 2318 mae
199 2281 460 2333 parabantur:
511 2285 746 2321 instaurandi
782 2286 863 2322 haec
901 2276 1034 2322 caussa
1067 2285 1205 2322 fuerat.

86 2346 203 2384 Ludis
233 2360 344 2386 mane
372 2361 521 2386 servum
550 2350 703 2400 quidam
730 2349 1008 2405 paterfamiliae,
1034 2350 1206 2392 nondum

605 2403 684 2441 G6
