1573 2598
100 257 146 288 U.
161 253 199 287 C.
212 261 287 288 310.

97 302 139 333 A.
154 300 191 331 C.
208 306 283 332 442.

138 1075 199 1107 Pro
214 1074 284 1114 lege

139 1120 178 1150 de
194 1128 274 1149 coss.

141 1162 284 1201 plebeiis.

313 150 398 204 264
780 165 828 197 r.
851 166 987 199 mvn

316 252 613 288 animadvertisse
624 267 637 288 .·
665 263 760 288 nunc
779 258 899 291 tamen
918 256 1086 298 maxime,
1106 258 1203 304 quod
1219 259 1310 295 adeo
1328 265 1427 296 atro-

317 329 371 352 ces
388 317 425 352 in
445 316 509 352 has
528 317 737 363 rogationes
755 323 900 354 nostras
922 320 1038 354 coorti
1055 323 1164 355 sunt:
1194 320 1322 368 quibus
1338 323 1429 370 quid

313 380 420 415 aliud
437 391 546 427 quam
576 380 822 423 admonemus,
851 382 943 417 cives
970 393 1035 417 nos
1062 393 1185 418 eorum
1215 395 1300 426 esse,
1320 382 1369 426 εἰ,
1395 385 1428 420 ei

311 454 387 478 non
403 443 543 478 easdem
563 453 646 490 opes
666 442 805 483 habere,
826 445 987 480 eamdem
1007 449 1128 480 tamen
1144 447 1307 492 patriam
1327 448 1426 482 inco-

312 506 385 540 lere
398 505 419 540 ?
445 504 577 539 Altera
596 505 811 541 connubium
827 507 997 553 petimus,
1017 508 1114 554 quod
1119 508 1296 556 finitimis
1309 512 1426 544 exter-

310 571 437 614 nisque
471 568 555 602 dari
585 567 701 603 solet:
730 579 794 604 nos
827 570 973 616 quidem
1008 571 1206 612 civitatem,
1236 583 1315 618 quae
1343 571 1428 618 plus

311 641 422 678 quam
446 629 662 665 connubium
690 635 755 672 est,
785 630 945 667 hostibus
975 633 1086 667 etiam
1115 634 1221 668 victis
1252 634 1426 670 dedimus.

311 693 445 728 Altera
469 692 563 727 nihil
589 694 672 728 novi
688 692 876 741 ferimus;
905 696 968 731 sed
1001 696 1052 736 id,
1080 697 1176 743 quod
1202 696 1332 744 populi
1359 700 1426 738 est,

309 757 506 803 repetimus
533 759 644 802 atque
671 766 914 803 usurpamus:
944 762 997 800 ut,
1026 758 1153 805 quibus
1179 759 1280 801 velit,
1306 770 1426 806 popu·

313 820 368 855 lus
388 819 574 855 Romanus
599 819 750 855 honores
775 823 932 858 maudei.
991 822 1089 863 Quid
1109 824 1254 858 tandem
1277 828 1341 862 est,
1362 835 1427 859 cur

313 883 435 918 coelum
467 894 510 917 ac
537 886 654 917 terras
681 884 888 920 misceant?
915 896 978 920 cur
1005 886 1043 920 in
1067 897 1122 920 me
1152 886 1292 933 inpetus
1320 887 1425 921 modo

309 957 402 993 pene
419 947 456 980 in
474 951 602 980 senatu
619 944 806 994 sitsactus
821 947 842 982 ,9
869 952 996 994 negent
1014 959 1052 983 se
1071 948 1232 983 manibus
1247 953 1426 996 tempera-

314 1012 426 1048 turos,
446 1007 719 1055 violaturosque
738 1009 954 1044 denuncient
977 1015 1246 1045 sacrosanctam
1264 1014 1426 1057 potesta-

316 1071 420 1106 lem9
447 1069 490 1104 Si
515 1069 652 1116 populo
680 1069 847 1105 Romano
877 1070 1027 1106 liberum
1055 1071 1273 1119 suffragium
1301 1073 1426 1112 datur,

315 1137 367 1176 ut,
388 1133 513 1182 quibus
532 1133 632 1174 velit,
652 1133 879 1168 consulatum
898 1135 1056 1175 mandet,
1073 1138 1109 1169 et
1126 1146 1196 1169 non
1212 1135 1428 1182 praeciditur

310 1209 387 1245 spes
402 1196 542 1244 plebeio
557 1207 710 1242 quoque,
729 1197 762 1231 si
780 1197 911 1242 dignus
924 1208 1061 1232 semimo
1081 1197 1214 1233 honore
1225 1199 1305 1239 erit,
1326 1198 1425 1245 apis·

310 1261 413 1297 cendi
430 1259 563 1294 summi
589 1258 746 1299 honoris,
770 1264 870 1294 stare
894 1260 975 1295 urbs
995 1260 1069 1295 haec
1096 1272 1166 1295 non
1182 1261 1355 1308 poterit?
1381 1261 1424 1296 de

306 1323 464 1371 imperio
491 1326 613 1356 aclum
641 1325 693 1355 est
710 1322 730 1356 9
757 1325 792 1355 et
805 1322 958 1368 perinde
983 1321 1049 1357 hoc
1075 1321 1185 1364 valet,
1201 1321 1362 1370 plebeius
1379 1333 1424 1358 ne

310 1385 434 1421 consul
445 1384 535 1433 fiat,
565 1389 751 1431 tamquam
779 1395 920 1420 servum
949 1389 1012 1419 aut
1050 1385 1258 1420 libertinam
1290 1385 1424 1433 aliquis

310 1448 487 1484 consulem
506 1446 684 1496 futurum
713 1448 846 1482 dicat.9
873 1447 1019 1494 Ecquid
1044 1449 1201 1488 sentitis,
1230 1448 1267 1483 in
1287 1452 1423 1495 quanto

309 1515 494 1548 confemtu
512 1512 642 1545 vivatis
656 1511 677 1545 9
705 1509 815 1545 Lucis
834 1510 931 1545 vobis
951 1509 1056 1556 hujus
1072 1515 1230 1558 partem,
1247 1511 1280 1545 si
1299 1510 1421 1550 liceat.

309 1575 502 1620 adimant:
533 1573 630 1620 quod
658 1573 821 1619 spiratis,
855 1572 952 1619 quod
982 1583 1101 1608 vocem
1133 1573 1295 1614 mittitis,
1326 1572 1424 1620 quod

299 1636 447 1685 formas
466 1636 649 1670 hominum
669 1635 820 1676 hahetis,
842 1635 1090 1681 indignantur.
1127 1634 1223 1675 Quin
1242 1636 1351 1670 etiam
1375 1636 1422 1681 (si

311 1700 398 1735 Diis
416 1699 553 1746 placet)
575 1697 678 1746 nefas
699 1701 803 1734 aiunt
826 1710 909 1738 esse,
925 1699 1109 1734 'consulem
1124 1699 1302 1747 plebeium
1318 1700 1420 1748 fieri.

309 1764 461 1799 Obsecro
486 1774 559 1801 vos,
585 1762 618 1796 si
647 1773 716 1796 non
744 1763 793 1797 ad
809 1760 949 1809 fastos,
977 1773 1046 1796 non
1072 1762 1122 1797 ad
1147 1763 1421 1797 commentarios

303 1825 518 1874 pontificum
554 1826 808 1865 admittimur;
843 1837 886 1861 ne
916 1837 958 1860 ea
990 1826 1133 1872 quidem
1167 1826 1311 1866 scimus,
1343 1836 1422 1872 quoe

306 1899 427 1923 omnes
442 1889 629 1935 peregrini
653 1889 768 1923 eliam
796 1889 950 1923 sciunt?
977 1887 1138 1923 consules
1166 1888 1202 1922 in
1230 1887 1346 1921 Iocum
1366 1897 1420 1921 re·

303 1961 391 1997 gum
405 1950 611 1984 successisse
624 1950 645 1985 ,9
659 1960 723 1984 nec
733 1953 799 1984 aut
803 1948 917 1995 juris,
933 1953 998 1984 aut
1011 1947 1213 1995 majestatis
1223 1949 1422 1996 quidquam

308 2017 449 2058 hahere,
470 2017 566 2064 quod
586 2027 655 2051 non
677 2018 713 2052 in
731 2017 874 2063 regibus
892 2016 1107 2064 antefuerit
1123 2018 1144 2052 ,9
1174 2017 1229 2052 En
1248 2028 1418 2064 umquam

306 2080 454 2115 creditis
468 2077 592 2128 fando
611 2079 778 2114 auditum
801 2090 886 2121 esse,
906 2078 1067 2114 Numam
1084 2079 1322 2126 Pompilium,
1347 2091 1417 2115 non

308 2143 412 2178 modo
436 2152 509 2176 non
523 2141 736 2188 patricium,
756 2142 819 2176 sed
837 2153 880 2176 ne
904 2142 1014 2177 civem
1034 2142 1178 2188 quidem
1199 2140 1415 2181 Romanum,

304 2219 348 2243 ex
367 2207 501 2242 Sabino
529 2218 619 2253 agro
647 2207 822 2248 adcitum,
841 2207 970 2254 populi
989 2205 1108 2252 jussu,
1129 2206 1305 2242 Patribus
1333 2219 1418 2243 auc-

304 2261 455 2310 toribus,
476 2267 600 2304 Romae
619 2279 786 2316 regnasse
799 2269 820 2304 9
847 2268 891 2304 L.
912 2269 1041 2304 deinde
1064 2269 1317 2316 Tarquinium,
1344 2281 1415 2305 non

304 2333 482 2370 Romanae
506 2332 624 2374 modo,
642 2332 705 2367 sed
729 2343 772 2367 ne
792 2331 934 2368 ltalicae
951 2333 1094 2380 quidem
1110 2333 1243 2379 gentis,
1271 2330 1416 2368 Dama·
