1573 2598
434 191 588 223 masa
613 190 647 220 1.
681 188 789 220 cAP.
809 183 905 219 vxt.
1179 182 1234 231 15

110 282 251 320 vasisse
271 280 402 318 urbem
421 286 534 329 atque
553 278 707 315 adortos
728 277 872 326 regiam
899 275 1093 319 dictitans,
1115 289 1232 326 quum
1245 291 1312 313 rem
1329 292 1380 312 re-

109 346 252 397 pubem
277 345 466 382 Albanam
497 343 538 379 in
563 354 687 378 arcem
712 339 890 392 praesidio
918 340 1107 389 armisque
1129 340 1232 377 obti-
1243 327 1396 357 mmmm·

111 411 276 447 nendum
312 413 507 445 avocasset
525 422 536 452 3
575 411 778 456 postquam
804 403 981 454 juveneS,
1015 410 1234 453 perpetrata

113 474 228 516 caede,
248 484 404 523 pergere
423 472 471 508 ad
495 483 535 506 se
560 469 794 520 gratulantes
813 469 922 512 vidit,
944 468 1136 518 extemplo
1167 468 1235 505 ad-

111 543 249 575 vocato
268 535 446 578 concilio,
468 533 610 570 seelera
627 534 668 569 in
688 546 727 569 se
745 532 888 576 fratris,
906 533 1095 581 originem
1114 545 1234 582 nepo-

111 608 208 644 tum,
229 606 271 637 ut
296 599 429 649 geniti,
450 604 494 635 ut
518 598 681 642 educati,
702 603 744 633 ut
767 597 913 646 cogniti
932 602 1072 639 essent,
1094 596 1235 633 caedem

111 664 288 715 deinceps
308 663 474 714 tyranni,
495 674 609 711 seque
630 660 710 712 ejus
730 667 926 697 auctorem
945 660 1125 697 ostendit.
1163 658 1188 695 J
1191 672 1236 696 u·

110 741 240 773 venes,
256 742 324 780 per
338 728 500 765 mediam
520 727 745 764 concionem
760 726 911 775 agmine
928 725 1101 774 ingressi,
1119 736 1236 773 quum

113 808 225 833 avum
255 807 383 844 regem
417 792 659 835 salutassent,
686 797 817 828 secuta
846 803 892 827 ex
923 790 1028 826 omni
1060 789 1235 826 multitu-

113 860 201 895 dine
237 858 478 894 consentiens
510 869 586 892 vox
622 861 747 892 ratum
783 867 924 891 nomen
960 854 1235 904 imperiumque

113 923 194 972 regi
214 922 350 958 effecit.
406 921 468 957 Ita
485 920 682 957 Numitori
701 919 855 956 Albana
873 918 1056 969 permissa
1077 930 1132 961 re,
1152 917 1236 953 Ro·
1248 909 1345 984 (IlJbeIS
1362 919 1441 941 0⁰¹³·

113 986 258 1023 mulum
275 985 516 1034 Remumque
536 984 674 1033 cupido
694 984 808 1034 cepit,
830 983 868 1018 in
891 983 936 1018 iis
957 981 1065 1024 locis,
1086 981 1151 1018 ubi
1171 995 1235 1018 ex·
1249 964 1362 1028 ςῧῖζῑξ
1374 963 1454 1027 {2¹3³

114 1051 245 1102 positi,
275 1051 415 1099 ubique
444 1049 593 1085 educati
630 1055 752 1091 erant,
790 1047 894 1083 urbis
928 1047 1160 1083 condendae:
1199 1053 1236 1082 et
1249 1042 1352 1081 piunt.

114 1120 309 1165 supererat
333 1113 538 1150 multitudo
564 1111 803 1148 Albanorum
827 1110 1157 1160 Latinorumque:
1190 1110 1237 1147 ad

114 1179 153 1215 id
189 1185 359 1229 pastores
397 1188 548 1225 quoque
581 1181 832 1218 accesserant,
863 1175 928 1223 qui
961 1187 1092 1210 omnes
1125 1173 1238 1213 facile

113 1255 222 1294 spem
254 1242 437 1284 facerent,
471 1253 625 1290 parvam
654 1239 808 1282 Albam,
843 1251 999 1289 parvum
1032 1238 1240 1282 Lavinium

114 1321 192 1359 prae
219 1320 264 1343 ea
288 1305 394 1350 urbe,
415 1319 498 1355 quae
521 1305 760 1348 conderetur,
780 1303 875 1340 fore.
931 1302 1144 1340 Intervenit
1172 1302 1238 1343 de.-

116 1373 205 1409 inde
239 1372 298 1408 his
336 1370 635 1419 cogitationibus
665 1370 809 1406 avitum
844 1368 1000 1412 malum,
1031 1368 1139 1418 regni
1172 1380 1240 1408 cu·-

115 1438 221 1489 pido,
249 1442 361 1486 atque
390 1435 476 1472 inde
504 1435 650 1472 foedum
678 1441 869 1471 certamen
899 1439 1074 1470 coortum
1103 1446 1124 1470 a
1147 1434 1239 1469 satis

116 1503 200 1539 miti
229 1501 429 1552 principio.
485 1501 679 1540 Quoniam
702 1500 845 1548 gemini
865 1504 1003 1541 essent,
1025 1511 1094 1535 nec
1116 1499 1238 1534 aetatis

116 1565 344 1603 verecundia
368 1565 570 1601 discrimen
595 1563 720 1600 faeere
743 1569 886 1613 posset,
907 1569 950 1599 ut
974 1562 1055 1606 Dii,
1077 1575 1240 1611 quornm

117 1630 248 1667 tutelae
267 1643 311 1666 ea
335 1629 420 1665 loca
442 1635 581 1671 essent,
603 1628 769 1676 auguriis
797 1627 982 1677 legerent,
1003 1627 1067 1677 qui
1098 1618 1246 1663 nomen(

120 1707 229 1730 novae
265 1693 365 1729 urbi
387 1693 507 1736 daret,
546 1693 611 1741 qui
646 1692 840 1732 conditam
881 1691 1042 1741 imperio
1077 1695 1240 1739 regeret,

120 1757 311 1794 Palatium
338 1755 542 1798 Romulus,
572 1755 718 1791 Remus
740 1755 973 1791 Aventinum
1004 1754 1052 1790 ad
1079 1755 1243 1802 inaugu-

119 1822 280 1859 randum
298 1820 442 1870 templa
461 1820 628 1869 capiunt.

174 1885 209 1920 V
213 1884 266 1921 II.
295 1884 419 1920 Priori
448 1883 575 1920 Remo
605 1883 806 1931 augurium
832 1882 979 1918 venisse
1011 1881 1144 1925 fertur,
1176 1894 1241 1918 sex

120 1949 314 1986 vultures:
340 1948 512 1999 jamque,
541 1948 724 1984 nunciato
753 1948 928 1996 augurio,
959 1959 1076 1995 quum
1104 1945 1242 1996 duplex

121 2027 299 2052 numerus
328 2013 498 2050 Romulo
536 2026 575 2049 se
605 2013 846 2056 ostendisset,
877 2018 1078 2060 utrumque
1114 2023 1243 2059 regem

123 2093 192 2116 sua
209 2079 415 2116 multitudo
435 2078 740 2116 consalutaverat
757 2092 764 2113 ε
802 2083 973 2127 tempore
998 2076 1053 2111 illi
1076 2087 1243 2126 praecep-

124 2150 181 2188 to,
203 2150 242 2181 at
268 2145 308 2180 hi
328 2157 487 2180 numero
511 2145 650 2186 avium,
671 2155 832 2192 regnum
859 2141 1076 2178 trahebant.
1133 2140 1379 2213 Ix1tle,}³emus
1395 2152 1431 2192 a.

1270 2192 1348 2215 fatre
1363 2195 1449 2219 OCCU-

125 2222 211 2246 cum
230 2208 476 2245 altereatione
492 2209 700 2257 congressi,
720 2207 925 2243 certamine
946 2207 1086 2242 irarum
1105 2205 1150 2241 ad
1171 2218 1243 2241 cae-
1257 2228 1353 2261 ditm⁸

125 2274 458 2310 ‹lenrvertuntur:
490 2273 544 2309 ibi
579 2274 617 2309 in
655 2272 767 2308 turba
795 2272 892 2307 ictus
921 2270 1066 2306 Remus
1096 2270 1244 2306 cecidit.

124 2337 329 2388 Vulgatior
355 2337 457 2377 fama
486 2344 559 2384 est,
583 2338 750 2376 ludibrio
774 2336 902 2375 fratris
929 2335 1096 2374 Remum
1123 2345 1245 2373 noros
