1573 2598
109 1786 151 1816 U.
165 1784 200 1816 C.
218 1790 291 1821 ³73.

108 1831 149 1860 Δ.
163 1829 203 1865 C.
216 1836 288 1863 379.

308 142 390 197 438
762 152 806 180 T.
829 151 961 180 mvn

306 243 468 279 ferretur
493 242 538 278 de
560 240 661 278 bello
690 242 742 277 eis
765 241 992 278 indicendo:
1025 241 1073 278 ad
1101 253 1212 289 quam
1241 238 1414 276 militiam

309 319 384 356 quo
412 306 580 356 paratior
612 305 738 356 plebes
769 312 880 348 esset,
911 305 1177 354 quinqueviros
1207 303 1417 353 Pomptino

309 383 401 419 agro
430 370 645 413 dividendo,
675 377 713 406 et
740 371 955 407 triumviros
985 372 1135 421 Nepete
1164 370 1322 407 coloniae
1351 369 1416 405 de·
1442 396 1444 399 -

308 435 486 471 ‹lucendae
507 441 738 472 creaverunt.
794 435 907 479 Tum,
929 443 970 472 ut
989 435 1130 472 bellum
1146 435 1340 485 juberent,
1360 432 1416 468 la-

307 506 388 535 tum
417 499 463 535 ad
492 498 672 549 populum
700 505 782 535 est:
815 506 866 542 et,
886 500 1141 549 nequidquam
1167 497 1419 535 dissuadenti-

307 563 376 599 bus
396 563 557 599 tribunis
584 562 719 612 plebis,
739 576 870 599 omnes
896 564 1017 600 tribus
1042 563 1185 599 bellum
1206 562 1418 613 jusserunt;

306 627 540 677 Adparatum
561 640 606 663 eo
633 640 734 663 anno
758 627 899 664 bellum
928 634 1011 673 est3
1045 628 1232 664 exercitus
1260 633 1417 676 propter

305 691 560 740 pestilentiam
586 704 664 727 non
693 692 876 728 eductus:
909 704 1027 741 eaque
1053 692 1246 727 cunctatio
1269 690 1415 726 colonis

306 756 469 805 spatium
506 756 659 791 dederat
695 756 920 805 deprecandi
958 763 1160 800 senatum3
1201 762 1239 790 et
1275 765 1415 802 magna

305 820 502 855 hominum
530 832 614 869 pars
636 832 695 862 eo,
720 825 762 854 ut
790 819 932 867 legatio
958 819 1115 869 supplex
1134 818 1298 854 Romam
1325 817 1416 853 mit-

306 889 460 925 teretur,
481 881 712 918 inclinabat:
744 883 783 917 ni
803 883 951 931 privato
975 884 1034 929 (ut
1052 882 1110 928 fit)
1133 880 1300 931 periculo
1318 879 1416 930 pub·

304 946 419 981 licum
451 944 664 995 inplicitum
693 952 805 987 esset,
835 951 1085 994 auctoresque
1113 944 1336 980 defectionis
1365 943 1414 982 ab

304 1009 505 1053 Romanis,
535 1015 640 1045 metu
673 1021 734 1053 ne,
765 1008 836 1045 soli
865 1009 1015 1044 crimini
1052 1007 1228 1059 subjecti,
1265 1007 1416 1059 piacula

304 1076 369 1112 irae
387 1074 653 1113 Romanorum
677 1075 917 1118 dederentur,
945 1076 1169 1111 avertissent
1197 1074 1365 1111 colonias
1391 1086 1416 1111 a

305 1139 472 1176 consiliis
500 1139 616 1189 pacis.
672 1139 809 1188 Neque
829 1140 868 1175 in
887 1145 1021 1175 senatu
1043 1138 1165 1175 solum
1191 1150 1257 1189 per
1276 1150 1339 1174 eos
1359 1137 1414 1174 le-

304 1204 409 1252 gatio
434 1204 602 1254 inpedita
630 1210 700 1248 est,
722 1204 787 1240 sed
816 1216 955 1252 magna
979 1216 1064 1253 pars
1091 1203 1211 1253 plebis
1239 1203 1410 1245 incitata,

302 1274 345 1303 ut
380 1268 589 1318 praedatum
625 1268 664 1304 in
701 1280 833 1316 agrum
862 1267 1080 1303 Romanum
1118 1268 1290 1303 exirent:
1329 1266 1412 1302 haee

302 1344 402 1368 nova
433 1331 573 1382 injuria
604 1332 820 1369 exturbavit
851 1345 1003 1368 omnem
1036 1344 1141 1382 spem
1177 1331 1292 1382 pacis,
1348 1329 1411 1367 De

302 1395 623 1432 Praenestinorum
649 1408 798 1445 quoque
818 1396 1030 1431 defectione
1052 1407 1097 1430 eo
1123 1406 1224 1430 anno
1251 1395 1414 1444 primum

301 1458 404 1496 fama
439 1466 596 1496 exorta:
637 1460 957 1509 arguentibusque
994 1472 1058 1496 eos
1095 1458 1336 1502 Tusculanis,
1373 1464 1413 1494 et

304 1523 478 1568 Gabinis,
499 1530 538 1561 et
562 1524 779 1568 Lavicanis,
806 1537 965 1573 quorum
993 1524 1033 1559 in
1058 1523 1150 1559 fines
1180 1524 1414 1559 incursatum

303 1594 397 1631 erat,
421 1588 476 1624 ita
504 1587 651 1638 placide
679 1588 726 1624 ab
757 1594 891 1623 senatu
921 1599 1142 1637 responsum
1172 1591 1242 1629 est,
1273 1592 1315 1622 ut
1342 1586 1413 1622 mi-

301 1661 372 1684 nus
403 1649 503 1685 credi
532 1649 577 1685 de
604 1649 838 1692 criminibus,
859 1649 948 1698 quia
972 1648 1119 1684 nollent
1144 1661 1190 1684 ea
1208 1660 1297 1685 vera
1314 1660 1411 1691 esse,

303 1713 511 1764 adpareret.

357 1778 494 1815 XXII.
525 1778 746 1828 Insequenti
776 1791 876 1815 anno
907 1778 969 1828 Sp.
997 1785 1035 1814 et
1062 1778 1109 1815 L.
1137 1779 1293 1828 Papirii,
1323 1779 1413 1814 novi

305 1842 446 1879 tribuni
477 1843 637 1878 militum
664 1842 853 1878 consulari
883 1849 1086 1892 potestate,
1108 1842 1271 1878 Velitras
1291 1842 1411 1891 legio-

303 1919 367 1943 nes
396 1907 563 1952 duxere,
596 1912 759 1955 quatuor
787 1907 941 1956 collegis
972 1907 1051 1942 Ser.
1075 1905 1255 1943 Cornelio
1281 1905 1410 1942 Malu-

303 1971 458 2019 ginense
484 1977 672 2019 quartum,
700 1971 748 2009 Q.
770 1970 942 2012 Servilio,
969 1970 1046 2006 Ser.
1069 1969 1250 2019 Sulpicio,
1270 1969 1317 2005 L.
1338 1969 1410 2005 ΖΕ-

301 2034 406 2071 milio
437 2041 625 2083 quartum,
652 2034 813 2069 tribunis
843 2034 890 2070 ad
919 2034 1132 2083 przesidium
1162 2033 1280 2075 urbis,
1311 2040 1348 2069 et
1377 2034 1408 2068 si

301 2100 365 2148 qui
398 2112 442 2135 ex
477 2098 631 2134 Etruria
663 2099 748 2134 novi
784 2105 908 2134 motus
946 2099 1230 2139 nunciarentur,
1265 2097 1411 2143 (onmia

300 2163 400 2198 euim
421 2162 505 2198 inde
526 2167 698 2211 suspecta
719 2164 842 2207 eraut)
866 2161 1016 2197 relictis.
1073 2161 1133 2197 Ad
1155 2160 1316 2196 Velitras
1344 2159 1408 2196 ad-

299 2239 426 2261 versus
457 2225 602 2275 majora
635 2238 731 2275 pene
760 2225 901 2261 auxilia
930 2224 1265 2266 Praenestinorum,
1297 2236 1409 2272 quam

299 2290 419 2343 ipsam
436 2289 658 2326 colonorum
674 2288 964 2331 multitudinem,
983 2289 1146 2326 secundo
1164 2287 1298 2339 proelio
1314 2299 1409 2338 pug-
