1573 2598
399 143 553 175 LIBER
577 143 635 173 11.
666 142 773 172 CAP.
795 141 914 172 x111.
1146 139 1223 183 103

114 234 276 272 fortunae
304 232 440 276 minas,
469 231 690 268 metuendus
718 229 854 280 magiS,
884 241 997 280 quam
1024 235 1195 267 metuens
1214 244 1222 267 ι
1240 238 1282 268 U.
1300 236 1336 268 C.
1355 241 1436 267 246.

115 299 298 336 Romanus
321 309 411 339 sum,
437 295 576 345 inquit,
602 296 713 331 civis:
747 293 786 330 C.
802 294 966 331 Mucium
983 299 1134 331 voca-nt:
1165 294 1228 331 ho·
1240 283 1279 313 A·
1296 280 1333 312 C·
1352 284 1426 312 ‘⁵⁰⁶‘

115 366 178 400 stis
200 364 330 400 hostem
352 361 507 398 occidere
527 360 648 396 volui:
678 371 740 395 nec
761 360 810 395 ad
833 364 981 396 mortem
1010 361 1124 395 minus
1152 359 1230 395 ‹mi-

118 430 166 464 mi
185 433 248 470 est,
269 439 375 476 quam
383 424 466 474 ficit
483 424 533 460 ad
551 425 691 460 caedem.
747 423 799 459 Et
811 422 941 472 facere
958 428 993 460 et
1005 425 1089 472 pati
1095 422 1232 472 fortia,

117 493 321 528 Romanum
339 495 400 526 est.
457 489 533 524 Nec
554 500 643 524 unus
664 490 700 524 in
724 492 757 524 te
777 499 841 536 ego
869 488 930 524 hos
958 489 1093 524 animos
1118 488 1234 536 gessi:

119 558 242 604 longus
258 558 339 603 post
357 564 412 589 *me
437 553 524 588 ordo
548 556 599 587 est
628 552 721 587 idem
743 553 942 600 petentium
970 554 1084 589 decus.
1141 552 1235 589 Pro-

118 621 200 656 inde
218 620 255 655 in
276 618 340 654 hoc
362 618 561 659 discrimen,
581 617 612 651 si
624 614 747 662 juvat,
767 617 967 665 adcingere,
990 621 1031 653 ut
1054 618 1092 652 in
1114 618 1236 664 singu-

118 685 171 721 las
190 684 294 720 horos
312 683 428 730 capite
449 681 593 717 dimices
619 684 678 716 tuo
689 697 702 725 ,-
721 679 868 729 ferrum
896 681 1096 729 hostemque
1122 683 1157 717 in
1178 693 1236 718 ve-

117 748 244 785 stibulo
273 746 400 783 habeas
427 746 543 793 regiae.
599 745 681 781 Hoc
710 745 773 781 tibi
791 744 960 792 juventus
988 745 1154 781 Romana
1181 747 1237 782 in-

119 814 268 850 dicimus
296 812 444 860 bellum..
492 810 644 846 Nullam
673 811 799 853 aciem,
828 811 967 846 nullum
994 810 1163 858 proelium
1190 811 1236 846 ti-

117 879 258 914 mueris.
320 877 391 914 Uni
419 875 495 918 tibi,
526 881 560 911 et
590 887 668 912 cum
696 875 856 923 singulis,
887 887 942 911 res
972 877 1051 912 erit.
1108 874 1237 914 Quum

118 954 198 984 rex,
219 939 331 976 simul
355 940 411 976 ira
429 938 611 982 infensus,
639 937 883 989 periculoque
902 939 1145 982 conterritus,
1165 939 1237 975 cir-

121 1005 287 1042 cumdari
311 1005 417 1054 ignes
445 1002 728 1040 minitabundus
747 1001 917 1053 juberet,
941 1003 1016 1039 nisi
1040 1015 1237 1054 exprome-

120 1076 179 1107 ret
207 1082 380 1120 propere,
400 1081 492 1119 quas
515 1068 736 1105 insidiarum
764 1067 836 1104 sibi
864 1068 985 1104 minas
1014 1080 1082 1118 per
1107 1067 1236 1104 amba-

120 1147 185 1184 ges
215 1134 388 1185 jaceret:
421 1134 480 1170 En
510 1134 586 1176 tibi,
620 1133 758 1182 inquit,
795 1138 836 1168 ut
863 1134 1006 1175 sentias,
1036 1144 1144 1180 quam
1170 1133 1241 1168 vile

120 1211 245 1246 corpus
268 1200 315 1234 sit
342 1200 397 1240 iis,
422 1199 482 1244 qui
504 1209 673 1244 magnam
694 1197 849 1244 gloriam
876 1198 1021 1232 vident:
1051 1196 1238 1233 dextram-

121 1273 194 1311 que
231 1271 390 1297 accenso
427 1259 475 1296 ad
510 1258 735 1295 sacrificium
770 1257 900 1296 foculo
937 1257 1086 1308 injicit:
1127 1271 1241 1307 quam

121 1311 237 1375 quum
255 1323 359 1360 velut
380 1322 546 1360 alienato
572 1321 618 1359 ab
643 1334 756 1358 sensu
777 1327 939 1358 torreret
965 1322 1118 1368 animo3
1151 1335 1239 1373 pro-

121 1401 169 1439 pe
193 1388 385 1424 adtonitus
409 1385 592 1423 miraculo
615 1399 695 1430 reX,
719 1398 834 1435 quum
863 1385 910 1422 ab
941 1386 1027 1422 sede
1055 1399 1124 1423 sua
1150 1399 1240 1437 pro·

122 1452 300 1496 siluisset,
321 1451 561 1501 amoverique
581 1450 628 1487 ab
648 1449 830 1487 altaribus
846 1449 1028 1501 juvenem
1047 1449 1240 1500 jussisset,

128 1519 181 1554 Tu·
199 1529 280 1553 cero
298 1517 369 1560 abi,
396 1517 534 1566 inquit,
560 1518 598 1552 in
617 1521 650 1552 te
668 1517 795 1563 magis,
820 1528 926 1564 quam
952 1517 988 1551 in
1009 1528 1077 1559 me,
1099 1516 1244 1551 hostilia

122 1594 237 1618 ausus.
292 1581 459 1618 Juberem
483 1585 598 1616 macte
622 1582 753 1616 virtute
773 1592 855 1622 esse,
879 1581 909 1615 si
929 1592 998 1628 pro
1023 1592 1101 1615 mea
1118 1581 1251 1628 patria,

122 1647 192 1681 ista
218 1647 329 1681 virtus
355 1649 477 1681 staret.
534 1645 640 1680 Nunc
658 1643 744 1691 jure
771 1644 853 1680 belli
882 1644 1028 1680 liberum
1058 1649 1104 1687 te,
1129 1646 1242 1681 intac-

125 1714 200 1746 tum
219 1710 495 1756 inviolatumque
513 1708 594 1744 hinc
613 1709 766 1744 dimitto.
822 1707 923 1743 Tum
944 1707 1112 1751 'Mucius,
1137 1707 1244 1756 quasi

123 1785 366 1810 remunerans
386 1772 576 1814 meritum,
593 1772 900 1820 Quandoquidem,
920 1771 1058 1820 inquit,
1079 1776 1129 1807 est
1147 1773 1244 1820 apud

126 1842 159 1873 te
180 1839 306 1873 virtuti
331 1837 450 1880 honos,
470 1841 511 1873 ut
537 1837 696 1886 beneficio
723 1837 845 1872 tuleris
873 1849 896 1871 α
924 1848 991 1878 me,
1019 1837 1113 1884 quod
1142 1837 1245 1872 minis

123 1903 273 1950 nequisti
290 1918 302 1945 ‚·
332 1902 478 1938 trecenti
497 1900 755 1947 conjuravimus
769 1902 948 1948 principes
954 1888 1152 1947 juventzitis
1168 1900 1242 1936 Ro-

124 1978 252 2008 mnnae,
282 1970 322 2003 ut
359 1968 393 2001 in
430 1970 463 2000 te
499 1965 566 2001 hac
599 1967 659 2001 vid
692 1976 947 2013 grassaremur.
1003 1965 1091 2001 Mea
1125 1967 1245 2013 prima

123 2042 196 2066 sors
213 2029 296 2079 fuit
313 2046 325 2067 :
353 2031 472 2072 ceteri,
499 2034 540 2066 ut
565 2031 688 2078 cuique
716 2031 881 2065 ceciderit
904 2030 1036 2078 primo,
1066 2031 1184 2078 quoad
1212 2034 1246 2066 te

125 2099 361 2142 opportunum
378 2093 536 2144 fortuna
562 2095 712 2138 dederit,
737 2106 798 2130 suo
821 2096 964 2143 quisque
990 2099 1157 2143 tempore,
1177 2095 1244 2131 ad-

125 2164 238 2195 erunt.

182 2221 300 2261 XIII.
328 2221 502 2259 Mucium
531 2222 741 2266 dimissum,
765 2223 827 2260 cui
855 2230 990 2274 postea
1017 2223 1195 2261 Scaevolae
1223 2234 1393 2267 aPorsena
1407 2237 1446 2267 de

127 2279 234 2324 clade*
266 2286 407 2324 dextrae
443 2300 577 2325 manus
607 2299 824 2336 cognomen
861 2288 1038 2332 inditum,
1073 2288 1190 2338 legati
1222 2288 1334 2327 apaoe
1348 2280 1423 2320 ³5³¹·

644 2353 676 2390 F
694 2353 718 2390 4
