1573 2598
119 268 162 303 U.
178 272 216 303 C.
232 277 306 308 274.

117 315 160 347 A.
175 315 213 347 C.
231 322 306 352 ⁴78·

113 1114 296 1147 vincuntur

113 1160 273 1191 Veientes.

338 169 418 224 146
617 209 619 212 .
787 184 833 213 T.
857 185 996 215 mvn

332 271 416 318 suls
430 272 590 311 Verbisne
612 272 702 316 istis,
716 271 856 322 frater,
874 278 916 310 ut
936 279 1109 322 pugnent,
1133 280 1168 312 te
1188 278 1451 326 inpetraturum

332 340 444 378 credis
459 340 480 375 ,9
507 338 579 375 Dii
595 337 833 386 inpetrabunt,
851 350 916 387 per
935 351 1020 387 quos
1028 338 1206 386 juravere.
1246 342 1298 378 Et
1314 355 1389 386 nos,
1407 347 1450 380 ut

331 406 430 441 decet
452 414 623 452 proceres,
652 406 694 438 ut
711 402 818 439 Fabio
839 404 979 439 nomine
1003 408 1054 440 est
1078 406 1238 454 dignum,
1254 409 1450 456 pugnando

326 469 462 517 potius,
487 478 596 515 quam
619 465 854 509 adhortando,
872 468 1104 505 accendamus
1124 470 1280 506 militum
1301 472 1448 509 animo’s.

331 532 394 568 Sic
422 531 462 566 in
490 529 652 579 primum
679 528 826 565 infestis
855 530 974 566 hastis
1001 531 1203 581 provolant
1223 532 1299 570 duo
1322 533 1450 579 Fabii,

330 600 528 642 totamque
548 599 749 629 moverunt
767 606 895 630 secum
914 595 1046 632 aciem.

383 656 553 695 XLVII.
587 656 730 694 Proelio
759 669 806 695 ex
842 664 948 708 parte
983 672 1058 696 una
1094 660 1286 704 restituto,
1325 661 1449 699 nihilo

330 723 482 773 segnius
512 722 552 758 in
580 720 703 757 altero
733 733 852 758 cornu
881 722 952 760 Cn.
978 723 1148 761 Manlius
1181 725 1314 762 consul
1350 738 1449 775 pug-

329 799 419 825 nam
444 785 591 824 ciebat:
622 783 688 821 ubi
716 798 834 837 prope
861 786 992 824 similis
1018 787 1171 826 fortuna
1195 796 1252 826 est
1271 796 1446 827 versata:

329 863 419 888 nam
447 856 498 887 ut>
518 848 638 886 altero
666 849 706 885 in
731 862 850 886 comu
868 850 917 890 Q.
937 850 1112 896 Fabium,
1135 852 1189 890 sic
1217 853 1258 889 in
1285 854 1359 890 hoe
1389 853 1449 904 ip·

330 927 413 951 sum
442 912 635 951 consulem
661 911 865 957 Manlium,
887 911 973 964 jam
1000 914 1103 952 velut
1134 915 1238 952 fusos
1270 922 1447 965 agentem

330 979 474 1021 hostes,
503 983 543 1014 et
575 977 725 1028 inpigre
760 977 899 1014 milites
928 979 1049 1015 secuti
1081 985 1193 1025 sunt3
1225 986 1277 1022 et,
1308 986 1351 1016 ut
1385 979 1448 1017 ille

330 1042 436 1092 gravi
454 1040 608 1078 vulnere
636 1041 733 1077 ictus
757 1052 804 1077 ex
829 1041 910 1078 acie
935 1042 1062 1085 cessit,
1088 1043 1332 1079 interfectum
1359 1043 1447 1087 rati,

329 1106 486 1156 gradum
507 1103 695 1141 retulere:
728 1104 1003 1154 cessissentque
1034 1104 1136 1148 loco,
1162 1107 1203 1142 ni
1228 1105 1365 1142 consul
1393 1105 1449 1143 al-

327 1176 400 1213 ter,
421 1180 508 1205 cum
526 1166 672 1217 aliquot
697 1167 828 1203 turmis
850 1168 1020 1216 equitum
1046 1168 1084 1204 in
1110 1181 1194 1206 eam
1221 1175 1368 1220 partem
1393 1170 1448 1205 ci—

327 1240 412 1271 tato
439 1246 538 1282 equo
573 1231 765 1274 advectus,
794 1231 920 1268 vivere
947 1230 1146 1268 clamitans
1175 1233 1375 1281 collegam,
1406 1245 1446 1269 se

327 1299 510 1336 victorem
539 1295 625 1332 fuso
655 1294 775 1332 altero
804 1307 924 1332 cornu
953 1295 1097 1340 adesse,
1117 1309 1198 1333 rem
1225 1296 1447 1334 inclinatam

328 1362 581 1401 sustinuisset,
609 1358 778 1396 Manlius
799 1372 949 1409 quoque
969 1360 1016 1396 ad
1035 1361 1308 1397 restituendam
1326 1360 1446 1397 aciem

326 1438 368 1464 se
399 1426 481 1477 ipse
508 1436 637 1462 coram
665 1421 802 1460 obfert.
857 1422 1035 1460 Duorum
1063 1423 1262 1460 consulum
1291 1423 1449 1473 cognita

327 1503 397 1529 ora
431 1487 643 1526 accendunt
678 1486 841 1523 militum
877 1488 1050 1525 animos:
1091 1487 1203 1525 simul
1239 1494 1277 1524 et
1313 1488 1447 1524 vanior

320 1554 406 1607 jam
432 1559 514 1591 erat
546 1551 714 1589 hostium
743 1552 857 1595 acies,
888 1551 991 1596 dum,
1021 1551 1240 1588 abundante
1271 1550 1446 1588 multitu-

326 1620 415 1657 dine
439 1618 542 1661 freti,
568 1616 763 1653 subtracta
785 1615 952 1653 subsidia
976 1617 1134 1653 mittunt
1153 1615 1200 1653 ad
1225 1621 1349 1652 castra
1376 1614 1446 1652 ob-

325 1682 543 1734 pugnanda.
599 1679 647 1717 In
673 1693 756 1729 quae
784 1680 888 1717 haud
915 1692 1056 1729 magno
1081 1680 1289 1717 certamine
1314 1679 1447 1730 inpetu

326 1747 445 1790 facto,
475 1746 564 1785 dum
599 1745 734 1796 praedae
763 1745 899 1794 magis,
929 1757 1042 1794 quam
1076 1756 1228 1794 pugnae,
1258 1754 1445 1780 memores

327 1817 459 1849 terunt
482 1818 658 1862 tempus;
690 1810 811 1846 triarii
830 1808 1013 1853 Romani,
1034 1809 1096 1859 qui
1127 1809 1287 1860 primam
1316 1808 1446 1857 inrup-

327 1877 474 1913 tionem
499 1875 684 1912 sustinere
709 1888 787 1912 non
816 1880 1034 1926 potuerant,
1056 1874 1179 1910 missis
1206 1872 1253 1909 ad
1272 1870 1445 1908 consules

326 1940 491 1983 nunciiS‚
517 1951 593 1988 quo
618 1938 704 1975 loco
731 1951 789 1975 res
819 1944 959 1981 essent,
983 1936 1203 1986 conglobati
1232 1935 1279 1971 ad
1307 1940 1446 1984 praeto·

327 2005 425 2041 rium
444 2003 615 2046 redeunt,
636 2009 674 2039 et
693 2015 761 2039 sua
779 2009 916 2053 sponte
941 2002 1013 2052 ipsi
1035 2000 1211 2051 proelium
1234 2004 1442 2036 renovant:

328 2074 368 2104 et
394 2067 562 2105 Manlius
600 2066 745 2109 consul,
783 2071 956 2102 revectus
986 2065 1025 2100 in
1062 2070 1199 2107 castra,
1229 2063 1277 2099 ad
1313 2073 1445 2099 omnes

325 2138 458 2184 portas
479 2130 597 2167 milite
616 2130 810 2181 obposito,
830 2129 1004 2166 hostibus
1024 2130 1123 2166 viam
1143 2127 1340 2165 clauserat.
1385 2124 1448 2163 Ea

326 2196 541 2246 desperatio
567 2194 702 2232 Tuscis
740 2194 883 2232 rabiem
919 2194 1054 2243 magiS,
1085 2205 1199 2243 quam
1232 2190 1444 2233 audaciam,

327 2261 525 2300 accendit:
558 2272 644 2298 nam
674 2271 790 2310 quum
817 2259 1068 2302 incursantes,
1098 2267 1334 2308 quacumque
1362 2253 1443 2290 exi·
1468 2278 1473 2281 ι

327 2331 413 2370 tum
426 2325 645 2365 ostenderet
660 2336 762 2378 spesi,
780 2336 881 2362 vano
902 2322 1104 2376 aliquoties
1132 2323 1267 2376 inpetu
1293 2320 1411 2358 issent
1426 2328 1443 2366 ς
