1573 2598
399 215 551 245 LIBER
576 215 658 244 111.
693 213 800 250 CAR.
825 214 993 242 XXVII.
1189 212 1268 255 203

148 311 281 354 parata
304 303 389 347 fuit,
415 308 742 350 transvectumque
765 308 839 336 tres
865 299 1016 337 obviam
1036 300 1176 348 egressi
1199 297 1376 372 sihigg-
1388 302 1466 373 ἓξὲ-

149 370 343 419 excipiunt
355 385 365 414 3
406 368 492 404 inde
530 367 593 403 alii
630 365 834 417 propinqui
872 371 986 414 atque
1018 365 1128 400 amici
1141 380 1151 411 5
1183 371 1265 402 turn
1310 364 1318 373 ’
1363 364 1371 372 ’
1454 363 1463 372 ”

147 436 305 472 Patrum
330 435 453 485 major
481 446 579 485 pars.
633 434 693 470 Ea
715 433 929 482 frequentia
954 432 1128 482 stipatus,
1157 438 1264 468 ante-

148 500 367 537 cedentibus
394 498 588 535 lictoribus
617 498 797 534 deductus
826 503 883 533 est
906 497 1084 533 domum:
1118 503 1157 533 et
1184 495 1263 546 ple-

147 565 205 602 bis
233 576 434 602 concursus
464 563 597 612 ingens
627 563 725 598 fuit:
759 562 824 598 sed
847 574 891 598 ea
918 574 1156 611 nequaquam
1184 568 1263 599 tam

147 628 234 666 laeta
270 628 492 668 Quinctium
520 628 636 672 vidit3
670 635 707 663 ct
745 627 891 676 imperii
928 627 1101 670 nimium,
1136 633 1173 663 et
1205 627 1260 663 vi-

146 706 228 729 rum
259 693 298 729 in
331 693 413 742 ipso
439 692 597 742 imperio
620 691 941 728 vehementiorem
970 698 1064 728 rata.
1118 691 1171 728 Et
1197 690 1262 728 illa

147 759 299 808 quidem
334 764 449 795 nocte
487 758 581 794 nihil
618 764 869 808 praeterquam
901 758 1100 806 vigilatum
1132 762 1191 792 est
1225 757 1265 792 in

146 823 250 859 urbe.

197 886 374 923 XXVII.
403 886 563 923 Postero
587 887 646 922 die
672 887 849 930 dictator,
880 900 996 936 quum
1025 892 1114 923 ante
1142 885 1265 921 lucem

147 951 187 987 in
212 951 337 987 forum
355 951 533 993 venisset,
558 952 780 1000 magistrum
801 952 969 1000 equitum
993 951 1084 987 dicit
1101 949 1149 986 L.
1168 949 1265 985 Tar-

147 1015 309 1063 quitium
327 1015 494 1064 patriciae
515 1015 652 1062 gentis,
674 1015 738 1050 scd
758 1015 836 1062 qui,
857 1028 972 1063 quum
993 1014 1178 1065 stipendia
1199 1025 1266 1063 pe·

147 1078 255 1114 dibus
276 1084 430 1128 propter
449 1084 712 1128 paupertatem
731 1079 896 1120 fecisset,
917 1078 1019 1114 bello
1038 1084 1165 1114 tamen
1187 1077 1264 1126 pri-

147 1154 229 1177 mns
249 1141 363 1190 longe
382 1141 568 1177 Romame
585 1141 798 1191 juventutis
826 1142 978 1179 habitus
1000 1148 1110 1178 esset.
1168 1141 1266 1177 Cum

146 1207 329 1254 magistro
350 1206 518 1254 equitum
539 1207 576 1241 in
598 1208 822 1242 concionem
842 1208 957 1250 venit,
972 1206 1167 1257 justitium
1187 1205 1265 1241 edi·

146 1271 211 1312 cit,
243 1270 365 1306 claudi
395 1270 572 1306 tabernas
603 1277 686 1306 tota
715 1271 807 1307 urbe
835 1270 962 1321 jubet,
994 1277 1096 1307 vetat
1133 1282 1264 1319 quem-

147 1346 259 1382 quam
288 1333 444 1383 privatae
468 1333 672 1382 quidquam
699 1335 752 1370 rei
779 1347 901 1383 agere.
958 1335 1072 1377 Tum,
1093 1334 1265 1382 quicum-

147 1409 217 1446 que
248 1403 358 1432 aetate
388 1395 541 1432 militari
573 1403 712 1440 essent,
744 1399 893 1441 armati,
926 1411 1011 1434 cum
1040 1397 1191 1434 cibariis
1225 1397 1265 1433 in

145 1460 222 1497 dies
258 1460 422 1509 quinque
455 1461 571 1496 coctis
603 1460 784 1510 vallisque
818 1462 1016 1505 duodenis,
1052 1468 1140 1497 ante
1173 1460 1263 1497 soliS

144 1537 320 1560 occasum
347 1523 492 1560 Martio
522 1525 561 1560 in
591 1537 725 1574 eampo
755 1526 956 1562 adessent:
998 1526 1132 1575 quibus
1173 1532 1263 1562 zetas

143 1588 190 1624 ad
218 1588 454 1624 militandum
485 1589 635 1636 gravior
665 1596 777 1632 esset,
808 1591 934 1626 vicino
963 1590 1090 1633 militi,
1117 1589 1213 1626 dum-
1232 1590 1263 1624 is

145 1664 248 1688 arma
283 1658 447 1701 pararet,
478 1651 691 1701 vallumque
727 1660 888 1702 peteret,
924 1653 1066 1690 cibaria
1103 1664 1264 1702 coquere

138 1714 265 1765 jussit.
324 1716 385 1751 Sic
397 1715 579 1765 juventus
600 1717 774 1753 discurrit
797 1718 844 1754 ad
864 1718 1002 1754 vallum
1032 1717 1260 1767 petendum:

145 1792 324 1823 sumsere,
354 1780 453 1815 unde
486 1780 620 1829 cuique
657 1783 872 1831 proximum
909 1782 1009 1818 fuit:
1049 1780 1263 1832 prohibitus

145 1856 256 1879 nemo
283 1850 364 1880 est:
394 1844 617 1894 inpigreque
644 1857 774 1881 omnes
801 1847 848 1882 ad
878 1847 1041 1883 edictum
1068 1846 1263 1882 dictatoris

144 1914 283 1958 praesto
311 1908 429 1945 fuere.
485 1908 581 1944 Inde
604 1911 819 1959 composito
843 1911 1008 1960 agmine,
1031 1921 1116 1946 non>
1137 1909 1264 1945 itineri

145 1972 264 2020 magis
291 1973 385 2021 apti,
406 1984 518 2021 quam
547 1972 698 2021 proelio,
720 1974 750 2008 si
780 1986 838 2009 res
868 1961 923 2010 ita
950 1974 1112 2016 tulisset,
1142 1972 1264 2021 legio-

143 2048 208 2072 nes
228 2036 307 2087 ipse
327 2036 504 2079 dictatos,
526 2038 707 2086 magister
726 2039 897 2088 equitum
922 2051 1008 2075 suos
1030 2039 1173 2087 equites
1193 2037 1262 2073 du-

143 2099 206 2134 cit.
262 2098 309 2135 In
337 2105 498 2149 utroque
528 2101 694 2149 agmine,
722 2114 813 2150 quas
843 2108 991 2152 tempus
1022 2103 1144 2151 ipsum
1172 2113 1261 2151 pos-

144 2162 267 2206 cebat,
297 2164 582 2201 adhortationes
612 2172 746 2201 erant:
780 2167 963 2203 Adderent
987 2166 1158 2214 gradum,
1178 2165 1261 2201 'riza-

148 2230 266 2262 &arato
295 2239 382 2276 opus
410 2240 491 2273 esse,
521 2234 563 2265 ut
590 2234 690 2266 nocte
726 2231 773 2266 ad
806 2230 937 2266 hostem
968 2231 1150 2278 pervenire
1180 2222 1265 2277 pbs-

142 2294 254 2325 sent.-
275 2292 448 2328 consulem
473 2293 733 2341 exercitumque
757 2292 962 2330 Romanum
991 2293 1163 2329 obsideri:
1194 2298 1266 2328 ter-

145 2354 234 2389 tium
260 2355 354 2390 diem
367 2354 450 2402 jam
471 2357 608 2394 clausos
634 2368 728 2393 esse:
756 2358 846 2406 quid
864 2368 1008 2407 quaeque
1025 2368 1094 2393 nox
1111 2362 1174 2393 aut
1194 2358 1266 2393 dies

662 2419 745 2457 K6
