1573 2598
399 205 555 234 Lim-:R
582 204 664 235 ιιι.
697 204 806 233 εΑΡ.
828 203 972 233 vax.
1178 200 1266 243 225

141 294 282 330 instare
301 292 499 329 videbatur
517 307 524 329 ε
556 292 708 328 lictores
729 290 878 326 Icilium
903 291 1230 327 circumsteterant
1249 303 1256 325 :
1272 285 1314 361 X·
1329 284 1370 360 g·
1382 291 1474 364 ἓξ·

140 369 211 394 nec
238 356 337 392 ultra
362 357 482 392 minas
510 363 638 392 tamen
668 366 886 404 processum
906 360 975 390 est.
1031 354 1161 394 Quum
1180 355 1261 404 Ap·
1303 349 1311 378 ·'
1358 351 1367 361 ⁹
1451 350 1460 359 “

138 422 238 473 pius,
266 422 348 457 Non
372 421 568 469 Virginiam
594 418 738 468 defendi
764 420 808 455 ab
837 420 952 462 Icilio,
979 420 1040 455 secl
1066 421 1261 467 inquietum

140 485 328 528 hominem,
355 489 389 520 et
414 484 631 520 tribunatum
657 485 765 520 etiam
789 495 882 519 nunc
909 484 1118 531 spirantem,
1146 485 1262 520 locum

137 551 318 586 seditionis
344 559 508 595 quaerere,
536 547 704 590 diceret3
736 559 806 582 non
827 547 1061 595 praebitnrum
1085 559 1121 583 se
1146 547 1200 583 illi
1222 560 1262 584 eo

140 615 198 650 die
224 615 412 649 materiam
425 606 438 648 .·’
466 613 529 648 sed
556 616 596 648 ut
616 610 699 658 jam
730 613 848 654 sciret,
883 625 953 648 non
984 613 1022 648 id
1051 612 1262 660 petulantiae

135 692 219 722 suae,
241 681 303 715 sed
328 679 486 726 Virginio
508 678 641 714 absenti
664 682 700 715 et
722 680 845 727 patrio
869 680 1003 714 nomini
1025 682 1059 714 et
1089 678 1259 722 libertati,

137 743 274 785 datam,
286 741 350 789 jus
368 754 408 779 eo
427 743 483 778 die
499 754 536 778 se
558 754 627 778 non
653 743 845 785 dicturum,
865 754 976 791 neque
1005 743 1181 778 decretum
1206 744 1259 778 in·

137 809 413 856 terpositzcrum:
449 819 473 842 a
500 805 555 842 M.
586 806 740 842 Claudio
770 808 980 855 petiturum,
1010 811 1051 843 ut
1079 808 1261 843 decederet

126 875 213 924 jure
228 888 304 919 suo,
324 875 568 923 vindicarique
587 876 748 923 puellum
772 877 808 911 in
828 880 1012 924 posterum
1037 877 1130 912 diem
1151 881 1259 925 pate-

135 946 245 977 retur.
306 940 410 982 Quod
437 941 505 976 nisi
527 944 636 988 pater
659 944 800 988 postero
827 941 884 976 die
908 940 1095 989 adfuisset,
1123 941 1259 977 denun-

136 1007 232 1041 ctare
257 1016 294 1041 se
313 1004 417 1040 Icilio
443 1004 683 1051 similibusque
702 1005 812 1047 Icilii,
840 1016 949 1052 neque
976 1005 1044 1052 legi
1068 1017 1139 1040 suae
1165 1005 1258 1041 lato-

134 1081 223 1113 rem,
244 1081 355 1117 neque
380 1070 573 1105 decemviro
599 1070 835 1104 constantiam
860 1068 981 1117 defore
997 1086 1008 1105 .·
1036 1081 1099 1105 nec
1121 1081 1157 1105 se
1183 1071 1258 1106 uti-

136 1146 203 1183 que
221 1135 437 1182 collegarum
457 1134 596 1170 lictores
615 1139 886 1170 convocaturum
905 1135 954 1169 ad
975 1135 1179 1170 coercendos
1202 1146 1257 1170 se-

136 1200 281 1235 ditionis
317 1203 504 1234 auctores:
540 1202 741 1234 contentum
777 1210 813 1234 se
846 1200 918 1234 suis
955 1199 1133 1235 lictoribus
1156 1198 1258 1247 fore.

135 1263 264 1302 Quum
287 1262 445 1298 dilatum
467 1268 615 1312 tempus
638 1262 787 1312 injuriae
807 1269 918 1306 esset,
940 1263 1258 1312 secessissentque

135 1327 309 1363 advocati
338 1325 486 1376 puellae,
516 1325 659 1376 placuit
687 1327 858 1362 onmium
892 1327 1069 1376 primum,
1100 1326 1257 1363 fratrem

135 1389 234 1426 Icilii
269 1389 462 1439 filiumque
495 1389 720 1433 Numitorii,
755 1391 924 1440 inpigros
955 1389 1132 1440 juvenes,
1171 1403 1257 1440 per-

134 1466 222 1504 gere
250 1454 338 1489 inde
366 1460 470 1489 recta
498 1453 545 1489 ad
573 1459 737 1503 portam,
765 1459 817 1496 et,
845 1460 1029 1503 quantum
1051 1454 1257 1490 adcelerari

131 1524 275 1568 posset,
297 1517 513 1565 Virginium
539 1517 655 1552 adciri
682 1530 701 1553 e
724 1519 868 1554 castris.
926 1517 973 1554 In
996 1531 1040 1554 eo
1061 1519 1156 1554 verti
1184 1531 1255 1568 pu-

134 1580 213 1617 ellae
234 1580 408 1623 salutem,
430 1581 459 1615 si
489 1586 644 1630 postero
664 1581 724 1617 die
742 1581 882 1617 vindex
906 1581 1056 1631 injuriae
1081 1582 1129 1618 ad
1158 1588 1255 1621 teme

132 1658 201 1695 pus
235 1651 374 1695 praesto
404 1651 512 1680 esset.
569 1644 674 1681 Jussi
710 1653 888 1695 pergunt,
919 1647 1120 1695 citatisque
1149 1647 1255 1695 equis

132 1711 313 1745 nuncium
336 1709 383 1745 ad
411 1717 558 1759 patrem
585 1709 792 1759 perferunt.
849 1710 978 1750 Quum
1003 1712 1162 1747 instaret
1187 1710 1254 1746 ad-

133 1780 254 1809 sertor
289 1773 437 1822 puellae,
476 1779 518 1808 ut
548 1773 770 1816 vindicaret,
807 1786 1083 1824 sponsoresque
1117 1774 1251 1828 (ξω-εἵς

134 1845 246 1888 atque
279 1839 317 1874 id
347 1839 470 1889 ipsum
500 1840 561 1887 agi
591 1840 731 1875 diceret
762 1839 906 1883 Icilius,
939 1838 1071 1875 sedulo
1103 1845 1252 1889 tempus

130 1908 271 1945 terens,
292 1901 381 1938 dum
409 1903 657 1952 praeciperent
682 1903 754 1937 iter
776 1903 906 1939 nuncii
927 1903 1033 1938 missi
1054 1903 1092 1939 in
1114 1910 1252 1946 castra,

131 1977 265 2002 manus
290 1965 424 2002 tollere
453 1966 618 2015 undique
640 1966 860 2010 multitudo,
881 1974 919 2003 et
945 1979 984 2003 se
1003 1967 1162 2016 quisque
1183 1980 1250 2017 pa-

133 2036 255 2066 ratum
279 2030 326 2066 ad
348 2030 610 2080 spondendum
629 2030 739 2066 Icilio
764 2031 975 2068 ostendere.
1031 2032 1160 2081 Atque
1187 2031 1252 2068 ille

130 2093 451 2138 lacrimabundus,
478 2096 629 2132 Gratum
652 2101 715 2139 est,
746 2097 893 2144 inquit3
926 2098 1081 2133 crastina
1109 2098 1166 2132 die
1192 2108 1252 2132 ve·

131 2164 207 2195 stra
227 2172 333 2208 opera
358 2166 468 2197 utar:
497 2173 703 2210 sponsorum
723 2174 818 2198 nunc
845 2164 931 2199 satis
959 2168 1021 2198 est.
1079 2161 1140 2198 Ita
1167 2163 1252 2197 vin-

133 2223 279 2260 dicatur
294 2224 480 2274 Virginia,
502 2226 776 2276 spondentibus
796 2227 1031 2277 propinquis.
1087 2226 1250 2276 Appius,

132 2286 336 2337 paullisper
363 2295 547 2334 moratus,
582 2302 630 2326 ne
660 2289 740 2341 ejus
773 2291 828 2326 rei
861 2303 998 2326 caussa·
1027 2289 1166 2326 sedisse
1195 2290 1252 2325 vi-

134 2349 298 2397 deretur,
336 2358 552 2404 postquam,
591 2354 741 2390 omissis
778 2354 891 2392 rebus
929 2353 1011 2391 aliis
1047 2365 1124 2406 prae
1161 2365 1252 2390 cura

653 2417 729 2456 L5
