1573 2598
350 185 436 239 356
775 195 779 198 ⁴
806 196 850 224 T.
874 194 1011 225 lerr

161 289 247 319 U.C.
266 296 336 321 356.
351 284 418 320 Dii
437 283 625 327 tulissent,
645 285 790 322 vinciri.
844 285 1002 320 Interim
1022 285 1068 320 ad
1087 284 1203 321 Veios
1222 291 1344 321 terror
1361 284 1460 321 mul-

157 332 196 363 Δ·
211 333 247 362 C·
265 338 338 366 896.
351 347 469 397 tiplex
493 347 588 392 fuit3
619 347 739 383 tribus
760 348 797 383 in
818 361 935 384 unum
954 348 1062 384 bellis
1083 348 1266 384 conlatis:
1298 360 1461 397 namque

351 411 496 452 eodem,
528 424 603 459 quo
637 417 761 453 antea,
792 412 906 447 modo
936 413 1036 448 circa
1064 412 1312 455 munimenta,
1343 408 1459 460 quum

349 482 504 524 repente
541 475 766 523 Capenates,
804 475 1016 524 Faliscique
1053 475 1220 512 subsidio
1252 475 1458 518 venissent,

349 537 524 573 adversus
539 543 614 572 tres
630 538 814 573 exercitus
835 539 989 587 ancipiti
1008 538 1144 588 proelio
1160 544 1379 587 pugnatum·
1390 543 1460 575 est‘.

349 601 451 636 Ante
470 601 598 636 onmia
617 600 761 650 adjuvit
780 603 961 637 memoria
987 602 1241 638 damnationis
1270 601 1394 650 Sergii·
1416 613 1464 637 ac

349 663 533 711 virginii:
562 663 689 711 itaque
705 662 911 712 majoribus
928 666 1073 708 castris,
1092 665 1190 701 unde
1207 670 1321 701 antea
1336 676 1460 700 cessa·-

349 732 430 764 tum
449 727 586 770 fuerat,
607 727 709 763 brevi
726 730 848 778 spatio
869 731 1132 767 circumductae
1150 732 1268 780 copiae
1286 731 1460 780 Capena-

348 798 420 833 tes,
431 792 470 826 in
478 791 616 827 vallum
626 792 841 829 Romanum
850 807 991 838 versos,
1003 795 1049 831 ab
1059 802 1168 844 tergo
1178 795 1460 843 adgrediuntur.

349 853 443 891 Inde
463 868 590 904 pugna
609 862 735 905 coepta
756 863 794 893 et
821 857 977 894 Faliscis
1007 859 1137 894 intulit
1165 866 1363 901 terrorem,
1384 864 1462 893 tre-

348 919 595 968 pidantesque
615 922 762 969 eruptio
782 934 827 957 ex
848 923 979 958 castris
1000 929 1214 971 opportune
1234 922 1336 958 facta
1354 933 1461 958 aver-

349 983 418 1018 tit:
452 975 619 1032 repulsos
640 984 774 1020 deinde
797 985 957 1021 insecuti
975 987 1137 1021 victores
1167 987 1361 1034 ingentem
1383 985 1463 1021 edi-

349 1046 483 1083 derunt
512 1047 663 1083 caedem.
719 1047 803 1083 Nec
831 1048 885 1084 ita
913 1048 1035 1084 multo
1061 1055 1149 1097 post
1167 1048 1250 1097 jam
1274 1047 1461 1097 palantes,

348 1108 465 1145 veluti
483 1109 583 1144 forte
612 1108 745 1151 oblati,
767 1110 1008 1159 populatores
1029 1111 1234 1159 Capenatis
1264 1111 1345 1158 agri
1373 1109 1461 1145 reli-

348 1173 454 1221 quias
485 1174 620 1222 pugnae
650 1174 887 1210 absumsere:
920 1181 958 1210 et
983 1175 1201 1210 Veientium
1230 1173 1461 1221 refugientes

349 1236 388 1271 in
408 1236 538 1272 urbem
558 1237 663 1272 multi
687 1244 773 1273 ante
794 1244 921 1287 portas
942 1239 1042 1280 caesi,
1064 1239 1153 1274 dum
1172 1251 1249 1287 prae
1274 1243 1392 1278 metu,
1411 1247 1461 1271 ne

349 1299 461 1334 simul
489 1298 686 1335 Romanus
705 1300 950 1350 inrumperet,
972 1300 1131 1351 objectis
1161 1300 1306 1337 foribus
1337 1304 1460 1335 extre-

349 1373 431 1397 mos
453 1374 605 1397 suorum
626 1362 829 1399 exclusere.

401 1425 512 1461 XIV.
542 1425 638 1461 Haec
658 1439 703 1461 eo
723 1439 824 1462 anno
844 1432 941 1462 acta.
997 1426 1050 1462 Et
1062 1425 1146 1476 jam
1167 1425 1325 1462 comitia
1339 1424 1462 1460 tribu-

347 1500 484 1524 norum
503 1488 666 1523 militum
685 1489 853 1531 aderant,
875 1501 1034 1537 quorum
1054 1501 1171 1539 prope
1191 1489 1313 1538 major
1338 1487 1462 1524 Patri-

348 1551 433 1594 bus,
454 1564 564 1600 quam
595 1551 698 1594 belli,
720 1565 808 1588 cura
837 1559 917 1588 erat
933 1569 942 1597 ;
976 1553 1114 1602 quippe
1142 1564 1221 1588 non
1251 1551 1461 1587 communi-

348 1622 473 1651 catum
493 1616 607 1651 modo
628 1628 713 1651 cum
732 1615 855 1665 plebe,
874 1616 938 1651 sed
958 1629 1076 1665 prope
1092 1617 1285 1657 amissum,
1303 1627 1461 1650 cernen-

347 1679 449 1714 tibus
479 1691 666 1715 summum
695 1681 906 1729 imperium.
974 1680 1108 1728 Itaque
1136 1679 1351 1715 clarissimis
1371 1678 1460 1714 viris

348 1756 395 1778 ex
415 1743 627 1791 composito
647 1744 864 1792 praeparatis
885 1743 930 1778 ad
952 1743 1170 1792 petendum,
1191 1754 1286 1790 quos
1306 1746 1460 1790 praeter-

348 1806 460 1842 eundi
480 1808 742 1843 verecundiam
763 1808 958 1844 crederent
981 1809 1076 1851 fore,
1099 1807 1344 1844 nihilominus
1374 1806 1460 1856 ipsi,

346 1871 501 1920 perinde
530 1884 573 1906 ac
593 1872 623 1906 si
649 1884 779 1907 omnes
807 1872 997 1908 candidati
1024 1878 1163 1914 essent,
1184 1876 1321 1907 cuneta
1346 1882 1460 1919 expe-

346 1934 500 1977 rientes,
521 1948 598 1970 non
627 1936 800 1971 homines
830 1936 958 1978 modo,
979 1936 1043 1972 sed
1072 1935 1177 1971 Deos
1207 1935 1336 1975 etiam,
1357 1934 1460 1968 exci-

346 1998 525 2048 piebant3
568 2000 606 2034 in
639 1999 860 2046 religionem
893 2005 1081 2035 vertentes
1115 1998 1270 2034 comitia
1302 1997 1479 2032 biennio.

346 2060 501 2096 habita:
542 2062 666 2109 priore
695 2074 797 2097 anno
827 2061 1101 2097 intolerandam
1133 2061 1294 2096 hiemem
1327 2060 1458 2108 prodi-

347 2125 494 2173 giisque
513 2125 648 2160 divinis
668 2125 827 2161 similem
848 2133 1040 2161 coortam:
1074 2125 1247 2174 proximo
1267 2136 1344 2159 non
1370 2135 1474 2174 prem>

346 2189 462 2235 digia,
491 2189 554 2224 sed
577 2188 659 2237 jam
688 2196 857 2232 eventu&
886 2189 1140 2239 pestilentiam
1171 2189 1270 2235 agris
1302 2187 1459 2235 urbique

346 2251 502 2287 inlatam
523 2253 622 2288 haud
642 2253 755 2288 dubia
775 2254 829 2288 ira
853 2253 1000 2289 Deum:
1034 2265 1126 2300 quos
1154 2252 1267 2300 pestis
1294 2249 1373 2299 ejus
1397 2263 1464 2287 ar·-

345 2316 472 2357 oendssae
494 2329 626 2353 caussa
654 2317 1028 2368 placandos-essestn
1058 2317 1162 2353 libris
1191 2315 1368 2354 fatalibus
1398 2315 1456 2352 in.-
