1573 2598
391 146 546 177 run-:R
568 147 626 176 11.
658 146 766 175 eAP.
788 147 908 176 xxv.
1140 147 1216 194 117

105 240 214 284 parte
233 234 410 279 civitatis,
431 241 572 272 metum
594 247 664 284 pro
690 234 865 271 universa
887 234 1081 286 republica
1100 238 1218 277 inter-
1232 240 1274 273 U.
1291 242 1327 274 C.
1345 250 1419 276 259.

105 299 275 336 venisse:
305 313 376 337 nec
405 312 529 351 posse,
559 312 674 349 qutun
701 299 831 336 hostes
860 313 978 352 prope
1006 302 1054 339 ad
1090 311 1219 353 portas
1232 287 1270 320 A·
1287 286 1323 319 C·
1341 293 1414 321 ‘²9³'

106 370 247 407 essent,
267 363 368 401 bello
387 364 620 415 praevertisse
639 363 862 414 quidquam:
891 377 974 409 nec,
995 366 1027 402 si
1046 367 1096 403 sit
1114 367 1219 406 laxa-

106 427 226 463 menti
254 427 408 478 aliquid,
439 434 503 465 aut
534 427 636 478 plebi
664 428 867 464 honestum
896 441 990 473 esse,
1020 431 1093 467 nisi
1121 445 1220 470 mer-

107 490 197 526 cede
225 492 327 541 prius
356 498 525 542 accepta,
555 504 660 528 arma
687 505 757 542 pro
786 494 909 542 patria
936 506 1018 530 non
1047 496 1218 546 cepisse;

106 566 229 603 neque
256 555 432 592 Patribus
462 556 552 591 satis
583 555 774 599 decorum,
805 570 871 607 per
898 564 1041 595 metum
1077 561 1220 609 potius,

104 630 219 667 quam
247 620 450 669 postmodo
475 619 687 663 voluntate,
718 620 878 657 adflictis
904 622 1041 659 civium
1067 636 1222 662 suorum

105 681 268 720 fortunis
287 684 533 722 consuluisse.
591 686 779 722 Concioni
809 686 943 722 deinde
966 687 1091 725 edicto
1117 689 1223 726 addi-

103 745 161 784 dit
189 747 313 793 fidem,
343 762 419 798 quo
449 750 580 793 edixit,
602 746 659 787 Ne
683 753 758 799 quis
777 753 883 788 civem
905 752 1108 790 Romanum
1126 756 1224 791 vinc-

105 815 181 848 tum
203 818 266 849 aut
291 814 448 851 clausum
474 820 616 857 teneret,
641 828 708 863 quo
732 817 847 851 minus
870 817 902 851 ei
924 818 1074 853 nominis
1098 819 1225 855 edendi

100 878 202 927 «apud
229 880 383 915 consules
406 884 563 928 potestas
582 881 703 929 fieret.
760 880 817 915 Ne
844 881 920 928 quis
948 881 1084 925 militis,
1115 883 1225 920 donec

106 945 143 980 ὶη
170 945 294 980 castris
318 949 416 988 esset,
444 945 534 982 bona
554 946 762 994 possideret,
789 950 853 981 aut
878 946 1041 981 <venderet
1058 963 1070 982 .·
1100 947 1226 985 liberos

104 1012 286 1057 nepotesve
302 1006 374 1055 ejus
394 1013 604 1045 moraretur.
660 1008 748 1045 Hoc
777 1009 975 1058 proposito
1002 1009 1141 1054 edicto,
1170 1017 1223 1056 et,

105 1073 172 1122 qui
208 1072 377 1116 aderant,
410 1073 500 1109 nexi
535 1073 706 1123 profiteri
733 1073 925 1124 extemplo
961 1075 1118 1112 nomina
1134 1091 1143 1121 ;
1184 1082 1225 1113 et

106 1137 273 1186 undique
295 1149 341 1173 ex
365 1143 450 1173 tota
474 1137 568 1173 urbe
595 1137 887 1188 proripientium
916 1150 955 1174 se
983 1151 1030 1175 ex
1056 1140 1223 1189 privam,

105 1213 223 1251 quum
258 1201 446 1237 retinendi
467 1199 532 1250 jus
562 1201 739 1237 creditori
767 1214 846 1237 non
874 1208 987 1245 esset,
1017 1215 1222 1241 concursus

105 1266 146 1303 in
177 1264 317 1309 forum,
354 1271 398 1302 ut
433 1271 671 1301 sacramento
708 1265 890 1309 dicerent,
928 1265 1020 1303 fieri.
1074 1266 1224 1317 BIagna

105 1343 153 1367 ea
187 1342 320 1366 manus
356 1328 460 1375 fuit3
499 1341 622 1379 neque
658 1328 819 1366 aliorum
854 1330 975 1379 magis
1012 1330 1052 1367 in
1080 1330 1224 1369 Volsco

105 1393 207 1430 bello
243 1393 361 1430 virtus
398 1399 512 1443 atque
548 1406 665 1444 opera
699 1393 848 1431 enituit.
913 1393 1057 1431 Consul
1094 1397 1222 1447 copias

107 1465 242 1495 contra
272 1459 423 1495 hostem
455 1458 604 1495 educit:
639 1471 757 1509 parvo
789 1458 989 1496 dirimente
1020 1460 1223 1499 intervallo

102 1529 229 1560 castra
245 1521 367 1572 ponit.

158 1585 291 1624 XXV.
319 1585 501 1622 Proxima
524 1585 612 1622 inde
635 1591 749 1623 nocte
767 1584 914 1630 Volsci,
933 1585 1122 1624 discordia
1138 1586 1223 1625 Ro-

105 1664 220 1689 mana
237 1650 339 1695 freti,
360 1651 392 1686 si
410 1663 486 1701 qua
502 1657 691 1688 nocturna
708 1652 887 1688 transitio
908 1651 1123 1701 proditiove
1142 1652 1224 1691 fieri

108 1716 242 1767 possit,
271 1720 423 1751 tentant
458 1721 594 1752 castra.
651 1715 808 1753 Sensere
836 1715 995 1765 vigiles:
1036 1718 1223 1755 excitatus

110 1779 310 1822 exercitus,
331 1779 442 1828 signo
460 1779 550 1816 dato
569 1794 577 1815 τ
611 1793 836 1817 concursum
856 1787 913 1817 est
932 1781 979 1818 ad
998 1794 1114 1818 arma,
1161 1782 1224 1819 Ita

107 1844 248 1882 frustra
281 1843 320 1880 id
356 1844 549 1895 inceptum
578 1844 726 1881 Volscis
754 1845 852 1881 fuit:
884 1844 1071 1895 reliquum
1098 1846 1223 1887 noctis

108 1910 297 1958 utrimque
333 1908 450 1958 quieti
487 1908 629 1946 datum.
684 1909 846 1946 Postero
883 1909 943 1946 die
981 1910 1104 1960 prima
1138 1909 1224 1948 luce

107 1972 252 2017 Volsci,
288 1972 401 2010 fossis
437 1973 604 2024 repletis,
633 1973 774 2010 vallum
810 1974 1006 2011 invadunt.
1061 1973 1224 2023 Jamque

106 2037 156 2075 ab
184 2038 289 2075 omni
317 2043 424 2088 parte
451 2039 687 2075 munimenta
707 2037 957 2081 vellebantur,
987 2050 1104 2088 quum
1131 2050 1224 2075 con·

110 2100 182 2146 sul,
202 2115 429 2151 quamquam
449 2103 577 2140 cuncti
595 2103 775 2152 undique,
796 2109 834 2139 et
854 2103 944 2139 nexi
969 2110 1057 2139 ante
1076 2115 1224 2146 omnes,

111 2171 155 2201 ut
178 2166 329 2214 signum
357 2166 476 2210 daret,
498 2166 728 2210 clamabant,
750 2166 967 2217 experiendi
986 2166 1133 2203 animos
1153 2167 1224 2203 mi·

111 2229 222 2267 litum
236 2242 373 2284 caussa
397 2244 598 2284 parumper
622 2238 806 2276 moratus,
825 2237 1029 2282 postquam
1047 2231 1138 2267 satis
1158 2230 1226 2268 ad·

108 2293 269 2347 parebat
295 2295 428 2344 ingens
455 2296 581 2341 ardor,
600 2296 691 2334 dato
709 2296 864 2334 tandem
886 2296 934 2334 ad
953 2295 1224 2349 erumpendum
