1496 2554
214 171 269 212 ιθ
517 183 564 213 Τ.
587 182 725 214 nvn
750 185 1036 216 mun-Ano.

235 284 258 308 a
276 283 381 316 vero,
401 269 606 309 sollicitum
626 278 754 310 tamen
780 273 925 311 efficere
949 274 1082 325 possit.
1138 275 1233 314 Quae
1263 277 1352 313 ante

234 335 428 372 conditam
457 335 738 373 condendamve
767 337 913 381 urbem,
942 337 1101 388 poeticis
1130 339 1251 387 magis
1285 339 1349 376 de-

234 410 324 435 cora
342 399 494 444 fabulis,
515 413 628 449 quam
654 401 889 451 inconruptis
910 414 1034 438 rerum
1053 408 1244 450 gestarum
1266 414 1350 439 mo-

232 463 439 507 numentis,
459 464 673 508 traduntur,
694 477 738 500 ea
757 476 826 500 nec
846 464 1055 509 adfirmare,
1075 478 1146 501 nec
1165 464 1349 510 refellere,

234 527 274 563 in
295 528 421 565 animo
441 535 508 564 cst.
555 528 681 564 Datur
699 529 780 565 hcec
799 530 910 565 venia
929 530 1161 578 antiquitati,
1183 536 1238 573 ut,
1258 530 1350 566 mis-

234 592 355 628 cendo
379 593 546 629 humana
565 593 714 635 divinis,
736 592 941 642 primordia
960 592 1109 630 urbium
1129 594 1352 642 angustiora

231 655 360 693 faeiat.
415 655 482 698 Et,
503 656 533 692 si
553 656 614 693 cui
639 656 780 706 populo
808 655 920 692 licere
941 662 1107 706 oportet,
1128 668 1350 693 consecrare

230 719 396 767 origines
417 731 517 762 suas,
539 726 577 755 et
601 719 648 756 ad
673 719 778 755 Deos
804 719 943 756 referre
973 725 1161 762 auctores,
1188 731 1234 756 ea
1259 718 1350 755 belli

229 781 352 830 gloria
381 789 438 818 est
465 782 608 832 populo
636 782 830 825 Romano,
856 788 912 825 ut,
939 794 1056 832 quum
1085 794 1194 818 suum
1217 782 1349 818 condi-

228 845 398 895 torisque
432 846 489 882 sui
524 852 720 896 parentem
755 845 922 883 Martem
958 845 1201 895 potissimum
1235 845 1349 890 ferat,

228 916 309 946 tam
328 916 367 946 ct
387 909 462 946 hoe
482 916 613 959 gentes
637 909 814 946 humanae
842 909 1037 961 patiaatur
1066 922 1174 959 aequo
1203 909 1348 954 animo,

230 986 342 1022 quam
368 974 567 1023 imperium
591 974 801 1024 patiuntur.
857 973 932 1010 Sed
958 973 1040 1010 haec
1059 979 1098 1009 et
1115 973 1174 1009 his
1195 972 1349 1017 similia,

228 1044 434 1086 utcumque
463 1037 724 1074 animadversa
751 1042 818 1073 aut
846 1037 1065 1073 existimata
1090 1044 1216 1080 erunt,
1245 1036 1350 1073 haud

225 1102 266 1138 in
285 1115 426 1151 magno
447 1102 619 1152 equidem
637 1113 779 1152 ponam
799 1100 1026 1154 discrimine.
1081 1101 1144 1138 Ad
1164 1100 1230 1138 illa
1254 1099 1353 1138 mihi

198 1170 201 1172 ’
223 1179 296 1218 pro
325 1179 365 1203 se
394 1167 552 1216 quisque
580 1166 717 1203 acriter
744 1165 919 1203 intendat
946 1166 1129 1209 animum,
1151 1177 1236 1214 quae.
1253 1165 1349 1209 vita,

214 1228 290 1281 'qui
315 1243 438 1268 mores
465 1231 632 1267 fuerint:
663 1242 731 1282 per
758 1242 852 1279 quos
875 1229 991 1274 viros,
1016 1228 1228 1279 quibusque
1256 1229 1349 1282 arti-

224 1295 312 1340 bus,
343 1295 446 1333 domi
474 1295 708 1345 militiaeque,
734 1300 772 1331 et
799 1299 950 1345 partum
978 1298 1017 1330 et
1045 1299 1199 1330 auctum
1227 1294 1348 1345 impe·

223 1360 322 1397 rium
342 1360 403 1397 sit.
458 1359 612 1397 labente
630 1358 765 1396 deinde
789 1357 988 1409 paullatim
1010 1357 1223 1409 disciplina,
1243 1358 1350 1396 velut

223 1425 438 1463 desidentes
463 1425 587 1476 primo
605 1436 730 1461 mores
755 1428 934 1473 sequatur
956 1423 1112 1470 animo;
1144 1422 1279 1460 deinde
1302 1428 1347 1460 ut

223 1490 345 1540 magis
364 1491 560 1540 magisque
583 1488 681 1542 lapsi
706 1489 783 1526 sint
798 1504 809 1535 ς
840 1494 923 1526 tum
950 1489 1006 1526 ire
1034 1489 1221 1540 coeperint
1248 1501 1347 1539 prae-

222 1555 382 1605 cipites:
418 1555 540 1592 donec
576 1553 624 1591 ad
658 1553 742 1591 haec
769 1559 957 1605 tempora,
987 1552 1124 1603 quibus
1152 1565 1224 1589 nec
1252 1552 1346 1590 vitia

223 1625 370 1663 nostra,
393 1631 465 1656 nec
485 1618 652 1656 remedia
678 1618 758 1669 pati
789 1629 1005 1669 possumuS,
1025 1623 1248 1668 perventum
1274 1623 1343 1655 est.

223 1682 314 1721 Hoc
333 1683 426 1720 illud
445 1689 502 1720 est
525 1684 714 1734 praecipue
734 1683 774 1719 in
794 1683 1014 1731 cognitione
1039 1694 1164 1718 rerum
1195 1680 1346 1718 salubre

223 1760 268 1784 ac
292 1747 531 1797 frugiferum,
552 1748 675 1784 omnis
705 1753 744 1783 te
773 1746 935 1796 exempli
969 1746 1197 1782 documenta
1226 1746 1266 1782 in
1284 1745 1344 1782 in-

221 1811 333 1849 lustri
360 1813 486 1862 posita
508 1817 758 1849 monumento
781 1811 946 1847 intueri:
978 1810 1066 1846 inde
1094 1809 1164 1846 tibi
1194 1815 1344 1857 tuaeque

219 1876 452 1927 reipublicae,
480 1877 582 1926 quod
610 1877 772 1920 imitere,
800 1877 924 1926 capias
950 1890 956 1910 :
989 1875 1090 1917 inde,
1111 1873 1256 1910 foeduul
1284 1873 1343 1909 in-

219 1948 348 1992 ceptu,
373 1941 518 1978 foecliun
544 1941 661 1985 exitu,
692 1940 793 1991 quod
815 1940 922 1976 vites.
981 1939 1160 1975 Ceterum
1188 1944 1253 1974 aut
1282 1948 1342 1973 me

220 2018 329 2043 amor
346 2007 492 2056 negotii
512 2006 675 2057 suscepti
701 2004 813 2048 fallit,
834 2010 900 2040 aut
924 2002 1031 2039 nulla
1057 2015 1234 2051 umquam
1263 2013 1342 2038 res-

218 2069 375 2121 publica
402 2083 472 2107 nec
501 2069 636 2120 major,
662 2082 732 2106 nec
761 2070 942 2112 sanctior,
972 2080 1042 2105 nec
1070 2068 1182 2104 bonis
1213 2079 1341 2103 exem-

219 2134 292 2186 plis
323 2135 437 2172 ditior
464 2135 563 2173 suit:
595 2148 665 2172 nec
697 2135 736 2171 in
769 2147 882 2184 quam
915 2134 1107 2170 civitatem
1140 2138 1219 2168 tam
1249 2144 1341 2169 serae

220 2199 380 2235 avaritia
414 2199 636 2248 luxuriaque
666 2198 974 2247 inmigraveriut:
1007 2208 1076 2233 nec
1112 2195 1177 2232 ubi
1211 2202 1339 2238 tantus

219 2275 264 2300 ac
287 2269 366 2300 tam
395 2263 458 2300 diu
483 2263 697 2314 paupertati
726 2275 769 2298 ac
794 2261 1034 2313 parsimoniae
1052 2260 1176 2296 honos
1196 2259 1335 2296 fuerit:

220 2327 330 2374 adeo,
361 2334 504 2378 quanto
534 2340 658 2364 rerum
686 2327 825 2372 minus,
858 2332 968 2363 tanto
999 2325 1121 2362 minus
1151 2322 1337 2376 cupidita·
