1573 2598
400 161 555 191 mnmz
579 161 650 190 vi.
683 160 922 190 cAr.x1v.
1134 151 1235 203 427'

103 252 207 290 missi
245 250 580 302 percunctantibus
616 249 844 301 ptimoribus
877 249 1035 286 Patrum
1072 251 1273 293 eadem,U.
1286 255 1322 286 C.
1339 261 1415 290 870

103 330 186 366 quae
207 316 397 358 dictatori,
418 314 673 351 defectionem
691 313 748 350 sui
768 314 926 364 quisque
953 314 1098 365 populi,
1118 299 1270 351 haudA'
1284 298 1322 330 C·
1338 304 1413 330 ³⁸²

104 380 280 431 perplexe
301 379 525 416 indicavere.

156 443 268 480 XIV.
297 442 475 478 Dictator
494 441 702 478 exercitum
722 441 761 477 in
789 440 936 477 stativis
957 440 1127 484 tenebat,
1148 441 1219 478 mi-

103 507 204 543 nime
224 505 374 549 dubius,
394 504 533 541 bellum
559 517 644 541 cum
672 504 731 540 his
761 504 911 555 populis
933 504 1064 541 Patres
1087 503 1219 555 jussu-

104 582 192 606 1··os
183 597 193 615 ,
226 582 340 619 quum
369 567 491 618 major
519 568 621 603 domi
648 574 782 604 exorta
807 567 926 604 moles
947 568 1074 617 coegit
1102 568 1218 605 adciri

103 633 268 670 Romam
291 645 390 676 eum,
412 632 594 681 gliscente
620 633 660 668 in
686 633 765 668 dies
793 632 994 675 seditione,
1016 645 1130 682 quam
1155 645 1217 669 so-
1231 636 1399 667 Manliana

103 696 173 733 lito
203 698 322 746 magis
351 696 591 733 metuendam
621 704 755 734 auctor
782 697 973 734 faciebat.
1010 710 1089 733 non
1118 698 1219 734 enim
1230 680 1352 711 ⁵edm⁰

97 760 181 812 jam
199 761 391 797 orationes
411 760 526 796 modo
545 759 602 797 M.
621 759 775 804 Manlii,
797 760 861 796 sed
884 760 999 803 facta,
1020 761 1221 812 popularia

0 804 2 859 Ϋ
104 826 144 862 in
173 825 352 876 speciem,
382 823 617 861 tumultuosa
645 824 789 868 eadem,
814 837 889 874 qua
917 832 1045 861 mente
1070 824 1218 869 fierent,

104 889 288 926 intuenda
313 895 432 926 erant.
491 889 779 933 Centurionem,
799 888 969 925 nobilem
992 889 1219 926 militaribus

104 953 230 997 factis,
254 952 468 1004 judicatum
497 954 667 1003 pecuniae
695 966 812 1002 quum
841 953 925 989 duci
945 953 1110 997 vidisset,
1140 966 1220 991 me-

106 1018 168 1055 dio
194 1018 280 1055 foro
299 1030 385 1054 cum
404 1024 555 1054 caterva
575 1029 644 1053 sua
671 1017 852 1060 adcurrit,
873 1023 911 1052 et
939 1029 1094 1054 manum
1122 1016 1221 1068 inje-

104 1083 182 1119 cit:
214 1081 517 1132 vociferatusque
546 1081 592 1118 de
621 1081 798 1132 superbia
816 1081 989 1125 Pati-um,
1014 1094 1058 1119 ac
1088 1082 1225 1119 crude--

103 1145 211 1182 litate
247 1144 536 1188 foeneratorum,
571 1151 610 1180 et
646 1145 806 1180 miseriis
844 1144 980 1194 plebis,
1016 1145 1222 1182 virtutibus

104 1208 187 1260 ejus
211 1209 283 1245 viri
309 1209 540 1258 fortunaque
555 1224 565 1255 3
605 1210 694 1246 Tum
715 1221 797 1246 vero
815 1221 892 1256 ego,
913 1209 1050 1258 inquit,
1071 1211 1223 1258 nequid-

105 1285 213 1323 quam
240 1273 308 1310 hac
335 1274 461 1310 dextra
482 1273 704 1321 Capitolium
733 1285 919 1322 arcemque
944 1275 1170 1317 servaverim,
1191 1274 1224 1310 si

106 1340 216 1375 civem
245 1339 587 1386 commilitonemque
621 1350 752 1381 meum,
785 1343 968 1387 tamquam
1002 1339 1118 1375 Gallis
1147 1341 1222 1374 vic-

105 1402 238 1439 toribus
256 1406 414 1450 captum,
435 1403 472 1437 in
492 1403 695 1438 servitutem
721 1415 764 1438 ac
787 1403 933 1438 vincula
961 1404 1042 1439 duci
1068 1404 1222 1439 videam.

106 1463 201 1501 Inde
229 1477 308 1500 rem
334 1464 509 1501 creditori
535 1464 660 1514 palam
684 1464 827 1515 populo
848 1464 974 1508 solvit,
994 1465 1165 1515 libraque
1185 1471 1224 1501 et

107 1541 180 1566 aere
208 1528 410 1565 liberatum
439 1528 592 1572 emittit,
623 1527 729 1564 Deos
759 1534 872 1578 atque
907 1529 1082 1565 homines
1112 1529 1236 1566 obte-s·

106 1598 285 1636 stantem,
315 1598 356 1629 ut
375 1593 430 1630 M.
450 1593 605 1636 Manlio,
633 1594 816 1630 liberatori
837 1606 914 1636 suo,
939 1596 1085 1642 parenti
1109 1594 1224 1642 plebis

103 1658 293 1701 Romame,
321 1660 480 1706 gratiam
507 1657 680 1706 referant.
735 1657 926 1706 Acceptus
961 1656 1153 1707 extemplo
1182 1657 1222 1693 in

105 1721 381 1757 tumultuosam
405 1720 558 1757 turbam
576 1726 614 1756 et
641 1721 721 1770 ipse
744 1719 949 1756 tumultum
969 1720 1147 1768 augebat,
1169 1719 1222 1755 ci-

106 1785 264 1821 catrices
295 1791 469 1834 acceptas
489 1784 655 1826 Veienti,
678 1783 841 1826 Gallico,
862 1783 1020 1832 aliisque
1045 1783 1223 1833 deinceps

105 1847 214 1885 bellis
235 1854 445 1885 ostentans.
502 1848 550 1884 Se
568 1849 799 1890 militantem,
815 1860 851 1883 se
867 1849 1107 1884 restituentem
1126 1859 1222 1883 ever-

104 1925 160 1949 sos
181 1918 340 1961 penates,
362 1913 553 1960 multi-plici
569 1910 652 1958 jam
676 1917 771 1948 sorte
797 1913 970 1954 exsoluta,
993 1913 1225 1959 mergentibus

106 1989 242 2025 semper
258 1981 388 2013 sortem
407 1978 536 2019 usuris,
557 1976 717 2012 obrutum
734 1975 878 2024 faenore
903 1988 973 2011 esse
990 1992 1002 2011 :
1031 1976 1149 2011 videre
1168 1977 1223 2021 tur

106 2053 195 2083 cem,
205 2039 348 2089 forum,
370 2042 498 2076 civium
518 2052 595 2082 ora,
617 2040 671 2076 M.
693 2040 829 2075 Manlii
847 2051 957 2087 opera
972 2055 984 2074 .·
1012 2040 1131 2074 onmia
1152 2050 1224 2086 pa-

108 2108 250 2140 rentum
269 2104 434 2154 beneficia
458 2105 503 2140 ab
525 2106 591 2140 illo
617 2117 654 2140 se
681 2105 807 2141 habere
823 2120 836 2140 .·
865 2106 922 2140 illi
951 2105 1118 2141 devovere
1145 2116 1222 2140 cor-

106 2170 210 2216 poris
225 2170 373 2217 vitoeque
393 2182 436 2205 ac
459 2171 644 2217 sanguinis
665 2170 760 2218 quod
775 2171 953 2217 supersit:
981 2169 1226 2216 quodcumque

110 2231 176 2267 sibi
204 2243 284 2267 cum
309 2234 449 2280 patria,
477 2233 670 2282 penatibus
697 2233 850 2281 publicis
882 2244 924 2268 ac
952 2232 1106 2279 privatis
1128 2229 1224 2277 juris

101 2294 236 2344 fuerit,
257 2296 294 2332 id
313 2308 392 2333 cum
410 2309 481 2333 uno
500 2297 640 2345 homine
656 2308 737 2335 esse.
793 2295 867 2333 His
887 2294 1042 2332 vocibus
1067 2295 1223 2333 instinc-
