1573 2598
85 237 128 269 U.
145 237 182 269 C.
199 243 275 271 809.

81 281 124 312 A.
138 280 175 312 C.
192 286 268 312 443.

304 130 383 187 258
729 149 775 178 Τ.
801 150 933 180 mvn

301 233 349 269 ad
382 245 553 271 caussam
586 234 767 272 orandam
798 238 1004 282 venissent,
1035 240 1198 278 concilio
1227 243 1359 294 populi
1391 257 1414 281 a

301 298 585 347 magistratibus
602 299 706 344 dato,
722 314 862 351 magna
880 304 1126 341 contentione
1146 312 1273 343 actum
1284 323 1294 343 .·
1308 305 1411 356 jam-

300 375 372 412 que
397 364 507 400 editis
529 364 705 408 testibus,
725 379 839 415 quum
868 367 989 404 tribus
1008 370 1150 413 vocari,
1171 376 1210 406 et
1230 371 1413 421 populum

297 428 393 464 inire
413 428 630 477 suffragium
657 437 864 480 oporteret,
889 434 1084 482 consurgit
1110 433 1154 470 P.
1174 434 1348 485 Scaptius
1366 437 1413 473 de

298 490 422 541 plebe,
453 505 593 541 magno
621 499 714 530 natu
732 509 740 531 ι
773 500 824 537 et,
846 496 887 532 Si
906 497 1000 539 licet,
1020 497 1158 546 inquit,
1182 500 1348 543 consules,
1369 501 1414 537 de

297 556 478 604 republica
497 558 625 600 dicere,
645 569 764 594 errare
781 570 845 607 ego
859 561 1032 609 populum
1052 563 1088 597 in
1114 562 1182 599 hac
1199 575 1324 600 caussa
1344 577 1414 602 non

295 621 432 668 patiar.
488 620 631 664 Quum,
661 627 703 656 ut
731 635 883 666 vanum,
913 637 998 660 eum
1026 632 1210 674 negarent
1239 627 1413 664 consules

297 687 525 723 audiendum
560 699 655 730 esse,
692 687 1052 740 vociferantemque,
1092 694 1201 740 prodi
1231 693 1413 741 publicam

296 764 469 794 caussam,
509 751 723 788 submoveri
761 751 979 803 jussissent,
1020 755 1192 792 tribunos
1235 756 1412 807 adpellat.

296 813 471 857 Tribuni,
493 820 536 850 ut
553 814 638 856 fere
651 827 799 864 semper
819 823 1002 865 reguntur
1024 830 1047 853 a
1070 818 1313 855 multitudine
1331 831 1412 856 ma-

295 878 367 926 gis,
389 891 502 927 quam
521 885 670 928 regunt,
692 880 826 916 dedere
845 882 988 931 cupidae
1010 883 1185 918 audiendi
1211 882 1326 932 plebi,
1352 889 1411 928 ut,

295 955 379 992 quae
399 942 523 986 vellet,
541 944 715 992 Scaptius
735 944 887 981 diceret.
927 944 988 981 Ibi
1006 946 1103 989 infit,
1123 947 1270 982 Annum
1286 959 1323 984 se
1342 952 1412 983 ter-

296 1008 385 1042 tium
410 1012 446 1042 et
470 1009 719 1055 octogesimum
737 1021 855 1056 agere,
878 1014 914 1046 et
935 1011 973 1046 in
994 1022 1033 1046 eo
1059 1022 1161 1058 agro,
1182 1011 1226 1047 de
1243 1023 1312 1059 quo
1331 1013 1412 1060 agi-

295 1075 368 1113 tur,
388 1072 570 1114 militasse,
588 1083 659 1107 non
665 1069 845 1117 juvenem,
865 1074 1029 1108 vicesima
1041 1071 1124 1119 jam
1141 1075 1321 1121 stipendia
1337 1086 1411 1111 me-

293 1142 441 1180 rentem,
462 1149 571 1185 quum
590 1138 640 1174 ad
661 1136 819 1173 Coriolos
835 1138 882 1173 sit
900 1137 1081 1173 bellatum.
1128 1138 1186 1174 Eo
1203 1150 1278 1175 rem
1298 1150 1335 1176 se
1352 1151 1411 1176 ve-

295 1206 427 1238 tustate
451 1202 689 1244 obliteratam,
711 1207 863 1237 ceterum
880 1213 952 1237 suae
972 1203 1150 1238 memoriae
1168 1203 1325 1252 irfizam,
1343 1203 1412 1239 ad-

282 1264 412 1313 ferre.-
440 1277 580 1313 agrum,
607 1266 650 1301 de
668 1277 736 1312 quo
761 1264 965 1312 ambigitur,
983 1265 1119 1313 finium
1142 1265 1411 1303 Coriolanorum

281 1329 413 1378 ficisse,
445 1331 625 1378 captisque
655 1329 816 1371 Coriolis,
845 1327 930 1374 jure
959 1329 1040 1365 belli
1071 1330 1254 1377 publicum
1282 1330 1411 1378 populi

291 1394 449 1430 Romani
470 1393 628 1443 factum.
685 1394 820 1429 Mirari
849 1405 897 1436 se,
931 1406 1085 1441 quonam
1115 1406 1212 1430 more
1235 1395 1412 1431 Ardeates

291 1459 511 1506 Aricinique,
535 1457 634 1505 cujus
652 1460 732 1505 agri
751 1457 814 1504 jus
838 1470 1031 1505 numquam
1049 1460 1295 1506 usurpaverint
1313 1461 1409 1496 inco-

289 1523 378 1559 lumi
409 1522 602 1558 Coriolana
630 1535 681 1564 re,
711 1535 791 1558 eum
817 1534 854 1558 se
881 1534 905 1558 a
932 1523 1068 1570 populo
1098 1522 1275 1564 Romano,
1307 1535 1411 1571 quem

285 1600 354 1635 pro
374 1588 516 1623 domino
525 1587 683 1634 judicem
688 1587 861 1636 fecerint,
884 1588 1136 1634 intercepturos
1152 1592 1302 1635 sperent.
1334 1587 1411 1623 Sibi

287 1652 455 1699 exiguum
477 1653 559 1687 vitae
581 1656 717 1699 tempus
733 1662 931 1698 superesse:
958 1662 1029 1686 uon
1050 1652 1206 1698 potuisse
1230 1662 1265 1686 se
1291 1656 1409 1687 tamen

287 1716 453 1751 inducere
472 1716 508 1751 in
526 1717 701 1758 animum,
722 1717 819 1763 quin,
841 1727 943 1763 quem
962 1727 1090 1762 agrum
1107 1716 1207 1751 miles
1222 1727 1289 1764 pro
1304 1720 1410 1763 parte

286 1780 384 1816 virili
408 1792 517 1816 manu
543 1782 699 1828 cepisset,
727 1792 806 1816 eum
831 1791 935 1815 senex
959 1791 1095 1827 quoque
1118 1791 1213 1822 voce,
1242 1793 1313 1827 qua
1337 1792 1409 1816 una

284 1850 412 1892 posset,
443 1846 648 1882 vindicaret.
705 1845 926 1892 Magnopere
953 1856 988 1880 se
1015 1846 1164 1880 suadere
1188 1845 1338 1892 populo,
1365 1855 1408 1879 ne

286 1909 407 1944 inutili
428 1910 568 1955 pudore
584 1921 685 1946 suam
705 1910 780 1956 ipse
797 1920 955 1944 caussam
977 1909 1175 1944 damnaret.

339 1970 514 2007 LXXII.
556 1971 740 2007 Consules
775 1984 888 2020 quum
921 1971 1115 2020 Scaptium
1144 1982 1223 2006 non
1252 1969 1404 2006 silentio

285 2035 414 2078 modo,
437 2035 501 2071 sed
530 2048 615 2072 cum
645 2035 806 2072 adsensu
826 2035 954 2076 etiam,
976 2035 1096 2071 audiri
1116 2034 1404 2071 animadvertis·

284 2105 384 2141 sent,
415 2098 520 2135 Deos
554 2099 803 2147 hominesque
835 2105 1016 2134 testantes
1052 2098 1236 2145 flagitium
1270 2099 1405 2146 ingens

283 2164 379 2206 fieri,
401 2164 556 2200 I'atrurn
578 2163 760 2213 primores
781 2169 995 2198 arcessunt:
1025 2175 1109 2199 cum
1130 2162 1186 2198 his
1208 2163 1405 2200 circumire

282 2227 473 2271 tribunos,
494 2240 617 2270 orare,
646 2228 702 2264 Ne
726 2228 915 2275 pessimum
933 2226 1086 2275 facinus
1110 2225 1230 2274 pejore
1248 2228 1406 2275 exemplo

282 2293 512 2332 admitterent
526 2291 679 2341 judices,
702 2293 738 2328 in
755 2303 857 2329 suam
876 2304 948 2329 rem
974 2292 1071 2328 litem
1097 2292 1276 2335 vertendo,
1298 2304 1404 2340 quum
