1573 2598
503 169 658 199 LIBER
684 168 717 196 1.
751 167 858 197 CAP.
880 165 993 196 XXI.
1252 165 1306 208 33

184 259 235 297 do
264 258 512 301 ceremonias,
543 256 609 293 sed
631 255 741 307 justa
769 266 920 304 quoque
948 251 1123 289 funebria
1155 251 1307 303 placan-
1321 258 1478 299 Prodigio-

182 325 327 374 dosque
362 323 514 366 Manes,
544 328 587 358 ut
624 321 723 357 idem
759 318 942 356 Pontifex
970 317 1168 362 edoceret5
1205 330 1307 366 quae-
1319 312 1522 379 {gg-9¹⁰⁰&

183 401 256 438 que
285 387 472 438 prodigia,
493 384 715 422 fulminibus
737 383 859 420 aliove
879 395 956 432 quo
975 382 1056 419 visu
1075 381 1203 424 missa,
1223 394 1309 417 sus-

183 452 398 502 ciperentur
435 455 547 498 atque
585 454 837 485 curarentur:
886 445 933 482 ad
966 459 1010 482 ea
1038 444 1222 481 elicienda
1258 458 1305 482 ex

182 514 372 552 mentibus
402 513 552 556 divinis,
573 513 662 549 Jovi
684 511 810 548 Elicio
836 524 940 547 aram
966 511 1006 546 in
1024 510 1218 546 Aventino
1247 509 1303 545 dj-

180 580 294 624 cavit,
314 580 514 629 Deumque
538 578 729 616 consuluit
752 577 935 627 augu1·iiS‚
956 589 1039 626 quae
1066 575 1304 626 suscipienda

179 651 320 681 essent.

233 708 350 745 XXI.
375 708 437 744 Ad
454 708 535 744 haec
556 706 807 743 consultanda
824 705 1153 756 procurandaque,
1173 701 1301 740 multi·
1314 710 1473 761 Pop-Ro·-

178 773 310 810 tudine
330 773 433 809 omni
453 785 476 808 a
493 773 530 808 vi
550 778 587 807 et
607 772 719 808 armis
740 784 937 814 conversa,
959 777 997 806 et
1022 770 1137 806 animi
1161 768 1302 818 aliquid
1313 754 1520 838 Ξέῐὲῐῐξζῖῂ

179 838 328 886 agendo
349 837 525 886 occupati
548 843 669 879 erant,
692 842 730 872 et
751 835 923 872 Deorum
952 834 1108 871 adsidua
1135 833 1300 869 insidens
1313 843 1468 882 quinitas.

179 915 282 945 cura,
302 915 418 951 quum
437 902 618 937 interesse
638 900 749 937 rebus
775 900 952 936 humanis
973 899 1127 936 coeleste
1146 898 1301 934 Numen

177 966 380 1009 videretur,
410 979 455 1002 ea
482 966 624 1015 pietate
654 965 824 1001 omnium
852 970 1011 1015 pectora
1038 963 1228 1005 inbuerat,
1259 969 1303 999 ut

179 1030 270 1066 fides
300 1043 342 1066 ac
365 1028 646 1079 jusjurandum,
675 1030 851 1079 proximo
880 1029 1007 1078 legum
1030 1040 1073 1064 ac
1102 1040 1303 1078 poenarum

179 1100 298 1137 metu,
318 1094 510 1129 civitatem
528 1099 726 1141 regerent:
760 1099 797 1128 et
819 1106 933 1141 quum
961 1093 1033 1142 ipsi
1060 1104 1098 1128 se
1126 1092 1301 1128 homines

178 1158 217 1193 in
238 1159 350 1206 regis,
367 1157 470 1193 velut
488 1157 589 1193 unici
610 1156 788 1206 exempli,
808 1170 931 1193 mores
950 1156 1160 1193 formarent
1177 1171 1187 1201 3
1219 1162 1302 1192 tum

178 1221 328 1257 finitimi
358 1222 472 1256 etiam
500 1220 645 1270 populi,
675 1221 738 1269 qui
763 1227 865 1263 ante,
887 1226 1023 1263 castra,
1051 1231 1130 1256 non
1153 1219 1303 1263 urbem,

176 1285 340 1334 positam
364 1285 403 1320 in
427 1284 552 1320 medio
572 1284 619 1319 ad
648 1283 927 1320 sollicitandam
956 1283 1127 1320 omnium
1152 1296 1301 1334 pacem,

177 1348 427 1391 crediderant,
460 1348 500 1383 in
534 1360 617 1384 eam
644 1348 910 1384 verecundiam
941 1347 1092 1384 adducti
1126 1354 1227 1391 sunt,
1258 1355 1300 1384 ut

178 1413 383 1456 civitatem,
417 1418 540 1448 totam
572 1413 611 1448 in
642 1411 784 1449 cultum
820 1425 968 1449 versam
996 1411 1183 1455 Deorum,
1217 1413 1304 1449 vio-

176 1476 245 1523 lari
271 1476 451 1513 ducerent
472 1475 591 1513 nefas.
647 1476 776 1512 Lucus
805 1483 899 1519 erat,
921 1489 1034 1526 quem
1062 1476 1227 1513 medium
1253 1489 1300 1513 ex

177 1553 297 1590 opaco
329 1553 442 1590 specu
468 1540 555 1576 fons
585 1541 743 1590 perenni
772 1540 924 1589 rigabat
952 1553 1075 1589 aqua:
1108 1553 1183 1590 quo
1212 1541 1301 1589 quia

175 1617 215 1640 se
241 1617 408 1654 persaepe
426 1604 556 1640 Numa
576 1605 656 1640 sine
676 1604 842 1647 arbitris,
864 1604 968 1641 velut
989 1605 1036 1641 ad
1055 1618 1301 1654 congressum

175 1667 284 1711 Dete,
305 1668 506 1711 inferebat,
529 1668 707 1704 Camenis
729 1681 814 1704 eum
833 1668 961 1705 lucum
981 1670 1165 1715 sacravit5
1198 1669 1299 1718 quod

177 1745 305 1768 earum
335 1732 390 1768 ibi
416 1732 578 1769 concilia
607 1745 692 1769 cum
722 1731 886 1783 conjuge
915 1746 982 1769 sua
999 1733 1140 1782 Egeria
1162 1741 1299 1771 essent,

174 1797 228 1833 Et
256 1796 327 1833 soli
355 1796 463 1833 Fidei
492 1797 677 1833 sollemne
706 1798 898 1833 instituit:
937 1798 985 1833 ad
1021 1798 1059 1833 id
1095 1798 1299 1835 sacrarium

174 1861 343 1897 flamines
370 1861 483 1911 bigis,
508 1874 622 1898 curru-
647 1868 817 1905 arcuato,
839 1862 925 1897 vehi
950 1861 1081 1911 jussit,
1109 1875 1298 1912 man-uque

175 1925 221 1962 ad
240 1926 380 1974 digitos
402 1938 519 1975 usque
540 1926 714 1962 involuta
740 1939 818 1962 rem
845 1927 1011 1962 divinam
1038 1927 1162 1963 facere
1182 1943 1188 1962 :
1221 1928 1301 1976 sig-

174 1989 371 2026 nificantes
398 1990 509 2026 fidem
535 1990 749 2033 tutandam,
779 1991 978 2040 sedemque
1008 1990 1087 2041 ejus
1116 1992 1229 2027 etiam
1257 1992 1301 2028 in

177 2055 318 2091 dextris
349 2061 535 2092 sacratam
565 2067 658 2091 esse.
714 2054 842 2092 Multa
871 2055 945 2091 ah'a
975 2055 1158 2091 sacrificia
1194 2056 1296 2092 loca·-

175 2131 246 2167 que
275 2120 388 2155 sacris
417 2119 615 2162 faciendis,
643 2131 724 2168 quae
744 2119 892 2167 Argeos
922 2119 1120 2170 pontifices
1142 2127 1300 2164 vocant„

176 2182 372 2224 dedicavit.
429 2183 612 2220 Omnium
639 2192 768 2219 tamen
796 2184 1007 2220 maximum
1028 2183 1110 2234 ejus
1139 2197 1301 2235 operum

175 2245 248 2283 suit
265 2247 398 2290 tutela,
418 2260 486 2298 per
505 2260 617 2284 omne
636 2248 743 2296 regni
768 2253 931 2298 tempus,
952 2248 1054 2284 haud
1078 2249 1204 2285 minor
1229 2262 1296 2299 pa-

176 2310 242 2353 cis,
264 2323 376 2360 quam
394 2312 513 2360 regni.
570 2311 632 2348 Ita
655 2311 730 2347 duo
756 2311 931 2362 deinceps
959 2324 1080 2361 reges,
1101 2312 1195 2349 alius
1223 2312 1301 2349 alirn

699 2375 770 2412 C5
