1573 2598
331 160 419 207 504
781 163 827 192 T.
852 163 990 193 mvn

138 256 181 288 U.
192 257 229 287 C.
245 262 320 289 406.
333 251 492 295 Consul,
512 250 657 288 duabus
676 250 890 301 legionibus
909 252 992 289 urbi
1011 253 1238 303 praepositis,
1254 260 1344 291 octo
1361 267 1448 291 cum

135 300 176 331 A·
190 300 227 332 C·
245 306 377 353 3‘²⁴⁵⁰L.
397 316 554 352 Pinario
580 321 743 366 praetore
761 315 904 360 divisis,
925 329 1070 352 memor
1091 322 1259 366 paternae
1284 318 1446 362 virtutis,

331 380 522 417 Gallicum
539 379 612 416 sibi
631 379 772 417 bellum
788 387 897 416 extra
915 387 1057 417 sortem
1076 381 1213 418 sumit:
1245 388 1446 432 praetorem

330 446 560 482 maritimam
579 457 685 481 oram
711 446 842 489 tutari,
863 445 1096 495 Graecosque
1121 458 1248 482 arcere
1270 445 1446 482 litoribus

321 508 462 560 jussit:
495 516 547 553 et,
568 522 683 558 quum
702 509 741 545 in
762 522 896 559 agrum
913 510 1163 561 Pomptinum
1178 510 1446 553 descendisset,

330 575 438 624 (quia
458 586 580 623 neque
599 574 638 609 in
658 574 799 624 campis
819 574 1001 624 congredi
1019 574 1125 611 nulla
1138 581 1301 624 cogente
1319 587 1360 610 re
1378 586 1447 610 vo-

326 638 445 683 lebat,
466 645 505 675 et
524 638 762 689 prohibendo
790 638 1118 689 populationibus,
1139 652 1233 689 quos
1262 645 1373 690 rapto
1390 639 1448 675 vi-

326 716 415 740 vere
442 703 647 738 necessitas
681 708 849 751 cogeret,
876 704 967 739 satis
994 704 1139 740 domari
1169 703 1347 741 credebat
1375 704 1446 741 ho-

325 768 441 815 stem)
462 767 589 804 locum
609 761 787 803 idoneum
806 768 951 804 stativis
972 767 1124 817 delegit.

379 831 535 870 XXVI.
565 830 644 868 Ubi
663 844 780 880 quum
795 831 1024 877 stationibus
1041 833 1159 882 quieti
1177 838 1325 883 tempus
1347 837 1445 869 tere·

326 901 427 939 rent,
448 894 581 932 Gallus
611 895 810 945 processit,
831 895 1094 943 magnitudine
1113 902 1227 944 atque
1252 897 1365 932 armis
1385 897 1444 932 in-

327 960 467 1010 signis:
499 960 749 1010 quatiensque
778 966 927 996 scutum
955 960 1079 1004 hasta,
1107 973 1224 1010 quum
1251 959 1444 997 silentium

327 1025 495 1068 fecisset,
511 1029 695 1076 provocat
709 1037 776 1075 per
788 1025 1034 1076 interpretem
1049 1038 1164 1062 unum
1180 1038 1227 1061 ex
1241 1024 1444 1069 Romanis,

112 1083 161 1116 Μ·
178 1084 293 1115 Valerii
329 1090 394 1139 qui
423 1101 550 1126 secum
569 1089 670 1125 ferro
690 1089 879 1126 decernat.
935 1088 993 1126 M.
1023 1096 1104 1126 erat
1122 1089 1294 1126 Valerius
1321 1088 1443 1126 tribu-

109 1129 302 1210 ζῑέἒῖυὲἰὲο
329 1167 400 1191 nus
428 1153 606 1197 militum,
637 1153 872 1197 adolescens,
895 1155 960 1204 qui
987 1154 1090 1191 haud
1117 1154 1370 1204 indigniorem
1398 1165 1444 1189 eo

106 1222 283 1247 certamen.
329 1220 465 1256 decore
484 1232 538 1262 se,
554 1231 668 1268 quam
686 1218 731 1256 T.
751 1218 955 1263 Manlium,
976 1224 1094 1262 ratus,
1110 1219 1212 1270 prius
1229 1219 1440 1256 sciscitatus

324 1283 490 1321 consulis
519 1282 769 1326 voluntatem,
790 1283 829 1318 in
858 1283 1024 1320 medium
1049 1290 1213 1320 armatus
1244 1282 1441 1333 processit.

321 1348 454 1385 Minus
474 1348 622 1397 insigne
641 1353 832 1383 certamen
856 1347 1065 1384 humanum
1090 1348 1246 1384 numine
1269 1347 1437 1397 interpo-

322 1415 398 1450 sito
417 1413 589 1449 Deorum
616 1411 782 1448 factum:
814 1424 979 1461 namque
1007 1411 1223 1449 conserenti
1246 1409 1330 1462 jam
1357 1423 1438 1447 ma·

101 1480 237 1513 Corvus.
322 1491 414 1514 num
438 1477 618 1514 Romano
648 1489 781 1513 corvus
810 1483 965 1528 repente
993 1478 1033 1514 in
1057 1477 1167 1526 galea
1195 1475 1379 1518 consedit,
1399 1475 1439 1511 in

320 1542 471 1579 hostem
489 1554 616 1577 versus
632 1557 640 1577 :
673 1541 774 1590 quod
792 1542 930 1592 primo,
947 1548 989 1578 ut
1009 1542 1208 1590 augurium
1228 1539 1327 1577 coelo
1345 1539 1435 1576 mis-

320 1620 417 1650 sum,
454 1605 561 1642 laetus
599 1606 746 1656 accepit
777 1606 975 1642 tribunus:
1009 1612 1183 1656 precatus
1214 1604 1363 1646 deinde,
1393 1603 1437 1640 Si

320 1672 435 1713 divus,
454 1672 485 1706 si
504 1671 588 1706 diva
615 1675 715 1714 esset,
736 1671 799 1718 qui
825 1670 889 1706 sibi
912 1674 1105 1718 praepetem
1132 1671 1294 1713 misisset,
1322 1669 1439 1705 volens

316 1737 495 1785 propitius
513 1737 659 1772 adesset.
714 1733 835 1771 Dictu
853 1734 1040 1779 mirabile,
1061 1734 1186 1770 tenuit
1204 1745 1283 1770 non
1312 1731 1435 1769 solum

320 1801 396 1838 ales
414 1808 564 1852 captam
583 1799 698 1838 semel
717 1800 857 1844 sedem,
879 1801 958 1844 sed,
979 1801 1292 1851 quotiescumque
1312 1806 1433 1837 certa-

316 1878 405 1903 ·men
432 1867 570 1902 initum
599 1872 670 1909 est,
690 1865 819 1902 levans
843 1878 883 1902 se
911 1865 994 1909 alis,
1015 1878 1058 1902 os
1078 1864 1284 1914 oculosque
1312 1863 1434 1900 hostis

316 1936 442 1967 rostro
462 1935 500 1966 et
519 1930 709 1978 unguibus
730 1929 912 1980 adpetiit:
941 1929 1061 1967 donec
1079 1929 1254 1966 territum
1272 1927 1436 1979 prodigii

313 1992 401 2029 talis
427 1993 523 2036 visu,
545 1992 738 2042 oculisque
767 1992 879 2029 simul
899 2006 943 2029 ac
971 2000 1100 2030 mente
1127 1991 1337 2034 turbatum,
1357 1990 1433 2027 Va-

315 2056 428 2093 lerius
448 2056 653 2093 obtruncat
668 2071 675 2093 :
698 2069 832 2093 corvus
848 2070 868 2093 e
888 2064 1097 2108 conspectu
1111 2055 1231 2093 elatus
1248 2055 1434 2092 orientem

315 2121 424 2172 petit.
480 2120 677 2157 Hactenus
705 2121 843 2170 quietae
874 2121 1062 2170 utrimque
1090 2120 1274 2156 stationes
1303 2117 1430 2155 fuere:

317 2191 519 2235 postquam
536 2184 698 2236 spoliare
717 2196 853 2234 corpus
870 2185 956 2221 caesi
971 2184 1092 2221 hostis
1108 2183 1282 2220 tribunus
1299 2183 1430 2234 coepit,

316 2261 386 2285 nec
406 2248 507 2285 Galli
527 2261 567 2285 se
586 2249 752 2286 statione
767 2255 986 2293 tenuerunt,
1004 2256 1043 2287 et
1061 2248 1325 2286 Romanorum
1344 2259 1429 2284 cur-

316 2325 379 2349 sus
400 2313 448 2349 ad
462 2313 645 2350 victorem
661 2314 776 2350 etiam
795 2313 901 2350 ocior
915 2313 1000 2351 fuit.
1057 2313 1132 2357 lbi,
1153 2313 1253 2350 circa
1264 2310 1429 2362 jacentis

1518 1211 1544 1510 „noma-‹wu-
1519 1023 1544 1196 *msa—,102
1528 938 1534 974 2>
