1573 2598
140 316 183 346 U.
196 316 233 346 C.
250 320 324 347 364.

138 360 181 391 Δ.
196 360 232 390 C.
250 365 325 390 388.

331 211 417 267 382
785 222 831 251 Τ.
855 223 988 252 Lr-vn

336 324 415 349 rem
439 312 477 349 in
498 310 650 348 Italiam
669 310 767 348 viam
788 310 856 347 Dii
883 310 1036 348 dabant.
1095 310 1147 354 Is,
1172 310 1273 360 quod
1297 310 1376 362 ejus
1400 323 1447 348 ex

336 376 485 427 populis
523 374 754 418 abundabat,
784 375 992 423 Bituriges,
1022 375 1228 418 Arvernos,
1259 375 1443 418 Senones,

333 440 498 483 AEduos,
512 439 734 482 Ambarros,
749 439 949 479 Carnutes,
963 438 1162 481 Aulercos,
1179 439 1329 474 excivit.
1350 438 1445 474 Pro-

332 503 453 540 fectus
473 502 691 552 ingentibus
711 503 880 551 peditum
900 502 1143 551 equitumque
1158 502 1292 551 copiis,
1309 502 1348 538 in
1359 501 1446 537 Tri-

334 568 499 603 castinos
529 567 644 602 venit.
700 566 815 616 Alpes
846 566 933 602 inde
962 565 1150 615 obpositae
1179 572 1287 601 erant
1303 581 1313 611 5
1354 577 1446 615 quas

333 630 654 681 inexsuperabiles
694 631 788 666 visas
828 630 930 666 haud
966 630 1139 678 equidem
1176 630 1305 672 miror,
1343 628 1448 666 nulla

334 695 423 731 dum
442 696 504 731 via
527 695 647 744 (quod
675 694 826 744 quidem
852 695 1050 730 continens
1078 695 1260 729 memoria
1285 694 1347 736 sit,
1373 693 1448 729 nisi

333 759 380 794 de
412 758 579 795 Hercule
616 758 752 794 fabulis
790 757 940 793 credere
976 756 1087 802 libet)
1123 762 1329 806 superatas.
1386 756 1447 792 Ibi

333 834 450 871 quum
469 821 571 858 velut
590 828 717 871 septos
737 821 924 857 montium
952 819 1114 855 altitudo
1133 825 1280 855 teneret
1299 819 1446 863 Gallos,

334 886 780 934 circumspectarentque,
801 896 964 932 quanam
989 895 1055 932 per
1075 881 1214 932 juncta
1235 882 1333 919 coelo
1349 882 1447 933 juga

333 949 372 985 in
403 948 518 984 alium
547 948 677 983 orbem
706 954 892 982 terrarum
921 946 1140 988 transirent,
1170 945 1304 995 religio
1333 948 1448 984 etiam

333 1012 471 1054 tenuit,
492 1011 593 1059 quod
616 1010 780 1047 adlatum
807 1016 878 1052 est,
899 1009 1061 1045 advenas
1083 1015 1291 1057 quaerentes
1314 1022 1448 1058 agrum

333 1074 380 1111 ab
402 1074 555 1123 Salyum
575 1080 688 1122 gente
707 1073 935 1123 obpugnari.
955 1060 960 1065 ,
989 1072 1249 1109 Massilienses
1266 1081 1373 1109 erant
1391 1073 1446 1117 hi,

333 1138 492 1175 navibus
516 1151 537 1174 a
559 1138 724 1174 Phocaea
752 1137 928 1188 profecti.
984 1136 1030 1172 Id
1050 1135 1151 1172 Galli
1179 1136 1343 1173 fortunae
1371 1149 1448 1174 suae

334 1215 448 1238 omen
480 1202 553 1238 rati
586 1200 776 1251 adjuvere,
806 1207 862 1243 ut,
898 1213 1010 1249 quem
1041 1201 1205 1250 primum
1236 1201 1276 1236 in
1308 1206 1448 1238 terram

334 1266 476 1315 egressi
498 1272 790 1316 occupaverant,
817 1265 943 1302 locum
971 1264 1188 1315 patentibus
1218 1264 1319 1300 silvis
1342 1277 1447 1301 com-

333 1331 548 1367 munirent:
581 1331 652 1380 ipsi
678 1342 745 1380 per
762 1329 952 1366 Taurinos
976 1329 1167 1378 saltusque
1190 1329 1310 1364 invios
1329 1328 1446 1379 Alpes

333 1395 674 1431 transcenderunt:
714 1394 883 1443 fusisque
912 1394 992 1430 acie
1019 1393 1154 1430 Tuscis
1182 1393 1284 1429 haud
1315 1392 1449 1443 procul

334 1457 474 1494 Ticino
499 1458 667 1500 flumine,
695 1470 824 1506 quum,
855 1457 893 1493 in
924 1469 1000 1507 quo
1027 1456 1290 1499 consederant,
1314 1468 1447 1505 agrum

337 1520 555 1558 Insubrium
586 1522 765 1571 adpellari
794 1522 1000 1565 audissent,
1025 1521 1254 1570 cognomine
1276 1520 1448 1557 Insubri-

336 1583 407 1620 bus
428 1597 528 1634 pago
543 1585 776 1621 AEduorum:
810 1584 878 1628 ibi,
898 1597 1010 1621 omen
1029 1590 1228 1633 sequentes
1247 1584 1336 1628 loci,
1356 1597 1450 1621 con-

338 1648 465 1684 didere
484 1648 638 1685 urbem:
670 1648 934 1685 Mediolanum
953 1647 1201 1698 adpellarunt.

389 1711 564 1748 XXXV.
593 1711 682 1748 Alia
700 1711 858 1748 subinde
877 1724 1009 1748 manus
1026 1711 1348 1754 Cenomanorum,
1366 1710 1450 1748 Eli-

335 1775 442 1811 tovio
462 1775 556 1811 duce
575 1776 736 1824 vestigia
754 1776 923 1825 priorum
942 1782 1085 1818 secuta,
1107 1775 1240 1812 eodem
1259 1774 1370 1819 saltu,
1390 1775 1448 1812 fa-

335 1846 448 1875 vente
482 1839 698 1883 Belloveso,
736 1853 852 1889 quum
887 1841 1182 1876 transcendisset
1214 1839 1345 1890 AlpeS,
1384 1839 1449 1876 ubi

336 1915 438 1939 nunc
461 1903 593 1939 Brixia
616 1916 659 1939 ac
686 1903 841 1940 Verona
869 1904 980 1939 urbes
1010 1910 1112 1947 sunt,
1144 1902 1265 1950 (locos
1294 1909 1449 1939 tenuere

336 1966 471 2014 Libui)
508 1967 733 2003 considunt:
765 1975 853 2017 post
888 1968 958 2004 hos
997 1967 1166 2010 Salluvii,
1196 1978 1314 2016 prope
1348 1967 1448 2002 auti-

336 2042 449 2078 quam
479 2037 631 2077 gentem
660 2030 794 2067 Laevos
817 2030 994 2079 Ligures,
1025 2029 1232 2066 incolentes
1263 2030 1362 2065 circa
1380 2030 1448 2066 Ti-

336 2093 463 2129 cinum
499 2106 660 2130 amnem.
716 2094 864 2130 Penino
897 2095 1031 2130 deinde
1059 2095 1147 2130 Boii
1176 2093 1448 2143 Lingonesque

336 2158 575 2206 transgressi,
614 2170 727 2206 quum
758 2156 841 2207 jam
878 2159 976 2194 inter
1007 2158 1153 2194 Padum
1185 2166 1297 2206 atque
1330 2158 1446 2208 Alpes

336 2222 465 2257 omnia
484 2228 716 2265 tenerentur,
734 2221 838 2258 Pado
859 2222 1002 2258 ratibus
1022 2221 1198 2272 trajecto,
1219 2235 1297 2258 non
1312 2222 1447 2259 Etrus-

335 2295 400 2319 cos
429 2285 558 2328 modo,
583 2285 646 2321 sed
675 2286 788 2321 etiam
815 2285 994 2329 Umbros,
1025 2298 1118 2334 agro
1147 2285 1314 2336 pellunt:
1346 2287 1473 2323 intra.

333 2348 578 2398 Apenninum
598 2355 725 2386 tamen
744 2362 827 2390 sese
843 2357 1010 2388 tenuere.
1063 2351 1163 2387 Tum
1183 2351 1365 2395 Senones,
1386 2363 1446 2387 re·
