1573 2598
351 194 432 235 140
801 197 847 225 τ.
869 197 1002 226 L1v11

345 282 394 320 L.
416 281 609 319 Valerium
637 282 809 319 consules
838 283 953 320 dedit.
1009 283 1206 319 Certatum
1235 296 1280 321 eo
1309 297 1458 336 quoque

347 358 449 382 anno
468 358 553 381 cum
571 345 732 382 tribunis
752 353 809 382 est
826 361 833 382 :
866 360 962 383 vana
980 346 1237 395 lex‚.vanique
1255 347 1348 397 legis
1368 362 1458 386 auc-

326 416 464 453 ‚tores‚
476 409 661 460 jactando
682 410 829 446 irritum
854 423 1003 453 munus,
1024 411 1127 446 facti.
1183 410 1344 448 Fabium
1371 413 1464 449 inde⁴

347 486 488 510 nomen
518 474 650 522 ingens
679 481 766 524 post
788 480 864 510 tres
888 475 1089 511 continuos
1110 474 1342 519 consulatus,
1363 489 1459 512 uno-

347 551 419 588 que
445 539 548 574 velut
575 545 708 575 tenore
736 552 866 576 omnes
897 547 1071 590 expertos
1101 540 1312 577 tribuniciis
1341 548 1463 578 certa-

347 602 527 646 minibus,
548 603 747 639 habitum:
782 605 924 652 itaque,
947 611 989 641 ut
1013 605 1110 641 bene
1138 604 1298 648 locatus,
1324 606 1464 642 mansit

350 667 390 702 in
409 679 454 703 ea
471 667 616 703 familia
640 667 870 716 aliquamdiu
897 669 1033 705 honos.
1089 669 1238 705 Bellum
1266 669 1355 705 inde
1373 669 1466 706 Vei·

352 742 418 766 ens
441 730 579 767 initum
594 747 605 776 3
638 738 676 766 et
694 730 825 767 Volsci
844 731 1074 768 rebellarunt
1091 746 1098 767 ε
1131 733 1196 768 sed
1215 733 1261 768 ad
1280 731 1380 769 bella
1397 745 1468 769 ex·

351 799 461 830 tema
496 807 614 844 prope
649 802 870 844 supererant
901 796 1022 831 vires:
1063 795 1390 844 abutebanturque
1419 796 1466 832 iia

350 858 451 894 inter
474 860 696 909 semetipsos
715 859 907 896 certando.
962 860 1165 895 Accessere
1185 859 1232 895 ad
1251 872 1368 908 aegras
1380 859 1465 910 jam

351 924 522 960 omnium
549 931 694 960 mentes
723 924 897 973 prodigia
921 923 1104 967 coelestia,
1131 936 1249 973 prope
1275 922 1472 972 quotidia-·

351 998 420 1022 nas
440 987 480 1022 in
499 986 593 1022 urbe
612 987 787 1035 agrisque
807 987 1041 1022 ostentantia
1058 987 1197 1022 minas:
1223 987 1392 1035 motique
1410 987 1475 1023 ira

351 1050 518 1085 numinis
540 1063 711 1086 caussam
730 1049 875 1085 nullam
892 1049 1004 1085 aliam
1024 1056 1128 1085 vates
1149 1049 1350 1092 canebant,
1369 1049 1469 1100 pub·

348 1112 422 1150 lice
449 1114 715 1163 privatimque,
745 1126 847 1150 nunc
876 1114 987 1157 extis,
1017 1125 1118 1149 nunc
1150 1126 1216 1163 per
1244 1125 1345 1157 aves,
1375 1125 1472 1150 con-

350 1177 454 1221 sulti,
482 1191 595 1227 quam
622 1179 725 1215 haud
752 1179 824 1215 rite
853 1190 959 1214 sacra
986 1178 1092 1214 fieri:
1125 1178 1190 1227 qui
1217 1184 1379 1214 terrores
1407 1185 1473 1214 ta·—

348 1254 437 1278 men
466 1255 511 1279 eo
537 1256 702 1286 evasere,
730 1250 773 1279 ut
798 1242 939 1295 Oppia,
956 1243 1065 1291 virgo
1083 1242 1262 1286 Vestalis,
1289 1241 1471 1279 damnata

349 1306 485 1342 incesti
504 1319 637 1355 poenas
657 1307 815 1342 dederit.

404 1368 558 1405 XLIII.
589 1369 638 1406 Q.
657 1369 797 1404 Fabius
824 1369 911 1404 inde
931 1375 969 1404 et
989 1369 1032 1405 C.
1051 1368 1174 1404 Julius
1196 1368 1367 1405 consules
1387 1367 1473 1405 fac·

311 1430 320 1441 '
349 1432 392 1468 ti.
448 1431 512 1468 Eo
528 1444 630 1467 anno
648 1444 726 1468 non
754 1433 907 1480 segnior
925 1432 1114 1470 discordia
1131 1433 1249 1476 domi,
1269 1439 1308 1470 et
1325 1432 1474 1470 bellum

349 1494 442 1532 foris
463 1495 627 1531 atrocius
647 1494 732 1531 fuit.
788 1495 850 1532 Ab
869 1495 1008 1545 AEquis
1028 1510 1133 1533 arma
1151 1503 1287 1533 sumta.
1326 1495 1474 1533 Veien-

350 1566 408 1596 tes
427 1572 560 1609 agrum
579 1572 729 1608 quoque
747 1559 1011 1612 Romanorum
1031 1559 1256 1611 populantes
1274 1560 1464 1597 inierunt:

275 1634 290 1649 *r
318 1651 325 1658 .
352 1637 512 1673 quorum
537 1623 726 1660 bellorum
751 1631 943 1660 crescente
971 1637 1075 1669 cura,
1104 1625 1156 1661 K.
1177 1625 1317 1661 Fabius
1344 1630 1383 1660 et
1401 1624 1468 1675 Sp.

351 1688 487 1726 Furius
517 1688 690 1725 consules
720 1688 828 1725 fiunt.
884 1688 1088 1732 Ortonam,
1111 1688 1291 1725 Latinam
1320 1688 1466 1731 urbem,

351 1752 473 1802 AEqui
500 1752 788 1803 obpugnabant.
843 1752 1037 1796 Veientes,
1068 1752 1170 1802 pleni
1191 1751 1274 1801 jam
1308 1750 1469 1802 popula-

351 1818 515 1861 tionum,
541 1817 708 1853 Romam
737 1817 858 1867 ipsam
889 1829 929 1852 se
954 1816 1241 1866 obpugnaturos
1268 1815 1467 1852 minaban-

351 1887 425 1918 tur.
481 1881 559 1920 Qui
581 1887 759 1923 terrores,
780 1893 896 1929 quum
915 1892 1153 1930 compescere
1175 1879 1369 1922 deberent,
1399 1891 1468 1915 au-

351 1958 441 1982 xere
478 1945 632 1993 insuper
659 1944 806 1980 animos
842 1943 989 1993 plebis:
1029 1943 1250 1991 redibatque
1285 1955 1365 1978 non
1400 1954 1469 1978 sua

353 2015 490 2059 sponte
515 2008 614 2058 plebi
636 2020 717 2043 mos
737 2007 971 2043 detrectandi
990 2007 1165 2043 militiam
1182 2021 1189 2041 z
1222 2007 1288 2043 sed
1316 2006 1379 2056 Sp.
1398 2005 1467 2042 Li-

353 2073 474 2108 cinius
491 2072 665 2108 tribunus
685 2070 819 2121 plebis,
838 2071 985 2106 venisse
1003 2076 1151 2118 tempus
1171 2075 1273 2106 ratus
1294 2081 1360 2119 per
1380 2069 1469 2106 ulti-

353 2149 454 2173 mam
473 2136 736 2171 necessitatem
762 2134 855 2183 legis
883 2134 1039 2183 agrariae
1060 2132 1236 2169 Patribus
1263 2131 1467 2183 injungen-

353 2200 424 2243 dae,
455 2206 670 2250 susceperat
706 2212 785 2236 rem
821 2198 1024 2234 militarem
1059 2197 1336 2247 inpediendam.
1394 2197 1467 2234 Ce-

354 2273 477 2301 terum
513 2271 596 2301 tota
629 2264 772 2300 invidia
806 2263 1018 2300 tribuniciae
1054 2263 1255 2313 potestatis
1284 2275 1392 2299 versa
1427 2263 1469 2298 in

355 2336 548 2367 auctorem
577 2336 659 2367 est:
691 2341 761 2366 nec
791 2329 831 2365 in
863 2340 948 2365 eum
981 2326 1154 2364 consules
1188 2327 1324 2371 acrius,
1355 2339 1468 2377 quam
