1573 2598
114 1223 156 1253 U.
173 1223 210 1254 C.
227 1230 302 1255 318.

111 1267 152 1298 A.
168 1266 205 1297 C.
218 1273 292 1299 434.

109 1664 255 1695 Dictator

111 1707 216 1737 Mam.

112 1749 277 1781 AEmilius.

325 162 407 208 282
482 171 486 178 '
776 172 821 201 Τ.
844 171 977 200 mvn

317 263 581 316 jactu-vooe'm
609 258 691 310 ejus
718 259 950 307 ambiguam,
980 263 1023 293 ut
1051 256 1172 303 occidi
1193 255 1353 306 jussisse
1374 257 1430 293 vi-

325 329 489 370 deretur,
512 325 560 362 ab
586 323 832 361 Fidenatibus
861 327 1073 371 exceptam,
1100 333 1270 357 caussam
1298 322 1430 358 mortis

323 391 457 439 legatis
485 389 615 426 fuisse.
670 386 769 423 Rem
798 384 1059 421 incredibilem
1075 399 1086 429 3
1125 385 1340 420 interventu
1367 384 1431 420 Fi·

324 453 530 494 denatium‚
551 461 737 486 novorum
756 449 960 490 sociorum,
982 447 1262 483 consulentium
1289 446 1335 483 de
1359 459 1432 483 cae-

326 517 372 554 de
391 522 549 566 ruptura
560 515 625 564 jus
645 513 830 562 gentium,
851 525 927 548 non
948 524 1121 548 aversum
1146 510 1193 547 ab
1221 511 1434 547 intentione

326 580 429 617 lusus
449 580 640 616 animum:
670 589 741 613 nec
766 577 900 613 deinde
925 577 963 611 in
993 576 1190 612 horrorem
1208 586 1356 611 versum
1376 573 1433 610 fa-

327 644 434 679 cinus
454 657 463 678 :
494 642 648 692 propius
669 647 726 677 est
744 640 867 682 fidem,
888 639 1076 687 obstringi
1098 637 1338 674 Fidenatium
1365 650 1436 687 po-

326 707 472 757 pulum,
498 719 548 742 ne
575 705 760 758 respicere
788 717 894 754 spem
920 703 1037 740 ullam
1061 703 1109 740 ab
1131 701 1318 739 Romanis
1346 713 1437 751 pos·

326 777 399 814 set,
419 769 655 807 conscientia
673 769 768 805 tanti
790 768 939 805 sceleris
954 768 1129 805 voluisse.
1185 766 1435 815 Legatorum‚

326 836 391 885 qui
416 835 569 872 Fidenis
599 835 685 870 caesi
715 840 835 876 erant,
863 838 997 869 statuae
1034 832 1184 882 publice
1211 832 1252 867 in
1284 830 1436 867 Rostris

327 900 464 949 positae
482 903 582 934 sunt.
631 898 728 933 Cum
742 896 967 933 Veientibus
986 895 1321 944 Fidenatibusque,
1340 907 1438 945 prae·

327 968 501 1011 terquam
529 961 699 996 finitimis
729 960 893 1010 populiS,
915 959 961 996 ab
987 971 1120 995 caussa
1137 959 1251 994 etiam
1270 965 1350 994 tam
1370 971 1438 995 ne-

326 1025 443 1061 fanda
460 1023 603 1061 bellum
622 1024 782 1066 exorsis,
803 1029 915 1059 atrox
935 1022 1129 1058 dimicatio
1147 1021 1328 1058 instabat.
1357 1021 1438 1058 Ita-

327 1101 400 1139 que
419 1089 465 1124 ad
492 1100 621 1124 curam
639 1099 793 1123 summae
816 1099 954 1129 rerum,
975 1087 1104 1135 quieta
1126 1085 1236 1135 plebe
1256 1085 1439 1121 tribunis·

328 1165 401 1201 que
419 1151 514 1202 ejuS,
531 1150 627 1186 nihil
647 1151 913 1186 controversiae
931 1149 1018 1193 fuit,
1035 1150 1126 1198 quin
1145 1148 1318 1184 consules
1334 1161 1439 1185 crea-

328 1222 459 1252 rentur
485 1215 542 1251 M.
563 1214 758 1262 Geganius
786 1213 1005 1250 Macerinus
1034 1214 1189 1249 tertium
1218 1219 1257 1248 et
1283 1212 1330 1249 L.
1351 1213 1438 1249 Ser-

329 1280 413 1328 gius
445 1279 606 1315 Fidenas
620 1295 630 1324 3
664 1291 687 1314 a
716 1278 819 1314 bello
852 1277 979 1320 credo,
1006 1277 1109 1326 quod
1134 1277 1268 1313 deinde
1305 1278 1437 1326 gessit,

329 1343 574 1394 adpellatum.
631 1342 709 1379 Hic
745 1343 846 1378 enim
882 1342 1024 1391 primus
1054 1341 1107 1376 cis
1136 1341 1325 1377 Anienem
1353 1354 1439 1378 cum

325 1419 415 1455 rege
443 1406 662 1442 Veientium
699 1406 865 1442 secundo
877 1405 1034 1456 qiroelio
1064 1405 1250 1448 conflixit,
1280 1417 1350 1441 nec
1378 1406 1437 1442 in-

326 1476 522 1506 cruentam
541 1470 741 1505 victoriam
768 1468 910 1505 retulit.
965 1468 1096 1518 Major
1124 1469 1252 1517 itaque
1274 1481 1320 1505 ex
1346 1469 1438 1505 civi-

325 1533 396 1570 bus
416 1534 562 1570 amissis
583 1532 704 1576 dolor,
725 1545 838 1581 quam
867 1532 1001 1568 laetitia
1026 1532 1119 1568 fusis
1145 1532 1318 1568 hostibus
1337 1533 1434 1569 fuit:

327 1603 364 1633 et
397 1604 564 1639 senatus,
594 1603 637 1632 ut
673 1598 713 1632 in
748 1596 904 1646 trepidis
942 1596 1068 1638 rebus,
1105 1596 1328 1632 dictatorem
1364 1597 1439 1634 dici

324 1659 446 1697 Mam.
465 1660 666 1696 AEmilium
690 1658 819 1708 jussit.
875 1659 914 1695 Is
944 1660 1167 1707 magistrum
1197 1660 1366 1707 equitum
1391 1673 1438 1698 ex

326 1723 490 1771 collegio
526 1723 662 1774 prioris
698 1723 803 1764 anni,
837 1735 913 1771 quo
950 1721 1062 1758 simul
1097 1722 1240 1758 tribuni
1273 1723 1437 1760 militum

326 1786 515 1823 consulari
545 1793 736 1836 potestate
763 1786 928 1829 fuerant,
957 1786 1004 1822 L.
1028 1787 1251 1825 Quinctium
1281 1787 1436 1823 Cincin-

324 1856 471 1892 natum,
492 1849 648 1898 dignum
673 1856 831 1898 parente
847 1849 1042 1899 juvenem,
1066 1850 1172 1885 dixit.
1227 1851 1288 1886 Ad
1313 1850 1436 1886 delec-

323 1920 406 1948 tum
426 1926 448 1948 a
474 1912 693 1949 consulibus
721 1912 894 1948 habitum
921 1914 1163 1949 centuriones
1183 1920 1326 1949 veteres
1345 1913 1436 1950 belli

324 1977 434 2026 periti
459 1975 611 2026 adjecti,
632 1983 670 2011 et
693 1988 870 2012 numerus
897 1977 1120 2012 amissorum
1142 1977 1317 2026 proxima
1338 1989 1434 2027 pug-

324 2052 374 2076 na
393 2039 576 2090 expletus.
610 2040 778 2088 Legatos
799 2040 1020 2078 Quinctium
1042 2040 1302 2089 Capitolinum
1321 2048 1359 2076 et
1377 2041 1435 2078 M.

326 2102 486 2138 Fabium
505 2102 737 2138 Vibulanum
756 2103 862 2151 sequi
881 2115 921 2138 se
940 2103 1103 2138 dictator
1120 2103 1249 2152 jussit.
1306 2104 1434 2143 Quum

327 2172 495 2216 potestas
525 2166 659 2216 major,
687 2172 768 2201 tum
791 2167 846 2201 vir
869 2179 1018 2214 qnoque
1047 2167 1229 2215 potestati
1258 2180 1339 2216 par,
1363 2167 1432 2203 ho-

326 2237 401 2265 stes
436 2242 482 2265 ex
515 2242 607 2278 agro
632 2229 811 2266 Romano
845 2238 948 2266 trans
979 2231 1168 2267 Anienem
1196 2232 1431 2273 submovere,

325 2291 516 2342 collesque
537 2293 634 2330 inter
652 2291 811 2330 Fidenas
833 2300 945 2342 atque
959 2294 1148 2331 Anienem
1167 2302 1360 2345 ceperunt.
1376 2308 1435 2332 re·
