1573 2598
407 197 561 227 unna
587 196 707 226 v111.
740 197 847 226 cAP.
872 197 943 226 xx.
1149 196 1232 242 545

114 292 267 335 repente
294 287 413 322 aciem
443 293 708 336 exsurgentem
737 293 888 323 auctam
917 299 1076 322 numero
1097 300 1227 324 cerne·
1243 291 1333 322 U.C.
1350 299 1426 323 415-

114 349 220 386 bant.
250 349 521 388 Scribebantm·
536 359 663 387 autem
679 358 841 400 quatuor
861 351 938 387 fere
959 350 1128 399 legiones
1146 353 1228 400 qui·
1241 335 1281 365 A·
1294 335 1330 365 C·
1347 341 1424 371 ³3⁷·

114 414 172 449 nis
193 413 358 450 millibus
382 415 566 464 peditum,
588 415 777 463 equitibus
804 414 844 450 in
865 414 1031 463 singulas
1059 414 1228 463 legiones

111 479 272 514 trecenis
289 494 296 514 z
330 478 490 514 alterum
508 485 657 515 tantum
677 491 723 515 ex
742 478 885 515 Latino
905 479 1055 514 delectu
1074 478 1228 529 adjicie-
1245 482 1310 512 Qui
1329 492 1447 530 riu-me-

110 538 238 584 batur,
258 541 323 591 qui
343 555 388 578 ea
413 548 639 592 tempestate
656 542 786 578 hostes
814 549 922 579 erant
940 541 1141 586 Romanis,
1164 555 1228 579 eo-
1242 535 1438 598 ζὲῗηςξὲιὲἑ-

111 604 271 654 demque
290 607 423 642 ordine
442 607 701 643 instruxerant
720 608 839 643 aciem
855 621 863 642 :
895 619 966 643 nec
985 606 1123 643 vexilla
1144 620 1228 643 cum
1240 611 1402 642 ercinbus.

110 668 257 705 vexiilis
281 676 444 714 tantum,
467 672 631 708 universi
654 671 795 708 hastati
816 684 901 707 cum
927 671 1102 714 hastatis,
1123 672 1228 721 prin-

110 735 211 785 cipes
246 748 332 772 cum
361 737 620 787 principibu55
657 737 723 773 sed
752 737 926 773 centurio
960 749 1110 786 quoque
1144 749 1231 773 cum

109 799 346 843 centurione,
377 801 409 836 si
438 800 588 837 ordines
619 799 763 836 turbati
791 812 871 836 non
902 806 1041 844 essent,
1069 812 1230 836 concur-

107 861 267 899 rendum
285 863 358 900 sibi
378 875 459 901 esse
478 863 661 901 sciebant.
690 863 782 900 Duo
802 863 983 913 primipili
1003 876 1049 899 ex
1070 869 1229 912 utraque

109 926 190 962 acie
215 927 316 963 inter
345 927 495 963 triarios
527 934 659 964 erant:
691 927 892 964 Romanus
924 939 1083 977 corpore
1105 927 1227 964 haud-

108 1003 299 1039 quaquam
326 992 416 1028 satis
442 991 603 1035 validus,
640 998 810 1028 ceterum
835 998 1012 1028 strenuus
1044 991 1101 1027 vir
1125 993 1226 1041 peri-

108 1059 247 1104 tusque
267 1053 437 1091 militiae:
468 1054 631 1091 Latinus
658 1056 800 1092 viribus
827 1056 960 1105 ingens
986 1054 1226 1105 bellatorque

106 1117 276 1168 primus-3
298 1118 488 1155 not-issimi
503 1119 602 1155 inter
613 1132 667 1163 se,
684 1120 775 1169 quia
787 1132 896 1170 pares
912 1131 1058 1169 semper
1073 1119 1225 1155 ordines

108 1181 306 1220 duxerant.
346 1182 540 1227 Romano,
567 1184 669 1220 haud
697 1184 789 1220 satis
809 1183 941 1221 fidenti
969 1183 1127 1226 viribus,
1140 1182 1226 1234 jam

106 1244 245 1288 Romae
273 1248 498 1298 permissum
517 1255 598 1285 erat
625 1248 672 1285 ab
692 1249 927 1293 consulibus,
948 1256 992 1285 ut
1019 1248 1225 1291 subcentu-

105 1311 253 1353 itionem
272 1312 360 1359 sibi,
380 1326 493 1365 quem
520 1314 647 1359 vellet,
667 1313 824 1365 legeret,
845 1315 911 1364 qui
931 1319 1120 1351 tutaretur
1139 1325 1227 1350 eum

105 1376 154 1416 ab
174 1390 252 1416 uno
271 1379 462 1416 destinato
481 1380 614 1416 hoste:
647 1380 752 1430 isque
764 1377 933 1431 juvenis,
953 1379 992 1414 in
1016 1378 1096 1415 acie
1115 1377 1225 1414 obla-

107 1449 184 1487 tus,
201 1455 249 1479 ex
264 1443 486 1480 centurione
500 1443 645 1481 Latino
663 1444 863 1480 victoriam·
874 1442 974 1480 tulit.
1004 1442 1223 1491 Pugnatum
1237 1448 1348 1498 Pugna
1361 1457 1439 1480 eum

105 1513 162 1544 est
180 1507 282 1544 haud
300 1507 433 1558 procul
451 1508 640 1546 radicibus
659 1508 816 1546 Vesuvii
833 1508 990 1551 montis,
1007 1519 1082 1558 qua
1099 1507 1161 1543 via
1179 1504 1226 1543 ad
1238 1493 1369 1523 Laums'

105 1571 277 1608 Veserim
295 1571 454 1609 ferebat.

163 1634 236 1672 IX.
267 1635 436 1673 Romani
455 1635 629 1674 consules
659 1636 778 1689 priuS,
806 1646 921 1686 quam
950 1635 1156 1672 educerent
1185 1635 1226 1672 in

109 1700 244 1743 aciem,
264 1699 557 1738 inmolaverunt.
585 1701 709 1738 Decio
729 1707 845 1752 caput
859 1700 1048 1752 jocinoris
1072 1712 1094 1736 a
1114 1699 1225 1736 fami-

107 1763 192 1801 liari
212 1770 319 1815 parte
334 1777 473 1802 caesum
488 1778 650 1816 aruspex
661 1766 800 1803 dicitur
815 1765 1025 1801 ostendisse
1039 1780 1049 1810 ς
1082 1763 1226 1814 alioqui

109 1836 305 1879 acceptam
334 1828 419 1864 Diis
449 1830 615 1866 hostiam
645 1842 749 1866 esse:
780 1828 972 1866 Manlium
998 1829 1150 1877 egregie
1178 1827 1224 1864 li-

109 1900 221 1930 tasse.
251 1895 367 1942 Atqui
389 1894 474 1930 bene
498 1894 614 1937 habet,
637 1895 761 1945 inquit
787 1894 946 1936 Decius,
968 1895 999 1930 si
1018 1894 1062 1930 ab
1087 1893 1227 1942 collega

111 1960 256 1996 litatum
275 1963 338 1995 est.
368 1957 586 2001 Instructis,
607 1959 705 1995 sicut
724 1965 813 1996 ante
832 1958 974 1995 dictum
990 1964 1060 2000 est,
1081 1957 1227 1994 ordini-

109 2022 195 2066 bus,
222 2035 439 2072 processere
467 2023 507 2071 in
535 2024 667 2060 aciem.
709 2022 879 2059 Manlius
905 2023 1054 2065 dextro,
1084 2022 1228 2059 Decius

109 2085 205 2122 laevo
225 2097 344 2123 cornu
367 2093 550 2137 praeerat:
581 2087 705 2139 primo
725 2088 914 2137 utrimque
934 2088 1049 2136 aequis
1070 2085 1228 2129 viribus,

113 2149 246 2186 eodem
272 2150 405 2187 ardore
435 2151 648 2188 animorum
668 2151 871 2201 gerebatur
899 2164 981 2187 res:
1014 2151 1150 2187 deinde
1179 2150 1227 2186 ab

112 2213 208 2249 laevo
238 2227 356 2250 cornu
372 2215 514 2251 hastati
534 2215 716 2259 Romani,
737 2229 816 2252 non
835 2216 999 2253 ferentes
1020 2216 1226 2266 inpressio-

113 2289 201 2314 nem
220 2277 462 2321 Latinorum,
483 2291 522 2315 se
551 2279 599 2316 ad
617 2280 807 2331 principes
833 2291 1020 2330 recepere.
1079 2278 1125 2314 In
1154 2279 1226 2314 hac
1241 2283 1358 2312 Decius
1374 2293 1408 2314 se

111 2341 364 2392 trepidatione
381 2342 522 2380 Decius
539 2343 671 2381 consul
689 2343 745 2381 M.
762 2343 958 2381 Valerium
976 2355 1115 2393 magna
1134 2355 1226 2380 voce
1239 2327 1381 2357 devovet.
