1573 2598
402 195 559 225 LIBER
586 195 667 223 111.
698 194 805 224 ΘΑΓ.
828 194 973 223 XXXI.
1170 193 1254 238 207

135 296 226 320 num
251 285 458 321 exercitum
488 284 691 334 praedatum
716 282 953 319 descendisse
972 283 1012 319 in
1039 296 1150 332 agros
1170 285 1257 322 Ro-

134 360 282 392 mano-3,
312 348 399 385 inde
427 348 475 384 ad
502 347 634 384 urbem
661 347 801 383 venire.
858 347 895 382 Is
925 354 1047 384 metus
1076 349 1258 399 perpulit,

134 418 177 447 ut
206 412 318 448 scribi
347 411 506 448 militem
540 410 684 447 tribuni
722 411 918 456 sinerent3
949 423 1028 447 non
1057 412 1138 447 sine
1167 425 1258 462 pac-

133 476 241 511 tione
265 481 406 518 tamen,
436 481 493 518 ut,
521 475 701 524 quoniam
729 474 802 523 ipsi
832 474 1134 522 quinquennium
1165 475 1258 512 elusi

134 544 272 581 essent,
296 551 526 588 parvumque
555 538 593 573 id
621 537 724 587 plebi
752 538 970 587 praesidium
990 537 1105 582 foret,
1127 539 1258 576 decem

133 602 267 639 deinde
284 602 428 645 tribuni
447 603 567 652 plebis
588 607 818 639 crearentur.
875 602 1075 652 Expressit
1096 603 1170 639 hoc
1188 616 1256 640 ne-

133 668 286 704 cessitas
305 667 482 703 Patribus
500 681 507 702 ε
539 667 577 702 id
596 666 711 702 modo
731 679 927 716 excepere,
949 679 997 703 ne
1016 672 1151 716 postea
1170 680 1257 704 eos-

133 730 218 766 dem
247 730 418 766 tribunos
441 729 636 779 juberent.
693 729 918 766 Tribunicia
947 731 1104 766 comitia
1129 733 1194 777 (ne
1218 731 1257 766 id

134 807 284 844 quoque
308 801 396 844 post
414 793 569 837 bellum,
591 800 632 829 ut
652 800 790 836 cetera,
811 806 950 829 vanum
971 794 1087 841 esset)
1110 801 1256 831 extem-

132 858 196 910 plo
224 858 369 895 habita.
425 858 636 894 Tricesimo
665 864 774 894 sexto
798 870 900 894 anno
929 871 951 894 a
977 859 1108 908 primis
1133 859 1256 895 tribu-

133 925 192 961 nis
214 924 349 974 plebis,
370 923 500 960 decem
520 924 636 959 creati
656 930 758 967 sunt,
780 923 859 959 bini
881 937 928 960 ex
947 924 1106 973 singulis
1126 924 1256 960 classi-

133 988 203 1026 bus
222 1003 230 1024 :
262 989 389 1038 itaque
409 994 561 1024 cautum
582 994 653 1031 est,
673 995 716 1024 ut
734 995 870 1037 postea
889 995 1118 1025 crearentur.
1173 989 1254 1024 De-

133 1054 234 1090 iectu
252 1054 386 1090 deinde
407 1054 556 1096 habito,
576 1053 785 1096 Minucius,
808 1061 946 1089 contra·
972 1053 1135 1089 Sabinos
1163 1066 1253 1102 pro-

133 1118 269 1161 fectus,
299 1131 378 1154 non
405 1118 552 1154 invenit
580 1118 742 1154 hostem.
800 1118 1005 1160 Horatius,
1032 1130 1147 1166 quum
1170 1116 1254 1166 jam

133 1182 266 1230 AEqui,
285 1181 476 1217 Corbione
495 1180 700 1216 interfecto
718 1181 908 1230 praesidio,
930 1180 1120 1216 Ortonam
1139 1181 1255 1216 etiam

134 1246 335 1296 cepissent,
365 1246 403 1280 in
434 1244 575 1293 Algido
604 1252 775 1294 pugnat:
808 1245 948 1280 multos
978 1243 1157 1280 mortales
1188 1257 1253 1280 oc·

134 1309 247 1345 cidit:
287 1308 397 1357 fugat
433 1308 584 1344 hostem
618 1320 694 1343 non
725 1320 771 1343 ex
800 1307 941 1355 Algido
970 1307 1099 1350 modo,
1130 1307 1196 1343 sed
1226 1301 1255 1342 *a

135 1373 328 1409 Corbione
347 1371 584 1421 Ortonaque.
614 1371 848 1408 Corbionem
868 1372 983 1407 etiam
1003 1372 1119 1407 diruit
1138 1384 1254 1422 prop·

134 1444 192 1473 ter
210 1437 402 1488 proditum
422 1436 651 1486 praesidium.

187 1501 346 1538 XXXI.
375 1500 525 1537 Deinde
553 1500 610 1537 M.
631 1500 818 1543 Valerius,
850 1500 913 1551 Sp.
935 1500 1130 1549 Virginius
1161 1512 1253 1536 con·
1267 1498 1308 1528 U·
1327 1498 1363 1528 C·
1381 1503 1459 1531 298⁴·

134 1565 232 1601 sules
269 1565 373 1601 facti.
436 1564 554 1600 Domi
591 1564 759 1613 forisque
793 1565 915 1600 otium
947 1564 1050 1609 fuit:
1101 1541 1450 1600 annonamCAM‘.

134 1635 289 1680 propter
317 1641 499 1678 aquarum
528 1629 791 1678 intemperiem
822 1628 1042 1664 laboratum
1068 1634 1136 1664 est.
1193 1616 1255 1664 De

134 1693 327 1728 Aventino
357 1691 587 1741 publicando
614 1691 693 1727 lata
720 1691 781 1727 lex
811 1697 878 1728 est.
935 1691 1097 1727 Tribuni
1133 1690 1253 1741 plebis

136 1757 250 1792 iidem
277 1756 409 1792 refecti
438 1762 619 1805 sequente
649 1768 763 1798 anno,
790 1755 836 1792 T.
856 1755 1042 1798 Romilio,
1071 1755 1115 1791 C.
1135 1755 1255 1790 Vetu-
1268 1758 1311 1788 U.
1327 1757 1364 1788 C.
1381 1749 1457 1788 2994

135 1821 193 1856 rio
219 1819 451 1862 consulibus,
471 1819 593 1868 legem
618 1820 793 1856 omnibus
819 1820 1066 1856 concionibus
1093 1820 1168 1855 suis
1195 1831 1257 1855 ce·
1268 1802 1308 1831 A*
1326 1800 1362 1831 C·
1379 1803 1459 1831 4⁵3*

134 1884 347 1921 lebrabant.
405 1884 547 1920 Pudere
571 1896 607 1919 se
633 1886 770 1920 numeri
797 1885 853 1920 sui
880 1884 1117 1931 nequidquam
1145 1884 1257 1926 aucti,

135 1950 164 1985 si
182 1961 225 1984 ea
242 1961 296 1984 res
313 1960 411 1996 (eque
433 1960 498 1983 suo
521 1948 656 1984 biennio
669 1946 825 1992 jaceret,
843 1961 886 1983 ac
909 1953 982 1983 toto
1005 1949 1183 1994 superiore
1203 1948 1258 1982 ἰιι-

136 2017 209 2048 stro
219 2011 400 2058 jacuisset.
458 2012 586 2051 Quum
617 2012 782 2047 maxime
810 2011 891 2046 haec
921 2009 1259 2059 age1·ent‚>trepidi

137 2077 267 2112 nuncii
296 2075 343 2111 ab
365 2075 535 2111 Tusculo
558 2077 731 2118 veniunt,
751 2074 901 2123 AEquos
931 2076 970 2110 in
999 2087 1092 2122 agro
1111 2073 1258 2109 Tuscu-

139 2139 228 2176 lano
247 2152 338 2176 esse.
395 2139 502 2176 Fecit
527 2140 711 2189 pudorem
736 2151 865 2175 recens
887 2138 966 2188 ejus
993 2137 1124 2188 populi
1146 2138 1261 2173 meri-

139 2200 222 2238 tum
249 2199 423 2238 morandi
453 2203 607 2239 auxilii:
641 2203 756 2239 ambo
774 2202 963 2245 consules,
984 2214 1076 2237 emn-
1092 2201 1262 2236 exercitu

140 2266 259 2310 missi,
279 2266 428 2303 hostem
448 2267 487 2303 in
507 2280 574 2303 sua
594 2267 681 2303 sede
707 2269 747 2303 in
766 2267 908 2316 Algido
934 2267 1144 2303 inveniunt.
1200 2265 1262 2302 lbi

140 2326 376 2381 pugnatum:
409 2344 523 2382 supra
545 2337 691 2382 septem
717 2332 836 2369 millia
859 2333 1028 2369 hostium
1047 2343 1165 2367 caesa:
1197 2329 1265 2367 a'xii
