1573 2598
128 701 164 732 P.
181 702 299 732 Corne-

128 745 189 775 lius
206 746 302 776 dicta-

129 794 177 819 tor

127 1087 211 1136 Victi
227 1087 304 1119 Vol-

128 1140 187 1162 sci.

122 2117 165 2149 U.
181 2116 218 2146 C.
235 2122 309 2147 348.

121 2162 161 2191 A.
179 2161 214 2190 C.
230 2168 300 2192 404,

325 161 410 204 330
783 165 828 193 T.
854 166 989 195 mvn

323 260 366 294 iis
381 258 499 308 fnisse
517 261 566 296 ad
583 266 760 309 receptum
787 264 892 298 nimis·
915 265 1108 311 pertinacis
1133 267 1338 302 sententiae:
1365 267 1443 308 sed}

324 336 431 372 quum
451 325 531 360 belli
549 327 766 362 raecessitates
784 339 852 362 non
873 333 1070 375 exspectent
1098 328 1256 365 humana
1282 331 1444 373 consilia,

318 389 496 435 potiorem
513 389 578 424 sibi
597 390 811 436 collegarum
830 392 953 438 gratia
980 392 1233 439 rempublicam
1249 393 1338 441 fore
1353 409 1366 430 :
1392 398 1442 436 et,

321 454 351 489 si
372 459 516 489 maneat
539 455 575 489 in
598 456 770 490 sententia
795 460 949 497 senatus,
970 457 1181 492 dictatorem
1208 461 1309 492 nocte
1332 469 1443 504 prox·-

319 520 394 554 ima
440 520 619 554 dicturum
638 534 649 554 :
689 531 745 561 ac,
781 521 811 554 si
853 521 930 567 quis
973 521 1170 556 intercedat
1214 525 1441 556 senatuscon-

320 582 427 624 sulto,
445 583 663 617 auctoritate
677 593 713 617 se
721 582 809 630 fore
827 587 1039 619 contentum.
1097 583 1186 621 Quo
1204 582 1307 619 facto
1327 596 1442 632 quum

321 645 422 681 haud
442 646 656 681 inmeritam
675 644 824 681 laudem
843 647 1078 695 gratiamque
1098 647 1197 695 apud
1221 659 1351 683 omnes
1380 653 1442 684 tu-

323 709 441 753 lisset,
472 710 657 746 dictatore
690 709 732 746 P.
754 709 933 746 Cornelio
963 711 1079 753 dicto,
1102 712 1181 760 ipse
1210 711 1258 747 ab
1288 723 1334 747 eo
1361 724 1442 748 ma-

324 774 441 821 gister
467 774 637 822 equitum
665 779 811 809 creatus
842 773 1014 823 exemplo
1042 774 1115 810 fuit
1144 773 1307 823 collegas
1337 787 1442 812 eum-

322 850 394 886 que
422 837 672 880 intuentibus,
700 850 812 887 quam
841 838 963 886 gratia
991 844 1104 886 atque
1141 838 1264 874 honos
1302 851 1442 888 oppor-

321 902 475 937 tuniora
503 902 691 938 interdum
718 914 797 937 non
826 901 1063 951 cupientibus
1097 908 1234 937 essent.
1291 901 1442 939 Bellum

321 966 422 1001 haud
446 965 691 1001 memorabile
719 965 816 1001 fuit:
851 978 927 1000 uno
957 971 1070 1013 atque
1099 978 1145 1000 eo
1174 965 1279 1001 facili
1306 966 1444 1015 proelio

324 1030 410 1065 caesi
428 1030 474 1065 ad
493 1030 651 1065 Antium
671 1029 799 1064 hostes
817 1044 823 1063 ι
846 1030 967 1064 victor
987 1029 1171 1064 exercitus
1193 1028 1443 1079 depopulatus

324 1092 507 1128 Volscum
538 1105 692 1140 agrum:
725 1091 919 1128 castellum
953 1092 999 1127 ad
1034 1091 1157 1127 lacum
1189 1091 1376 1128 Fucinum
1405 1092 1443 1129 vi

323 1163 583 1208 expugnatum
600 1174 609 1202 3
643 1164 755 1206 atque
777 1158 816 1193 in
836 1170 881 1194 eo
900 1158 975 1194 tria
999 1157 1118 1193 millia
1135 1158 1333 1194 hominum
1353 1171 1442 1209 cap-

321 1230 375 1264 ta,
405 1222 537 1257 ceteris
565 1221 713 1257 Volscis
742 1222 841 1256 intra
865 1221 1008 1257 moenia
1036 1221 1253 1271 compulsis,
1279 1235 1349 1258 nec
1378 1223 1442 1259 de-

318 1281 562 1323 fendentibus
584 1298 707 1334 agros.
745 1285 938 1328 Dictator,
959 1285 1061 1322 bello
1079 1286 1133 1321 ita
1152 1291 1274 1334 gesto,
1297 1292 1338 1322 ut
1355 1294 1442 1324 tan-

318 1356 402 1386 tum
420 1363 497 1385 non
519 1347 682 1385 defuisse
708 1349 870 1385 fortunae
892 1349 1093 1392 videretur,
1113 1349 1308 1393 felicitate,
1330 1363 1442 1398 quam

320 1414 455 1463 gloria,
477 1413 598 1464 major
628 1414 665 1450 in
695 1414 827 1450 urbem
851 1415 976 1457 rediit,
997 1414 1296 1463 magistratuque
1315 1426 1354 1450 se
1374 1414 1444 1452 ab·

319 1479 471 1516 dicavit.
527 1478 689 1514 Tribuni
718 1478 894 1520 militum,
915 1479 1111 1514 mentione
1140 1477 1244 1514 nulla
1264 1479 1440 1516 comitio-

321 1555 405 1578 rum
434 1542 690 1578 consularium
718 1542 863 1584 habita,
887 1542 1016 1588 (credo
1044 1542 1093 1578 ob
1123 1542 1217 1578 iram
1245 1543 1440 1579 dictatoris

321 1606 456 1653 creati)
476 1606 716 1642 tribunorum
732 1606 894 1643 militum
914 1607 1068 1643 comitia
1088 1607 1297 1643 edixerunt.
1339 1606 1440 1643 Tum

319 1683 409 1707 vero
438 1671 588 1719 gravior
617 1684 706 1706 cura
735 1671 912 1707 Patribus
944 1672 1120 1715 incessit5
1153 1671 1293 1720 quippe
1321 1683 1441 1720 quum

320 1735 430 1786 prodi
449 1747 619 1771 caussam
640 1735 686 1771 ab
707 1736 782 1771 suis
803 1741 1011 1771 cernerent.
1040 1735 1176 1784 ltaque
1196 1735 1294 1771 sicut
1312 1735 1439 1785 priore

322 1812 423 1835 anno
449 1812 516 1849 per
535 1799 816 1848 indignissimos
847 1811 892 1834 ex
921 1798 1078 1848 plebeiis
1108 1799 1328 1835 candidatos
1357 1812 1439 1835 om-

320 1864 440 1906 nium,
470 1864 584 1899 etiam
613 1863 828 1912 dignorum,
859 1864 1011 1899 taedium
1041 1863 1232 1907 fecerant;
1265 1863 1318 1898 sic
1346 1869 1444 1899 tum:

320 1927 547 1977 primoribus
582 1928 738 1963 Patrum
771 1928 968 1977 splendore
1003 1928 1198 1976 gratiaque
1228 1926 1274 1962 ad
1306 1933 1439 1976 peten-

321 1988 409 2025 dum
428 1989 661 2038 praeparatis,
683 1989 810 2024 omnia
830 1988 913 2025 loca
937 1989 1137 2024 obtinuere
1150 2004 1160 2033 3
1193 2001 1241 2024 ne
1270 1989 1329 2024 cui
1358 1988 1438 2038 ple-

320 2051 408 2089 beio
427 2052 549 2088 aditus
570 2059 679 2088 esset.
735 2053 910 2092 Quatuor
933 2054 1048 2089 creati
1077 2058 1179 2095 sunt,
1200 2065 1331 2088 omnes
1354 2051 1438 2102 jam

322 2116 443 2153 functi
463 2129 508 2152 eo
528 2117 687 2158 honore,
707 2116 754 2152 L.
774 2116 907 2152 Furius
927 2115 1172 2164 Medullinus,
1201 2116 1244 2152 C.
1265 2115 1437 2153 Valerius

322 2181 487 2222 Potitus,
506 2180 555 2216 N.
568 2180 706 2217 Fabius
720 2180 945 2223 Vibulanus,
964 2180 1195 2217 C.Servilius
1209 2181 1354 2217 Ahala:
1378 2181 1439 2217 hic

322 2245 484 2281 refectus
514 2247 738 2282 continuato
762 2245 919 2288 honore,
941 2258 1055 2294 quum
1082 2245 1131 2281 ob
1152 2245 1243 2281 alias
1264 2246 1435 2287 virtutes,

322 2315 404 2346 tum
419 2308 468 2346 ob
485 2315 673 2347 recentem
687 2308 855 2345 favorem
873 2309 984 2347 unica
999 2308 1256 2346 moderatione
1276 2314 1436 2358 partum.
