1573 2598
442 193 596 223 mnan
621 192 679 221 ῃ.
711 193 816 222 CAP.
839 194 982 222 xmx.
1192 193 1270 235 149

152 275 220 307 stes
246 269 441 306 Veientibus
469 271 562 306 date.
618 270 789 305 Aactores
814 281 945 311 sumus,
978 273 1091 305 tutam
1118 270 1165 306 ihi
1192 283 1269 307 ma-
1285 281 1325 310 U.
1344 278 1380 308 C.
1398 284 1471 314 ‘275-

147 332 315 382 jestatem
335 333 490 369 Romani
507 334 655 369 nominis
661 331 760 381 sore.
818 333 987 369 Nostrum
1008 334 1047 369 id
1063 334 1159 369 nobis
1177 335 1273 369 velut
1286 325 1323 354 Α·
1341 322 1377 352 C·
1394 328 1468 358 ⁴²7⁷·

146 395 338 445 familiare
365 397 504 439 bellum,
531 398 674 444 privato
698 400 816 431 sumtu
843 408 963 443 gerere
991 398 1027 432 z'n
1059 398 1178 433 animo
1211 402 1272 433 est.

159 460 370 509 Respublica
388 465 422 495 et
440 460 551 496 milite
569 460 644 495 illic
662 464 697 494 et
711 461 864 507 pecnnia
881 464 991 495 vacet.
1049 459 1190 496 Gratiae
1214 461 1273 496 in-

0 527 2 564 l
159 530 289 572 gentes
319 530 423 560 actae.
481 523 624 559 Consul
656 535 676 558 e
709 523 813 558 curia
846 536 1031 572 egressus,
1067 525 1274 561 comitante

156 586 361 624 Fabiorum
390 587 552 635 agmine,
576 587 638 635 qui
666 586 706 622 in
727 586 916 623 vestibulo
946 588 1072 631 curiae,
1101 594 1273 624 senatus-

159 651 371 687 consultum
408 656 683 700 exspectantcS‚
716 657 920 694 steterant,
959 653 1113 688 domum
1150 652 1274 689 rediit.

155 715 259 751 Jussi
285 715 418 751 armati
444 721 597 764 postero
627 714 686 750 die
717 715 764 751 ad
791 714 907 751 limen
933 716 1097 752 consulis
1128 716 1273 759 adesse,

156 779 289 815 domos
310 779 395 815 inde
415 779 624 816 discedunt.

211 843 363 880 XLIX.
392 843 530 879 Manat
556 850 640 880 tota
662 843 755 880 urbe
780 856 933 880 rumor:
965 843 1106 881 Fabios
1128 844 1174 881 ad
1195 857 1272 881 coe-

156 908 236 945 lum
264 909 436 945 laudibus
465 908 605 945 ferunt.
661 907 859 944 Familiam
882 921 996 944 unam
1016 909 1161 945 subisse
1181 909 1272 945 civi-

156 974 246 1009 tatis
276 985 397 1010 onus:
428 973 568 1009 Veiens
597 973 738 1010 bellum
771 974 810 1010 in
846 975 1032 1024 privatam
1061 988 1204 1018 curam,
1234 976 1274 1011 in

159 1038 306 1087 privata
328 1051 432 1073 arma
450 1050 610 1075 versum.
668 1038 706 1074 Si
735 1038 811 1074 sint
837 1038 918 1074 duae
939 1039 1085 1074 roboris
1107 1038 1273 1089 ejusdem

160 1101 199 1136 in
231 1101 322 1137 urbe
351 1107 510 1149 gentes3
543 1101 764 1151 deposcant,
793 1102 875 1137 haec
903 1101 1063 1137 Volscos
1095 1103 1180 1145 sibi,
1211 1102 1277 1139 illa

158 1165 333 1214 AEquos:
366 1166 508 1215 populo
527 1165 706 1201 Romano
733 1165 973 1213 tranquillam
1000 1179 1131 1215 pacem
1158 1179 1274 1215 agen-

157 1234 210 1271 te,
241 1242 371 1265 omnes
410 1230 590 1265 finitimos
629 1229 752 1277 subigi
789 1229 950 1279 populos
989 1243 1111 1279 posse.
1167 1230 1278 1267 Fabii

160 1297 314 1343 postero
339 1292 399 1328 die
425 1305 530 1328 arma
554 1293 733 1342 capiunt:
767 1305 842 1341 quo
864 1291 963 1341 jussi
989 1299 1110 1336 erant,
1138 1306 1277 1329 conve-

160 1357 283 1394 niunt.
335 1356 499 1399 Consul,
536 1357 735 1407 paludatus
770 1357 979 1405 egrediens,
1017 1358 1057 1393 in
1089 1357 1278 1394 vestibulo

162 1427 314 1469 gentem
343 1434 494 1458 omnem
525 1434 631 1458 suam
661 1421 848 1457 instructo
878 1422 1029 1470 agmine
1057 1422 1181 1458 videt:
1215 1435 1280 1459 ac-

160 1491 291 1536 ceptus
328 1486 368 1523 in
404 1486 583 1530 medium,
614 1487 724 1535 signa
757 1485 847 1522 ferri
876 1476 1001 1536 jubet.
1057 1486 1278 1536 Numquam

159 1550 345 1586 exercitus
374 1563 497 1599 neque
521 1551 646 1586 minor
674 1563 847 1594 numero,
872 1548 1000 1599 neque
1019 1550 1156 1586 clarior
1176 1551 1281 1587 fama

161 1620 199 1650 et
221 1615 471 1651 admiratione
496 1615 708 1658 hominum,
733 1628 800 1665 per
828 1615 959 1651 urbem
982 1616 1148 1652 incessit.
1205 1614 1281 1651 Sex

161 1685 200 1716 et
218 1682 378 1717 trecenti
396 1681 550 1726 milites,
567 1695 698 1719 omnes
719 1683 883 1733 patricii,
904 1695 1035 1720 omnes
1057 1683 1166 1719 unius
1187 1696 1281 1732 gen-

161 1744 225 1788 tis,
246 1757 406 1793 quorum
423 1747 614 1783 neminem
634 1747 768 1783 ducem
788 1753 981 1798 sperneret
1004 1747 1176 1796 egregius
1197 1746 1280 1796 qui-

161 1807 328 1846 buslibet
362 1810 599 1860 temporibus
638 1817 804 1854 senatus,
834 1811 956 1856 ibant,
986 1812 1096 1849 unius
1125 1810 1280 1848 familiae

160 1873 302 1910 viribus
322 1873 473 1910 Veienti
501 1874 646 1925 populo
675 1881 820 1925 pestem
848 1876 1080 1912 minitantes,
1138 1875 1280 1924 Seque-

160 1936 274 1974 batur
301 1937 426 1983 turba,
449 1939 605 1988 propria
628 1937 702 1974 alia
724 1944 975 1988 cognatorum
1004 1931 1280 1988 sodaliumque,

161 2001 256 2038 nihil
288 2001 466 2045 medium,
496 2014 567 2038 nec
596 2014 714 2052 spem,
744 2015 815 2038 nec
844 2015 986 2046 curam,
1017 2003 1082 2039 sed
1108 2003 1282 2039 inmensa

164 2067 292 2102 omnia
308 2065 540 2103 volventium
561 2067 689 2102 animo
701 2082 712 2112 3
745 2066 820 2103 alia
838 2067 1003 2117 publica,
1026 2066 1281 2103 sollicitudine

165 2131 343 2175 excitata,
362 2131 493 2168 favore
521 2136 558 2167 et
587 2130 839 2181 admiratione
868 2137 1047 2181 stupens3
1080 2134 1131 2167 ire
1147 2131 1281 2185 sortes,

165 2196 217 2231 ire
234 2193 362 2244 felices
382 2195 536 2246 jubent,
560 2197 707 2244 inceptis
726 2201 865 2232 eventus
879 2208 985 2244 pares
1004 2197 1173 2232 recidere:
1201 2207 1284 2231 con·

163 2259 301 2299 sulatus
321 2260 402 2296 inde
417 2273 460 2297 ac
479 2260 688 2309 triumpho&
709 2262 829 2297 omnia
849 2262 1002 2309 proemia
1026 2260 1070 2297 ab
1093 2272 1141 2304 se,
1169 2272 1285 2297 omnes

165 2321 310 2360 honores
327 2334 480 2372 sperare.
535 2323 856 2361 Praetereuntibus
878 2323 1112 2376 Capitolium
1139 2335 1283 2361 arcem-

679 2386 764 2425 113
