1573 2598
358 214 514 243 LIBER
537 210 607 243 lv.
641 210 749 242 CAP.
774 210 957 241 XXXIX.
1127 208 1217 254 307

97 302 214 340 monis
245 302 455 352 Volscisque,
482 313 599 352 neque
622 301 795 352 equitibus
825 302 919 338 vobis
944 301 1045 338 ullos*
1066 293 1210 350 equites,
1225 301 1314 333 U·C.
1332 303 1408 334 8³2.

98 378 163 405 nec
178 367 354 417 peditibus
372 379 442 404 esse
454 360 592 416 pedites
606 377 724 415 pares.
777 366 905 405 Quum
925 365 1089 402 clamore
1108 374 1213 401 com-
1223 347 1263 377 A·
1279 346 1317 376 Ο·
1333 352 1409 378 ‘¹²⁰'

99 432 263 483 probata
299 432 516 469 adhortatio
550 436 661 474 esset,
692 430 793 466 vadit
821 429 896 466 alte
926 429 1118 479 cuspidem
1147 440 1213 477 ge-

99 507 208 533 rens:
242 506 477 546 quacumque
501 495 695 538 incedunt,
716 495 752 530 vi
775 494 873 530 viam
898 494 1069 530 faciunt:
1102 505 1148 529 eo
1174 505 1213 529 se

99 561 268 598 inferunt
288 562 446 613 objectis
473 562 628 613 parmiS‚
640 560 714 598 ubi
745 573 897 596 suorum
926 560 1129 610 plurimum
1158 559 1214 595 la-

97 623 230 662 horem
256 626 412 663 vident:
450 625 664 663 restituitur
691 624 866 662 omnibus
891 623 985 660 locis
1010 636 1152 674 pugna,
1174 623 1214 660 in

96 700 178 738 quae
208 702 272 726 eos
301 690 451 740 inpetus
480 689 590 726 tulit:
630 701 701 725 nec
731 689 887 724 dubium
917 693 1011 730 erat,
1050 688 1154 736 quin,
1183 686 1214 723 si

96 757 174 788 tam
193 753 304 803 pauci
327 753 439 790 simul
468 753 574 790 obire
604 753 732 789 omnia
761 757 931 803 possent,
952 759 1061 800 terga
1090 749 1214 787 daturi

96 815 225 853 hostes
244 816 398 853 fuerint.

149 879 351 918 XXXIX.
383 879 433 917 Et
462 893 578 930 quum
599 878 683 931 jam
711 886 818 930 parte
846 877 951 916 nulla
981 879 1214 915 sustineren-

97 949 172 987 tur,
207 945 271 981 dat
308 946 459 994 signum
488 945 649 981 Volscus
686 945 907 994 imperator,
939 949 979 979 ut
1015 943 1212 994 parmatis,

96 1017 206 1045 novae
226 1010 377 1046 cohorti
395 1010 577 1053 hostium,
598 1009 702 1045 locus
724 1009 845 1051 detur,
863 1008 983 1044 donec
1003 1008 1135 1057 inpetu
1154 1008 1213 1043 iu·

95 1070 165 1108 lati
185 1072 232 1110 ab
252 1073 328 1109 suis
350 1072 609 1110 excludantur.
666 1072 783 1111 Quod
806 1072 872 1108 ubi
897 1077 954 1108 est
975 1070 1132 1113 factum,
1154 1071 1214 1106 in-

95 1135 249 1172 terclusi
269 1137 412 1185 equites
430 1151 437 1171 :
469 1149 540 1172 nec
558 1148 800 1186 perrumpere
825 1135 968 1177 eadem,
990 1147 1064 1183 qua
1088 1141 1214 1170 trans·

94 1198 230 1243 ierant,
257 1212 391 1250 posse3
431 1199 485 1236 ibi
514 1200 678 1235 maxime
708 1199 888 1235 confertis
917 1198 1107 1241 hostibus,
1138 1209 1213 1247 qua

94 1255 194 1301 viam
229 1264 422 1301 fecerant:
468 1270 508 1300 et
547 1263 680 1300 consul
723 1263 967 1312 legionesque
1008 1262 1211 1305 Romanae,

94 1339 224 1377 quum,
246 1318 347 1377 quod
365 1334 544 1378 tegumen
566 1328 681 1364 modo
708 1327 831 1363 omnis
858 1327 1043 1363 exercitus
1073 1325 1212 1371 fuerat,

93 1404 281 1441 nusquam
314 1392 498 1436 viderent,
527 1405 577 1428 ne
613 1397 674 1428 tot
706 1391 933 1428 fortissimos
963 1391 1063 1426 viros
1092 1390 1213 1427 inter-

92 1455 219 1493 clusos
253 1456 484 1508 obprimeret
510 1457 647 1500 hostis,
677 1457 839 1493 tendunt
867 1456 907 1492 in
936 1467 1211 1505 quemcumque

93 1527 235 1559 casum.
290 1521 443 1558 Diversi
462 1521 607 1566 Volsci,
626 1522 717 1558 hinc
744 1521 939 1558 consulem
968 1533 1011 1557 ac
1039 1519 1210 1569 legiones
1242 1560 1248 1565 Ι

94 1587 293 1631 Sustinere,
332 1587 450 1624 altera
493 1587 620 1624 fronte
658 1587 800 1622 instare
836 1585 1050 1636 Tempanio
1096 1592 1211 1634 atque

93 1650 309 1699 equitibus:
349 1651 413 1700 qui
447 1664 561 1700 quum
591 1663 689 1701 saepe
719 1650 848 1686 conati
876 1650 1096 1699 nequissent
1123 1661 1211 1699 per-

94 1725 268 1764 rumpere
292 1715 338 1751 ad
363 1728 465 1758 suos,
484 1704 633 1751 tumulo
662 1703 826 1764 quodam
855 1721 1057 1764 occupato,
1078 1713 1117 1748 in
1146 1725 1210 1749 01·-

93 1776 178 1815 bem
201 1791 239 1814 se
258 1779 496 1822 tutabantur,
518 1791 756 1828 nequaquam
778 1777 901 1814 inulti.
957 1777 1041 1813 Nec
1070 1788 1208 1826 pugnae

91 1842 176 1879 finis
196 1849 285 1880 ante
304 1850 456 1880 noctem
475 1844 548 1880 fuit
565 1859 572 1880 ;
605 1842 738 1880 consul
758 1854 922 1892 quoque,
942 1854 1127 1890 nusquam
1149 1853 1208 1877 re-

92 1907 208 1943 misso
246 1908 464 1952 certamine,
503 1908 591 1944 dum
629 1907 833 1956 quidquam
870 1905 1056 1956 superfuit
1098 1904 1207 1947 lucis,

91 1970 241 2006 hostem
264 1972 407 2007 tenuit:
439 1985 516 2008 nox
536 1973 700 2007 incertos
722 1971 897 2006 diremit:
929 1975 1134 2018 tantusque
1159 1968 1208 2005 ab

92 2034 334 2084 inprudentia
353 2042 507 2072 eventus
528 2044 687 2085 utraque
707 2041 830 2071 castra
853 2035 978 2070 tenuit
996 2045 1127 2084 pavor,
1148 2039 1204 2076 ut,
1220 2034 1364 2082 Uterque

92 2098 233 2135 relictis
276 2101 412 2136 sauciis
451 2106 490 2136 et
527 2113 667 2149 magna
701 2106 826 2150 parte.
845 2084 1388 2150 inpedimentorum,{232⁰th

93 2161 207 2198 ambo
232 2175 303 2212 pro
330 2165 437 2200 victis
472 2165 657 2201 exercitus
691 2176 730 2199 se
762 2164 800 2199 in
832 2168 980 2198 montes
1009 2162 1203 2212 proximos
1215 2164 1299 2195 serit.

93 2219 316 2277 reciperent.
370 2228 555 2265 Tumulus
575 2235 703 2264 tamen
724 2228 988 2263 circumsessus
1009 2226 1108 2262 ultra
1127 2238 1207 2262 me-

94 2290 194 2326 diam
211 2296 364 2327 noctem
383 2298 439 2327 est
457 2306 465 2328 :
497 2305 572 2341 quo
596 2305 711 2341 quum
731 2289 1090 2327 circumsedentibus
1110 2302 1208 2326 nun-

95 2354 236 2392 ciatum
265 2361 378 2401 esset,
410 2361 533 2393 castra
560 2356 707 2394 deserta
735 2367 829 2399 esse,
852 2355 972 2392 victos
1002 2355 1076 2391 rati
1104 2366 1207 2396 suos,
