1573 2598
289 100 368 153 558
741 112 787 140 Τ.
815 112 948 142 mvn

289 199 474 234 contactis
506 200 697 248 auspiciis,
728 212 786 236 res
817 200 862 236 ad
893 201 1154 250 interregnum
1184 201 1318 238 rediit:
1350 200 1399 238 ab

287 262 506 311 interregno
527 263 622 299 inito
641 276 708 313 per
726 265 900 313 quintum
918 264 1068 301 demum
1094 265 1321 314 interregem
1338 264 1398 300 M.

287 327 480 364 Valerium
501 328 667 365 Corvum
693 331 809 366 creati
836 330 1009 366 consules
1028 331 1076 368 A.
1098 331 1296 367 Cornelius
1324 332 1398 367 ite-

289 403 370 426 rum
391 397 429 427 et
449 392 518 427 Cn.
539 392 747 429 Domitius.
788 393 1019 443 Tranquillis
1039 393 1165 437 rebus,
1186 394 1288 430 fama
1304 393 1398 430 Gal-

289 453 351 490 lici
371 454 458 491 belli
480 468 547 504 pro
562 455 732 492 'tumultu
758 456 892 500 valuit,
912 464 953 493 ut
973 458 1198 494 dictatorem
1218 457 1292 494 dici
1317 457 1399 508 pla·

99 527 138 556 U.
154 526 189 556 C.
205 534 277 557 42⁴2.
291 528 403 557 ceret.
431 520 568 557 Dictus
588 521 644 558 M.
665 522 837 571 Papirius
854 523 1027 566 Crassus,
1045 529 1083 560 et
1097 524 1278 572 magister
1293 524 1399 572 equi-

94 570 278 652 ‘Qiqugffo'
292 590 371 620 tum
389 584 432 620 P.
454 585 625 622 Valerius
645 585 868 623 Publicola:
900 600 922 623 a
940 587 1077 636 quibus
1097 600 1212 636 quum
1232 586 1398 624 delectus

94 656 157 685 rius
175 657 271 686 dicta-
291 648 486 691 intentius,
514 662 627 698 quam
652 649 828 686 adversus
856 650 1017 686 finitima
1041 650 1154 694 bella,
1181 650 1399 695 haberetur,

95 705 153 729 ²0¹·
289 712 548 762 exploratores
576 714 680 749 missi
717 713 948 756 adtulerunt,
979 714 1108 763 quieta
1143 715 1272 751 omnia
1299 713 1400 764 apud

289 776 419 812 Gallos
441 789 532 813 esse.
590 777 786 813 Samnium
805 790 954 826 quoque
973 776 1057 828 jam
1077 777 1237 814 alterum
1257 789 1399 814 annum

288 840 433 877 turbari
460 841 569 877 novis
590 841 758 877 consiliis
787 847 1004 890 suspectum
1030 847 1133 877 erat:
1167 854 1287 879 eorex
1305 853 1401 890 agro

290 903 458 940 Sidicino
477 904 665 940 exereitus
684 903 885 940 Romanus
910 916 990 940 non
1018 910 1076 940 est
1094 904 1289 942 deductus.
1325 905 1399 941 Ce-

94 980 277 1010 Axexander
288 975 410 1005 terum
438 969 627 1005 Samnites
653 968 795 1005 bellum
813 968 1021 1005 Alexandri
1040 968 1234 1020 Epirensis
1261 969 1301 1006 in
1318 969 1401 1006 Lu-

94 1024 262 1061 Epirensis.
289 1045 406 1069 canos
435 1033 574 1069 traxit:
608 1033 673 1082 qui
692 1033 769 1069 duo
797 1032 930 1083 populi
959 1033 1134 1069 adversus
1164 1045 1306 1082 regem,
1333 1045 1400 1070 ex-

287 1098 523 1134 scensionem
543 1110 566 1134 a
590 1097 718 1134 Paesto
738 1097 957 1141 facientem,
979 1097 1096 1146 signis
1116 1097 1276 1134 conlatis
1303 1109 1400 1148 pug-

284 1167 493 1198 naverunt:
526 1174 571 1197 eo
598 1162 803 1198 certamine
831 1162 1007 1211 superior
1025 1160 1257 1204 Alexander,
1276 1161 1400 1198 incer-

282 1232 364 1262 tum
385 1238 459 1276 qua
486 1226 557 1262 fide
587 1226 769 1270 culturus,
799 1227 831 1262 si
860 1226 1013 1276 perinde
1043 1232 1168 1263 cetera
1194 1225 1400 1276 processis-

284 1296 382 1334 sent,
402 1303 534 1340 pacem
553 1303 639 1327 cum
664 1289 850 1327 Romanis
869 1290 972 1328 fecit.
1013 1291 1162 1327 Eodem
1188 1303 1289 1326 anno
1309 1302 1398 1326 cen·

285 1367 347 1391 sus
371 1361 491 1398 actus,
520 1356 684 1405 novique
712 1356 810 1391 cives
841 1356 966 1391 censi:
998 1355 1119 1392 tribus
1148 1360 1306 1405 propter
1333 1366 1398 1390 eos
1449 1348 1454 1353 ⁴

89 1420 191 1450 Novae
206 1420 259 1450 tri·
287 1419 422 1456 additae
450 1420 590 1457 {Maecia
618 1427 655 1456 et
685 1420 860 1470 Scaptia:
894 1415 1067 1456 censor'es
1097 1419 1321 1456 addiderunt
1349 1418 1415 1457 Q·-

89 1463 263 1536 ξ’,ῗέἐνιῶ
287 1483 473 1520 Publilius
502 1484 630 1527 Philo,
662 1484 725 1533 Sp.
756 1484 989 1520 Postumius.
1029 1483 1196 1520 Romani
1225 1482 1317 1519 facti
1345 1482 1401 1519 A·

91 1549 228 1589 Scaptia.
287 1548 447 1592 cerrani,
467 1547 551 1596 lege
571 1547 619 1583 ab
637 1546 684 1583 L.
705 1546 861 1596 Papirio
881 1553 1043 1597 praetore
1062 1546 1154 1589 lata,
1175 1558 1250 1596 qua
1268 1545 1400 1583 civitas

288 1613 368 1649 sine
394 1612 573 1662 suffragio
593 1612 693 1649 (lata.
746 1611 842 1649 Haec
863 1624 908 1648 eo
928 1623 1029 1648 anno
1050 1611 1153 1650 domi
1181 1607 1416 1659 militiaeque-

287 1683 407 1726 gesta.

340 1740 495 1778 XVIII.
535 1740 674 1778 Foedus
704 1741 905 1790 insequens
935 1752 1055 1776 annus
1086 1751 1152 1776 seu
1180 1737 1403 1789 intemperIe

265 1801 272 1809 ”
286 1806 386 1850 coeli,
409 1819 473 1842 seu
494 1807 662 1842 humana
681 1805 813 1841 fraude
832 1805 918 1847 fuit,
940 1803 996 1840 M.
1019 1803 1180 1840 Claudio
1199 1801 1400 1845 Marcellm

286 1871 328 1908 C.
353 1870 508 1907 Valerio
539 1869 778 1906 consulibus.
818 1868 998 1905 Flaccum
1027 1867 1274 1916 Potitumque
1303 1865 1404 1902 varie

284 1942 324 1976 in
344 1934 545 1971 annalibus
575 1946 788 1983 cognomen
818 1932 983 1969 consulis
1011 1932 1186 1968 invenio:
1219 1937 1399 1973 ceterum,

286 1997 326 2036 in
356 2011 416 2041 eo,
446 1999 551 2048 parvi
589 1998 717 2041 refert,
749 1997 837 2046 quid
866 1997 942 2032 veri
980 1996 1051 2031 sit:
1084 1994 1176 2031 illud
1206 1992 1400 2044 pervelim,

288 2065 375 2109 (nec
398 2074 528 2098 omncs
557 2068 730 2098 auctores
758 2060 862 2105 sunt)
886 2059 1078 2109 proditum
1096 2055 1196 2094 falso
1223 2068 1318 2099 esse,
1337 2068 1403 2092 ve-

284 2128 392 2164 nenis
422 2126 633 2169 absumtos,
653 2137 814 2174 quorum
833 2136 935 2160 mors
966 2123 1146 2158 infamem
1166 2132 1309 2157 annum
1334 2132 1401 2170 pc-

284 2190 453 2227 stilentia
480 2189 636 2226 fecerit:
671 2189 769 2226 sicut
796 2189 971 2239 proditur
999 2193 1128 2223 tamen
1158 2198 1231 2228 res,
1263 2197 1311 2220 ne
1341 2184 1402 2219 cui

283 2261 480 2295 auctorum
497 2254 605 2292 fidem
626 2254 902 2305 abrogaverim,
919 2251 1145 2305 exponenda
1160 2256 1228 2286 est.
1265 2248 1399 2290 Quum

91 1735 122 1807 >C

126 1735 184 1808 10'0

199 1742 238 1809 ξέῗὲ,

244 1741 261 1812 Ὸι.)
