1573 2598
336 142 420 187 450
497 146 502 154 ·
793 146 836 173 τ.
865 146 1011 188 mvn„

336 237 482 268 rectore
502 231 646 268 stabilis
667 232 782 268 virtus
804 239 926 268 tutata
947 237 1014 269 est.
1071 233 1166 272 Quae
1196 234 1258 270 ubi
1278 233 1439 271 Romam

335 302 424 331 sunt
451 295 582 337 relata,
610 295 770 345 primum
797 296 1020 332 dictatorem
1043 296 1117 337 dici
1146 296 1344 346 placebat:
1379 299 1441 334 de-

337 358 436 401 inde,
460 366 660 408 postquam
683 359 817 407 quietae
840 372 897 394 res
925 372 969 394 ex
990 359 1138 395 Volscis
1162 360 1442 404 adferebantur,

338 428 376 457 et
398 423 585 472 adparuit,
606 424 750 459 nescire
771 437 834 459 cos
854 424 1012 459 victoria
1035 429 1072 459 et
1100 430 1270 473 tempore
1298 425 1368 467 uti,
1388 437 1446 460 re-

335 487 460 522 vocati
498 487 613 522 etiam
650 487 736 523 inde
769 488 954 523 exercitus
993 501 1035 523 ac
1072 488 1209 524 duces:
1250 489 1445 537 otiumque

337 549 439 593 inde,
473 556 654 599 quantum
686 564 710 587 a
730 550 893 594 Volscis,
926 551 1022 587 fuit:
1057 552 1093 587 id
1126 552 1240 588 modo
1274 558 1448 588 extremo

338 627 439 650 anno
466 615 752 658 tumultuatum,
773 616 874 664 quod
900 615 1122 651 Praenestini
1147 616 1347 652 concitatis
1369 615 1446 651 La-

334 679 504 715 tinorum
530 678 678 729 populis
699 679 940 716 rebellarunt.
995 680 1142 716 Eodem
1163 692 1265 717 anno
1285 680 1443 722 Setiam,

336 742 426 792 ipsis
455 742 698 791 querentibus
727 744 922 792 penuriam
958 744 1168 786 hominum,
1198 744 1288 780 novi
1318 743 1446 779 coloni

337 808 528 858 adscripti.
583 807 789 856 Rebusque
817 807 917 843 haud
945 809 1134 857 prot-peris
1160 807 1276 850 bello,
1297 808 1446 844 domes-

335 872 414 907 tica
431 872 551 919 quies,
571 883 684 920 quam
702 870 942 906 tribunorum
965 869 1128 905 militum
1153 883 1201 906 ex
1224 870 1335 919 plebe
1361 883 1448 919 gra·

334 934 390 970 tia
408 933 659 982 majestasque
678 933 777 968 inter
795 944 883 968 suos
904 932 1085 976 obtinuit,
1107 932 1285 969 solatium
1303 932 1389 970 fuit.

141 993 233 1024 uc·
251 999 326 1029 377·
390 997 549 1034 ΧΧΧΙ.
578 996 817 1045 Insequentis
849 997 940 1033 anni
971 997 1158 1047 principia
1189 997 1318 1034 statim
1350 997 1449 1034 sedi-

140 1037 182 1068 A'
197 1037 233 1068 θ’
250 1043 324 1108 375.
337 1061 441 1098 tione
460 1061 607 1110 ingenti
631 1073 767 1103 arsere,
787 1060 949 1096 tribunis
972 1061 1134 1097 militum
1160 1060 1350 1098 consulari
1377 1074 1449 1113 poss

334 1131 473 1162 testate
494 1125 556 1175 Sp.
577 1125 706 1167 Furio,
727 1125 776 1164 Q.
797 1124 956 1162 Servilio
975 1126 1192 1170 secundum,
1215 1126 1258 1162 C.
1278 1125 1447 1171 Licinio,
1556 1161 1559 1166 ,

334 1189 378 1227 Ρ.
407 1189 560 1234 Cloelio,
590 1189 647 1226 M.
673 1189 856 1233 Horatio,
885 1189 931 1227 L.
953 1190 1140 1239 Geganio.
1195 1190 1291 1226 Erat
1319 1195 1448 1226 autem
1539 1176 1568 1239 ἐς

120 1261 296 1310 Seditiones
337 1260 375 1290 et
401 1254 560 1291 materia
588 1260 626 1289 et
654 1265 787 1290 caussa
814 1254 1009 1290 seditionis
1040 1267 1088 1290 aes
1115 1253 1306 1290 alienum:
1338 1252 1446 1303 cujus
1559 1247 1562 1253 ’

119 1304 312 1335 ⁰bae⁵²²l¹⁶‘
337 1319 517 1355 noscendi
553 1319 677 1367 gratia
713 1319 776 1368 Sp.
801 1318 978 1354 Servilius
1008 1318 1174 1362 Priscus,
1209 1318 1258 1358 Q.
1290 1316 1448 1354 Cloelius

144 1357 214 1378 um·

120 1357 142 1379 n
336 1383 484 1428 ‚Siculus
514 1395 687 1419 censores
716 1382 822 1425 facti,
842 1396 890 1419 ne
919 1396 998 1419 rem
1027 1390 1196 1429 agerent,
1221 1381 1322 1418 bello
1341 1381 1450 1430 inpe-

337 1447 407 1483 diti
435 1453 545 1483 sunt:
581 1460 744 1496 namque
775 1447 910 1496 trepidi
937 1446 1067 1482 nuncii
1096 1446 1234 1496 primo,
1263 1445 1356 1494 fuga
1384 1444 1450 1481 de-

336 1510 424 1547 inde
453 1523 499 1546 ex
528 1511 627 1559 agris
656 1510 824 1559 legiones
856 1509 1080 1546 Volscorum
1114 1510 1303 1558 ingressas
1339 1508 1447 1553 fines,

338 1575 586 1626 popularique
604 1575 741 1624 passim
763 1574 980 1610 Romanum
1001 1586 1147 1622 agrum,
1169 1572 1349 1610 adtulere.
1401 1571 1450 1608 In

338 1654 413 1690 qua
441 1640 694 1690 trepidatione
722 1645 872 1675 tantum
902 1638 1011 1681 afuit,
1032 1645 1074 1674 ut
1097 1637 1222 1674 civilia
1242 1637 1451 1673 certamina

337 1711 460 1741 terror
493 1711 669 1741 externus
700 1704 908 1746 cohiberet,
938 1709 982 1738 ut
1010 1709 1145 1738 contra
1173 1715 1218 1738 eo
1248 1700 1452 1738 violentior

338 1775 507 1820 potestas
535 1769 740 1805 tribunicia
772 1767 1000 1818 inpediendo
1029 1766 1191 1803 delectui
1221 1771 1347 1802 esset:
1380 1765 1451 1802 do-

338 1846 408 1870 nec
438 1834 674 1870 conditiones
704 1833 878 1882 inpositae
905 1831 1096 1873 Patribus,
1123 1843 1171 1867 ne
1200 1831 1297 1879 quis,
1327 1829 1452 1878 quoad

338 1897 520 1933 bellatum
548 1903 660 1938 esset,
688 1895 874 1932 tributum
903 1895 1021 1937 daret,
1046 1900 1111 1930 aut
1129 1893 1194 1943 jus
1219 1894 1263 1929 dc
1290 1893 1452 1943 pecunia

340 1961 483 1997 credita
512 1961 664 1997 diceret.
721 1960 782 1995 Eo
808 1959 1025 1995 laxamento
1055 1958 1155 2007 plebi
1185 1964 1324 1999 sumto,
1346 1969 1454 1993 mora

342 2024 503 2060 delectui
532 2037 610 2059 non
634 2029 690 2059 est
715 2023 828 2059 facta.
883 2021 1118 2070 Legionibus
1150 2021 1256 2056 novis
1286 2020 1451 2069 scriptis,

128 2093 319 2125 voiscorum
343 2089 499 2139 placuit,
526 2088 619 2123 duos
644 2088 828 2123 exercitus
860 2087 895 2121 iu
927 2098 1058 2133 agrum
1083 2084 1259 2119 Volscum
1289 2083 1452 2132 legioni-

128 2137 191 2175 agri
208 2137 318 2166 devas-

129 2185 247 2210 tantur.
343 2153 413 2189 bus
434 2152 560 2188 divisis
580 2151 677 2187 duci.
735 2151 799 2200 Sp.
819 2150 967 2192 Furius,
988 2149 1044 2185 M.
1066 2148 1250 2185 Horatius
1278 2148 1452 2183 dextror-

344 2229 406 2252 sus
436 2216 663 2252 maritimam
686 2227 791 2250 oram
821 2221 932 2262 atque
952 2214 1126 2255 Antium,
1147 2212 1194 2250 Q.
1216 2210 1393 2247 Servilius
1413 2217 1450 2247 et

345 2279 391 2318 L.
422 2280 614 2330 Geganius
658 2279 751 2316 laeva
787 2278 834 2315 ad
871 2285 1017 2315 montes
1056 2277 1234 2314 Ecetram
1278 2280 1451 2327 pergunt.
