1573 2598
86 285 261 325 Tarquiniu

83 335 219 366 portenti

84 379 194 401 caussa
212 372 260 401 De

84 414 164 451 phos
180 415 261 446 mitti

77 987 112 1017 L.
129 986 245 1018 Junius

76 1029 203 1061 Brutus,

303 166 357 229 ¹78
757 192 803 222 r,
828 192 960 223 1,1v11

264 297 277 318 ς
302 276 475 326 praesidia
507 276 590 315 urbi
627 277 755 316 futura
786 286 888 317 terra
922 281 1102 330 marique.
1159 279 1257 318 Haec
1287 283 1421 332 agenti

263 372 287 401 1-
300 348 519 391 portentum
535 341 702 379 terribile
716 344 856 380 visum:
879 345 1012 394 anguis
1030 357 1076 381 ex
1095 345 1271 383 columna
1287 346 1415 396 lignea

266 423 288 445 t,
300 404 461 455 elapsuS,
483 419 597 455 quum
616 413 799 444 terrorem
813 407 1017 458 fugamque
1035 409 1074 445 in
1090 409 1233 457 regiam
1247 408 1425 462 fecisset,-¹

298 469 414 519 ipsius
437 470 535 518 regis
561 482 638 506 non
664 477 743 507 tam
768 471 894 508 subito
919 484 1058 522 pavore
1079 473 1240 523 perculit
1266 480 1412 523 pectus,

297 545 410 582 quam
430 534 550 570 anxiis
572 533 729 584 inplevit
749 536 859 573 curis.
915 535 1050 586 Itaque
1072 549 1187 585 quum
1212 537 1260 573 ad
1287 537 1430 587 publi-r

295 608 340 632 ca
362 597 536 646 prodigia
555 597 709 633 Etrusci
733 604 883 635 tantum
901 605 1004 635 vates
1034 599 1314 644 adhiberentur,
1336 601 1412 638 hoc

295 658 398 696 velut
424 660 633 697 domestico
654 663 854 698 exterritus
874 663 969 706 visu,
989 663 1160 714 Delphos
1182 664 1228 700 ad
1247 655 1421 701 maxime*

295 722 468 760 inclitum
491 725 530 760 in
559 725 667 761 terris
697 725 892 762 oraculum
919 727 1070 763 mittere
1097 727 1256 763 statuit:
1287 735 1421 776 neque'

294 798 476 836 responsa
512 789 671 824 sortium
700 788 766 825 ulli
795 789 859 825 alii
888 790 1124 827 committere
1158 790 1284 834 ausus,
1314 790 1408 828 duos

292 849 388 886 filios
425 864 492 901 per
528 852 679 900 ignotas
709 865 753 888 ea
787 859 1010 903 tempestate
1046 860 1178 897 terras,
1216 854 1410 902 ignotiora

291 915 423 958 maria,
444 916 483 951 in
504 915 691 952 Graeeiam
709 917 824 953 misit.
881 917 990 953 Titus
1012 924 1049 953 et
1068 918 1193 953 Aruns
1219 917 1379 968 profecti
1395 919 1418 953 ε’

291 991 416 1015 comes
437 980 495 1016 his
513 980 659 1016 additus
675 980 722 1017 L.
735 980 760 1016 J
764 981 871 1017 unius
884 981 1040 1024 Brutus,
1053 982 1262 1031 Tarquinia
1277 985 1423 1018 sorore*

289 1041 388 1092 regis
407 1050 534 1087 natus,
549 1043 702 1094 juvenis
728 1044 842 1093 longe
861 1045 953 1081 alius
977 1046 1146 1093 ingenio,
1166 1058 1277 1094 quam
1298 1044 1404 1096 cujus

289 1106 570 1143 simulationem
599 1107 785 1144 induerat.
842 1107 895 1151 Is,
916 1121 1031 1157 quum
1060 1109 1242 1158 primores
1272 1109 1404 1146 civita-

287 1171 350 1214 tis,
372 1171 410 1207 in
430 1171 565 1221 quibus
585 1171 740 1208 fratrem
759 1185 869 1208 suum
888 1173 935 1209 ab
955 1173 1142 1210 avunculo
1162 1174 1420 1212 interfectum'

286 1234 466 1278 audisset,
487 1248 609 1284 neque
632 1236 670 1271 in
694 1236 820 1271 animo
841 1248 909 1272 suo
929 1236 1132 1285 quidquam
1156 1237 1236 1285 regi
1263 1238 1401 1273 timen-

285 1297 388 1341 dum,
418 1311 541 1348 neque
569 1299 608 1335 in
636 1299 792 1335 fortuna
820 1300 1163 1349 concupiscendum
1191 1300 1401 1350 relinquere

283 1363 431 1407 statuit,
458 1370 729 1413 contemtuque
750 1369 854 1400 tutus
881 1376 974 1407 esse,
996 1364 1061 1401 ubi
1089 1365 1128 1400 in
1150 1364 1238 1415 jure
1266 1378 1401 1415 parum

281 1426 446 1476 praesidii
468 1433 578 1464 esset.
634 1427 740 1476 Ergo
766 1440 813 1464 ex
837 1427 1023 1463 industria
1045 1427 1167 1464 factus
1197 1428 1245 1464 ad
1273 1429 1399 1465 imita-

281 1490 426 1528 tionem
456 1491 640 1535 stultitiae,
668 1505 784 1541 quum
811 1505 851 1528 se
879 1504 1019 1541 suaque
1047 1493 1182 1543 praedae
1212 1505 1292 1529 esse
1317 1493 1399 1542 regi

279 1554 434 1599 sineret,
448 1555 560 1592 Bruti
576 1569 726 1606 quoque
744 1556 846 1592 haud
864 1555 997 1593 abnuit
1012 1569 1246 1604 cognomen:
1269 1563 1311 1592 ut
1327 1556 1396 1593 sub

278 1618 358 1670 ejus
389 1620 551 1657 obtentu
579 1621 817 1669 cognominis
847 1619 1030 1656 liberator
1057 1620 1119 1656 ille
1153 1620 1284 1671 populi
1312 1620 1394 1657 Ro-

277 1685 380 1721 mani
417 1686 563 1721 animus
600 1685 720 1721 latens
751 1685 988 1735 opperiretur
1018 1693 1191 1734 tempora
1221 1698 1299 1722 sua.
1356 1684 1394 1721 Is

276 1753 360 1786 tum
395 1748 443 1785 ab
472 1747 688 1798 Tarquiniis
717 1748 850 1784 ductus
881 1747 1068 1798 Delphos,
1098 1747 1302 1784 ludibrium
1331 1761 1393 1784 ve-

275 1812 366 1855 rius,
388 1825 501 1861 quam
529 1824 670 1855 comes,
695 1824 851 1848 aureum
878 1811 1069 1855 baculum,
1096 1811 1282 1848 inclusum
1309 1824 1392 1848 cor·
1415 1827 1417 1829 ·

273 1888 348 1912 neo
367 1882 502 1912 cavato
526 1876 573 1912 ad
595 1876 631 1912 id
654 1875 806 1919 baculo,
825 1875 958 1912 tulisse
977 1876 1119 1912 donum
1137 1875 1308 1926 Apollini
1334 1877 1390 1912 di-

273 1940 385 1983 citur,
407 1952 473 1990 per
495 1941 672 1990 ambages
693 1941 853 1988 effigiem
876 1940 1020 1988 ingenii
1046 1940 1115 1977 sui.
1171 1940 1259 1979 Quo
1285 1947 1389 1990 post·
1413 1944 1416 1946 ’

273 2016 387 2053 quam
405 2012 560 2039 ventum
586 2010 656 2047 est,
682 2003 859 2054 perfectis
885 2003 1001 2054 patris
1024 2003 1225 2046 mandatis,
1252 2003 1390 2054 cupido

271 2067 426 2103 incessit
455 2068 600 2104 animos
623 2067 808 2119 juvenum
836 2067 1066 2111 sciscitandi,
1096 2068 1143 2104 ad
1179 2080 1290 2117 quem
1323 2080 1388 2104 eo-

270 2143 355 2168 rum
383 2144 542 2179 regnum
569 2131 788 2167 Romanum
817 2138 914 2168 esset
943 2137 1155 2167 venturum.
1211 2130 1273 2167 Ex
1302 2131 1388 2168 infi-

269 2207 333 2231 mo
363 2207 477 2244 specu
504 2208 637 2232 vocem
673 2196 858 2233 redditam
886 2196 1037 2233 ferunt:
1071 2197 1262 2245 Imperium
1290 2209 1386 2234 sum·

268 2271 365 2297 mum
385 2258 507 2296 Romae
527 2260 678 2303 habebit,
697 2262 757 2310 qui
777 2266 927 2298 vestrum
949 2263 1100 2310 primus,
1117 2273 1137 2298 ο
1153 2260 1309 2308 juvenes,
1330 2273 1386 2298 os-

270 2323 388 2360 culum
407 2325 515 2360 matri
535 2325 665 2361 cula-it.
720 2324 933 2375 Tarquinii,
963 2330 1005 2361 ut
1035 2324 1184 2368 Sextus,
1215 2326 1278 2375 qui
1303 2324 1383 2362 Ro-
