1573 2598
407 161 561 191 Lmen
585 159 619 188 1.
653 160 760 189 cAr.
784 159 890 189 x1v.
1151 157 1202 200 25

89 249 204 287 'ratio
223 250 410 286 Titienses
430 247 619 299 adpellati.
675 245 865 283 Lucerum
887 246 1050 283 nominis
1071 254 1109 282 et
1127 247 1203 283 ori-

89 314 187 363 ginis
208 325 338 350 caussa
358 314 501 349 incerta
520 316 589 347 est.
645 309 739 346 Inde
757 322 834 345 non
854 309 969 345 modo
988 321 1201 352 commune,

87 376 152 413 sed
173 389 329 413 concors
350 376 476 418 etiam,
497 386 656 423 regnum
676 372 822 409 duobus
842 373 992 422 regibus
1012 372 1096 409 fuit.

140 441 251 478 XIV.
272 441 364 478 Post
382 440 527 489 aliquot
546 450 665 475 annos
685 435 889 488 propinqui
908 437 1006 486 regis
1025 437 1129 474 Tatii
1148 437 1200 474 le-
1216 445 1258 475 U.
1275 445 1310 476 C.
1332 454 1380 477 ω.

87 512 197 554 gatos
216 505 465 541 Laurentium
483 502 654 554 pulsant:
681 513 871 551 quumque
889 500 1100 538 Laurentes
1113 500 1202 552 jure
1213 488 1253 563 ξ·
1269 489 1397 563 ,(ὲᾶῐζῗο·

86 571 257 619 gentium
293 574 461 618 agerent,
493 567 593 618 apud
625 565 782 603 Tatium
818 567 940 615 gratia
974 579 1128 603 suorum
1164 573 1202 604 et
1215 556 1339 606 mors.⁴

84 646 212 685 preces
241 633 324 684 plus
352 638 543 683 poterant.
600 631 724 681 Igitur
745 630 896 668 illorum
921 644 1075 682 poenam
1099 632 1139 669 in
1162 644 1202 669 se

84 699 222 735 vertit:
255 710 343 735 nam
367 695 534 741 Lavinii,
555 709 671 746 quum
696 694 743 732 ad
769 694 951 732 sollemne
976 696 1200 735 sacrificium

85 776 131 800 eo
149 762 325 806 venisset,
343 774 533 799 concursu
558 758 676 804 facto,
703 759 938 797 interficitur.
994 760 1093 798 Eam
1122 774 1201 800 rem

82 828 205 864 minus
235 837 346 876 aegre,
376 838 490 876 quam
521 826 679 875 dignum
702 831 801 869 erat,
832 823 962 861 tulisse
991 823 1200 863 Romulum

80 892 232 928 ferunt:
264 904 329 928 seu
358 891 407 928 ob
437 889 591 927 infidam
620 890 843 926 societatem
871 890 992 939 regni,
1017 903 1083 927 seu
1112 891 1200 940 quia

81 957 182 993 haud
209 955 348 1007 injuria
369 968 507 993 caesum
526 954 715 992 credebat.
771 953 907 1004 Itaque
925 953 1026 992 bello
1047 955 1199 1005 quidem

80 1018 286 1056 abstinuit:
318 1026 361 1056 ut
388 1026 518 1056 tamen
540 1019 783 1069 expiarentur
807 1016 1021 1067 legatorum
1048 1016 1198 1069 injuriat

78 1085 251 1134 regisque
280 1084 413 1127 caedes,
440 1083 566 1121 foedus
598 1083 698 1119 inter
724 1081 891 1119 Romam
920 1082 1197 1133 Laviniumque

76 1149 188 1185 urbes
208 1153 431 1186 renovatum
447 1155 516 1185 est.
571 1148 624 1184 Et
644 1160 728 1184 cum
754 1147 811 1184 his
832 1148 983 1196 quidem
1006 1149 1197 1199 insperata

75 1226 151 1264 pax
171 1219 252 1249 erat
269 1227 276 1248 :
308 1213 410 1249 aliud
438 1212 559 1249 multo
584 1212 754 1262 prop-lus,
776 1219 890 1261 atque
908 1213 948 1249 in
967 1213 1058 1263 ipsis
1077 1226 1196 1264 prope

74 1278 209 1329 portis,
224 1276 367 1314 bellum
386 1284 524 1314 ortum.
553 1275 768 1320 Fidenates,
788 1277 900 1313 nimis
916 1278 1057 1314 vicinas
1078 1291 1196 1330 prope
1210 1273 1340 1324 Belum}

75 1355 114 1379 se
133 1342 394 1380 convalescere
414 1355 503 1393 opes
524 1342 611 1386 rath
628 1342 846 1392 priusquam
868 1348 1018 1379 tantum
1046 1343 1193 1380 roboris
1207 1318 1393 1395 ssssffigde'

75 1413 188 1451 esset,
223 1413 407 1457 quantum
435 1407 605 1444 futurum
641 1406 860 1457 adparebat,
891 1414 1082 1458 occupant
1113 1408 1194 1446 bel-

74 1470 152 1507 lum
193 1471 317 1507 facere
339 1485 346 1506 :
389 1470 593 1522 juventute
633 1476 779 1507 armata
821 1471 990 1516 inmissa,
1024 1479 1196 1509 vastatur

74 1535 169 1584 agri,
190 1536 292 1584 quod
310 1536 410 1572 inter
428 1535 560 1572 urbem
580 1548 623 1572 ac
642 1535 803 1572 Fidenas
823 1542 891 1573 est.
949 1536 1044 1574 Inde
1063 1538 1109 1574 ad
1128 1538 1194 1575 lae-

72 1613 158 1636 vam
176 1601 287 1644 versi,
312 1602 400 1651 quia
422 1601 556 1637 dextra
576 1599 724 1638 Tiberis
752 1601 918 1645 arcebat,
939 1614 1026 1639 cum
1053 1613 1194 1653 magna
1242 1620 1245 1623 ’

71 1665 324 1715 trepidatione
344 1666 549 1715 agrestium
567 1665 800 1716 populantur
811 1673 822 1702 'z
854 1666 1114 1717 tumultusque
1133 1680 1193 1706 re-

71 1741 178 1779 pem,
209 1742 255 1765 ex
285 1730 383 1777 agris
414 1730 453 1766 in
485 1729 617 1766 urbem
650 1729 804 1773 inlatus,
831 1742 902 1779 pro
934 1732 1076 1767 nuncio
1104 1732 1191 1770 fuit.

70 1791 229 1829 Excitus
249 1792 437 1830 Romulus
458 1797 598 1844 (neque
626 1794 727 1830 enim
753 1793 975 1830 dilationem
1002 1796 1083 1845 pati
1111 1802 1191 1834 tam

70 1858 236 1894 vicinum
264 1857 405 1895 bellum
433 1858 604 1909 poterat)
639 1858 847 1895 exercitum
881 1859 1030 1895 educit:
1065 1867 1191 1898 castra

71 1935 94 1959 a
121 1921 272 1958 Fidenis
298 1922 400 1959 mille
425 1936 605 1974 passuum
639 1922 763 1959 locat:
795 1922 849 1959 ibi
877 1923 1029 1960 modico
1058 1927 1187 1975 praesi-

71 1988 133 2023 dio
153 1983 298 2031 relicto,
316 2000 486 2037 egressus
508 1987 683 2024 omnibus
704 1987 837 2037 copiis,
857 1994 1005 2038 partem
1024 1988 1188 2028 militum

70 2050 163 2087 locis
190 2049 288 2087 circa
315 2050 432 2088 densa
460 2051 586 2088 obsita
603 2050 768 2100 virgulta
796 2049 967 2087 obscuris
996 2052 1189 2092 subsidere

71 2115 109 2151 in
146 2114 289 2150 insidiis
318 2114 459 2165 jussit3
497 2126 582 2151 cum
618 2120 726 2165 parte
761 2114 906 2165 majore
937 2121 1051 2165 atque
1082 2119 1188 2155 omni

70 2177 240 2226 equitatu
275 2178 480 2228 profectus,
518 2179 557 2215 id
585 2179 687 2228 quod
715 2179 920 2229 quaerebat,
950 2179 1188 2220 tumultuoso

70 2249 108 2278 et
138 2241 276 2293 minaci
308 2254 444 2291 genere
471 2253 624 2294 pugnae,
656 2243 910 2293 adequitando
941 2242 1032 2293 ipsis
1068 2257 1188 2296 prope

71 2304 206 2356 portiS,
239 2305 389 2344 hostem
417 2307 579 2354 excivit3
620 2306 721 2356 fugae
759 2320 923 2358 quoque,
954 2320 1037 2358 quae
1069 2310 1185 2347 simu·

124 2368 225 2406 Von.
248 2369 280 2407 I.
624 2373 654 2408 C
