1573 2598
425 164 662 203 11113131711.
695 162 801 194 ch’.
829 165 885 194 11.
1162 154 1216 208 89

101 254 188 293 inde
217 255 350 304 magis,
371 254 459 304 quia
487 265 655 290 annuum
683 252 882 303 imperium
912 251 1108 289 consulare
1136 253 1214 291 fac·
1228 255 1270 286 U.
1285 253 1323 286 C.
1342 263 1415 288 245,

100 326 182 357 tum
212 326 282 363 est,
313 331 424 368 quarn
454 318 557 367 quod
594 317 830 354 deminutum
859 317 1064 368 quidquam
1092 319 1142 354 sit
1169 298 1316 357 exA’C'
1334 305 1410 335 4⁰⁷·

101 385 206 433 regia
234 390 437 435 potestate,
464 394 650 420 numeres.
708 381 849 418 Omnia
870 381 974 432 jura,
1003 384 1133 421 omnia
1157 384 1216 420 in-

86 449 225 497 signia
259 449 371 500 primi
408 446 580 484 consules
618 453 798 483 tenuere:
836 445 873 483 id
909 447 1026 484 modo
1063 454 1217 485 cautum

100 519 171 556 est,
191 526 253 556 ne,
276 513 308 548 si
336 512 450 549 ambo
480 512 601 549 fasces
626 511 825 555 haberent,
849 511 1061 562 duplicatus
1089 517 1219 549 terror

97 576 298 613 videretur.
348 576 495 613 ,Brutus
523 575 641 626 prior,
661 574 894 612 concedente
912 575 1072 624 collega,
1092 574 1214 613 fasces

98 640 261 677 habuit:
301 640 366 688 qui
399 652 480 675 non
516 639 640 676 acrior
675 639 813 676 vindex
848 639 1036 677 libertatis
1072 639 1214 683 fuerat,

99 703 212 755 quam
230 704 365 741 deinde
382 710 511 741 custos
529 704 615 743 fuit.
672 704 856 741 Omnium
882 705 1046 755 primum
1063 704 1216 741 avidum

98 782 207 807 novae
234 769 421 807 libertatis
449 768 648 820 populum,
666 782 716 806 ne
744 769 988 819 postmodum
1007 768 1108 805 flecti
1129 780 1217 818 pre-

99 833 214 870 cibus·
237 840 303 870 aut
334 833 442 868 donis
476 834 589 881 regiis
619 839 762 883 posset,
789 831 1043 883 jurejurando
1073 832 1213 880 adegit,
1228 835 1260 866 P.
1278 835 1316 866 R.
1331 833 1417 873 jurat

1226 890 1259 908 SC
1276 878 1396 917 regnari

1228 923 1340 952 Romae
1364 929 1432 950 non

98 961 182 1012 plus
205 962 340 998 virium
371 962 412 997 in
440 968 574 997 senatu
603 961 817 1010 frequentia
847 960 961 997 etiam
989 959 1131 996 ordinis
1157 959 1213 996 fa·
1226 973 1407 1006 passurum.

97 898 288 934 neminem
324 895 460 933 Romae
497 909 672 946 passuros
710 909 881 945 regnan-‚e
936 895 1100 939 Deinde,
1138 908 1214 944 quo

100 1032 215 1068 ceret,
237 1025 400 1061 caedibus
427 1025 527 1073 regis
556 1025 792 1061 deminutum
814 1023 971 1061 Patrum
999 1037 1212 1067 numerum,

98 1089 325 1140 primoribus
355 1090 537 1139 equestris
567 1089 704 1138 gradus
733 1088 854 1132 lectis,
882 1089 929 1124 ad
956 1094 1215 1125 trecentorum

100 1164 286 1189 summam
314 1152 504 1202 explevit:
541 1152 798 1201 traditumque
825 1151 913 1188 inde
940 1150 1075 1195 fertur,
1104 1157 1147 1187 ut
1174 1151 1215 1187 in

100 1221 274 1252 senatum
299 1221 541 1258 vocarentur,
572 1215 636 1263 qui
665 1215 813 1257 Patres,
844 1215 981 1263 quique
1010 1215 1215 1264 conscripti

100 1285 251 1317 essent:
284 1276 536 1329 conscriptos,
569 1277 759 1321 videlicet,
793 1278 833 1314 in
869 1290 1010 1314 novum
1042 1283 1217 1314 senatum

101 1343 342 1394 adpellabant
369 1343 501 1380 lectos.
558 1343 604 1379 Id
631 1343 769 1378 mirum
794 1348 978 1392 quantum
1003 1341 1150 1392 profuit
1170 1341 1217 1377 ad

99 1408 342 1445 concordiam
369 1407 532 1444 civitatis
558 1406 854 1459 jungendosque
881 1406 1058 1444 Patribus
1095 1405 1217 1458 plebis

101 1472 261 1509 animos.

153 1536 208 1573 II.
244 1535 390 1572 Rerum
426 1534 561 1572 deinde
597 1534 808 1572 divinarum
843 1534 977 1572 habita
1011 1547 1126 1571 cura.
1163 1539 1215 1578 et,
1229 1531 1298 1562 Rex
1314 1531 1410 1562 ⁵201}-

101 1600 190 1650 quia
208 1599 379 1649 quaedam
402 1599 554 1649 publica
572 1612 678 1635 sacra
696 1612 763 1649 per
788 1599 890 1650 ipsos
917 1611 1023 1648 reges
1043 1598 1248 1635 factitata
1230 1575 1359 1606 ficum&

102 1670 223 1707 erant,
243 1677 292 1700 ne
310 1663 443 1700 ubiubi
467 1676 600 1713 regum
625 1663 850 1700 desiderium
870 1669 982 1706 esset,
1001 1675 1130 1711 regem
1159 1675 1219 1698 sa-

102 1727 309 1765 crificulum
337 1733 478 1765 creant.
534 1728 581 1764 Id
610 1728 862 1764 sacerdotium
891 1727 1064 1777 pontifiei
1092 1725 1219 1776 subje-

102 1804 200 1836 cere,
221 1803 268 1828 ne
288 1780 435 1828 additus
461 1792 608 1828 nomini
635 1792 759 1828 honos
780 1791 921 1840 aliquid
950 1790 1132 1833 libertati,
1155 1802 1220 1826 cu-

95 1854 160 1907 jus
190 1862 281 1893 tunc
310 1857 432 1907 prima
460 1863 541 1893 erat
561 1869 664 1900 cura,
685 1856 892 1893 obficeret:
925 1868 968 1892 ac
991 1855 1135 1898 nescio,
1156 1867 1219 1898 an,

101 1920 214 1957 nimis
235 1920 399 1969 undique
414 1933 498 1957 eam
516 1920 682 1957 minimis
698 1933 849 1969 quoque
867 1919 977 1956 rebus
998 1919 1219 1961 muniendo,

101 1985 255 2022 modum
283 1986 526 2023 excesserint.
583 1984 760 2022 Consulis
786 1985 888 2021 enim
910 1983 1078 2026 alterius,
1105 1995 1222 2031 quum

102 2048 199 2085 nihil
224 2048 326 2086 aliud
352 2049 580 2094 obfenderit,
600 2063 742 2087 nomen
770 2050 934 2086 invisum
962 2047 1107 2084 civitati
1135 2047 1222 2083 fuit.

104 2112 267 2150 Nimium
298 2115 508 2163 Tarquinios
532 2127 641 2163 regno
669 2116 855 2151 adsuesse:
884 2114 1027 2149 initzum
1055 2125 1078 2148 α
1100 2112 1224 2147 Prisco
1237 2117 1414 2150 Collatinus

94 2176 255 2226 factum.
311 2178 489 2227 Regnasse
513 2180 638 2216 deinde
663 2179 741 2216 Ser
767 2179 949 2215 Tullium.-
978 2188 1021 2212 ηε
1039 2176 1226 2212 intervallo
1237 2163 1281 2236 Ξῖ
1294 2161 1430 2236 ἶὲζὲἒζ

105 2241 248 2288 quidem
264 2240 386 2290 jiztto,
416 2243 576 2286 oblitam,
607 2248 791 2291 tamquam
818 2242 940 2283 alieni,
969 2241 1068 2287 regni
1091 2240 1370 2288 Super-invisus.

107 2303 188 2342 bum
212 2305 445 2355 Tarquinium
458 2323 472 2354 ,-
501 2308 596 2344 velut
624 2307 865 2344 hoereditatem
890 2305 1004 2354 gentis
1029 2304 1156 2341 scelere
1183 2315 1227 2339 ae
