<?xml version="1.0" encoding="UTF-8"?>
<!DOCTYPE html PUBLIC "-//W3C//DTD XHTML 1.0 Transitional//EN"
    "http://www.w3.org/TR/xhtml1/DTD/xhtml1-transitional.dtd">
<html xmlns="http://www.w3.org/1999/xhtml" xml:lang="en" lang="en">
 <head>
  <title>
</title>
<meta http-equiv="Content-Type" content="text/html;charset=utf-8" />
  <meta name='ocr-system' content='tesseract 3.04.00' />
  <meta name='ocr-capabilities' content='ocr_page ocr_carea ocr_par ocr_line ocrx_word'/>
</head>
<body>
  <div class='ocr_page' id='page_1' title='image "./historiarumquaes01livyuoft/historiarumquaes01livyuoft_0044.png"; bbox 0 0 1573 2598; ppageno 0'>
   <div class='ocr_carea' id='block_1_1' title="bbox 277 194 953 248">
    <p class='ocr_par' dir='ltr' id='par_1_1' title="bbox 277 194 953 248">
     <span class='ocr_line' id='line_1_1' title="bbox 277 194 953 248; baseline 0.001 -13"><span class='ocrx_word' id='word_1_1' title='bbox 277 202 349 248; x_wconf 60' lang='lat'><strong>‘34</strong></span> <span class='ocrx_word' id='word_1_2' title='bbox 735 194 795 236; x_wconf 55' lang='grc' dir='ltr'><strong>Ἢν.</strong></span> <span class='ocrx_word' id='word_1_3' title='bbox 820 198 953 237; x_wconf 74' lang='lat' dir='ltr'><strong>mvn</strong></span> 
     </span>
    </p>
   </div>
   <div class='ocr_carea' id='block_1_2' title="bbox 74 286 1410 2338">
    <p class='ocr_par' dir='ltr' id='par_1_2' title="bbox 276 286 1407 474">
     <span class='ocr_line' id='line_1_2' title="bbox 283 286 1406 344; baseline 0.002 -15"><span class='ocrx_word' id='word_1_4' title='bbox 283 294 367 338; x_wconf 76' lang='lat' dir='ltr'><strong>‘via,</strong></span> <span class='ocrx_word' id='word_1_5' title='bbox 393 286 596 338; x_wconf 48' lang='lat' dir='ltr'><strong>ille*“bello‚</strong></span> <span class='ocrx_word' id='word_1_6' title='bbox 621 287 685 330; x_wconf 74' lang='lat' dir='ltr'><strong>hic</strong></span> <span class='ocrx_word' id='word_1_7' title='bbox 699 304 819 344; x_wconf 66' lang='lat' dir='ltr'><strong>pace,</strong></span> <span class='ocrx_word' id='word_1_8' title='bbox 849 294 1269 331; x_wconf 56' lang='lat' dir='ltr'><strong>civitatem²auxeffifit</strong></span> <span class='ocrx_word' id='word_1_9' title='bbox 1306 286 1406 331; x_wconf 61' lang='lat'><em>2130-</em></span> 
     </span>
     <span class='ocr_line' id='line_1_3' title="bbox 276 358 1407 410; baseline 0.001 -15"><span class='ocrx_word' id='word_1_10' title='bbox 276 358 415 396; x_wconf 82' lang='lat' dir='ltr'>&#39;mulus</span> <span class='ocrx_word' id='word_1_11' title='bbox 443 364 597 410; x_wconf 71' lang='lat' dir='ltr'><strong>&#39;septem</strong></span> <span class='ocrx_word' id='word_1_12' title='bbox 631 363 670 395; x_wconf 88' lang='lat' dir='ltr'><strong>et</strong></span> <span class='ocrx_word' id='word_1_13' title='bbox 703 358 865 408; x_wconf 63' lang='lat' dir='ltr'><strong>triginta</strong></span> <span class='ocrx_word' id='word_1_14' title='bbox 894 358 1068 408; x_wconf 84' lang='lat' dir='ltr'><strong>regnavit</strong></span> <span class='ocrx_word' id='word_1_15' title='bbox 1098 367 1219 395; x_wconf 87' lang='lat' dir='ltr'><strong>annos</strong></span> <span class='ocrx_word' id='word_1_16' title='bbox 1238 372 1247 394; x_wconf 72' lang='lat' dir='ltr'><strong><em>z</em></strong></span> <span class='ocrx_word' id='word_1_17' title='bbox 1264 358 1407 396; x_wconf 45' lang='lat' dir='ltr'><strong>*Numa</strong></span> 
     </span>
     <span class='ocr_line' id='line_1_4' title="bbox 291 420 1407 474; baseline 0.001 -15"><span class='ocrx_word' id='word_1_18' title='bbox 291 424 438 460; x_wconf 73' lang='lat' dir='ltr'><strong>t‘res&#39;et</strong></span> <span class='ocrx_word' id='word_1_19' title='bbox 467 422 730 472; x_wconf 82' lang='lat' dir='ltr'><strong>quadraginta.</strong></span> <span class='ocrx_word' id='word_1_20' title='bbox 784 420 886 460; x_wconf 88' lang='lat' dir='ltr'><strong>Tum</strong></span> <span class='ocrx_word' id='word_1_21' title='bbox 912 422 1050 467; x_wconf 80' lang='lat' dir='ltr'><strong>valida,</strong></span> <span class='ocrx_word' id='word_1_22' title='bbox 1079 429 1162 460; x_wconf 82' lang='lat' dir='ltr'><strong>tum</strong></span> <span class='ocrx_word' id='word_1_23' title='bbox 1196 428 1407 474; x_wconf 73' lang='lat' dir='ltr'><strong>temperata</strong></span> 
     </span>
    </p>

    <p class='ocr_par' dir='ltr' id='par_1_3' title="bbox 74 485 1410 2338">
     <span class='ocr_line' id='line_1_5' title="bbox 274 485 1060 541; baseline -0.001 -17"><span class='ocrx_word' id='word_1_24' title='bbox 274 491 331 541; x_wconf 80' lang='lat' dir='ltr'><strong>&#39;et</strong></span> <span class='ocrx_word' id='word_1_25' title='bbox 346 485 495 524; x_wconf 76' lang='lat' dir='ltr'><strong>b&#39;elli‘et</strong></span> <span class='ocrx_word' id='word_1_26' title='bbox 513 486 795 537; x_wconf 82' lang='lat' dir='ltr'><strong>pacis&#39;artibus‚</strong></span> <span class='ocrx_word' id='word_1_27' title='bbox 816 492 897 524; x_wconf 84' lang='lat' dir='ltr'><strong>erat</strong></span> <span class='ocrx_word' id='word_1_28' title='bbox 915 487 1060 524; x_wconf 78' lang='lat' dir='ltr'><strong>civitas.</strong></span> 
     </span>
     <span class='ocr_line' id='line_1_6' title="bbox 74 540 1408 621; baseline -0.002 -32"><span class='ocrx_word' id='word_1_29' title='bbox 74 540 249 621; x_wconf 38' lang='grc' dir='ltr'><strong>ἓξὲξ</strong></span> <span class='ocrx_word' id='word_1_30' title='bbox 328 540 483 589; x_wconf 64' lang='lat' dir='ltr'>&#39;XXIL</span> <span class='ocrx_word' id='word_1_31' title='bbox 515 551 655 588; x_wconf 76' lang='lat' dir='ltr'>Numoe</span> <span class='ocrx_word' id='word_1_32' title='bbox 683 557 806 588; x_wconf 88' lang='lat' dir='ltr'><strong>morte</strong></span> <span class='ocrx_word' id='word_1_33' title='bbox 834 551 880 588; x_wconf 91' lang='lat' dir='ltr'><strong>ad</strong></span> <span class='ocrx_word' id='word_1_34' title='bbox 910 552 1168 600; x_wconf 78' lang='lat' dir='ltr'>interregnum</span> <span class='ocrx_word' id='word_1_35' title='bbox 1196 562 1254 587; x_wconf 86' lang='lat' dir='ltr'><strong>res</strong></span> <span class='ocrx_word' id='word_1_36' title='bbox 1283 549 1408 587; x_wconf 87' lang='lat' dir='ltr'><strong>rediit.</strong></span> 
     </span>
     <span class='ocr_line' id='line_1_7' title="bbox 75 606 1407 666; baseline -0.002 -13"><span class='ocrx_word' id='word_1_37' title='bbox 75 606 279 660; x_wconf 49' lang='lat' dir='ltr'>TullusHoss-</span> <span class='ocrx_word' id='word_1_38' title='bbox 291 615 386 652; x_wconf 85' lang='lat' dir='ltr'><strong>Inde</strong></span> <span class='ocrx_word' id='word_1_39' title='bbox 403 615 559 653; x_wconf 83' lang='lat' dir='ltr'>Tullum</span> <span class='ocrx_word' id='word_1_40' title='bbox 577 615 803 659; x_wconf 79' lang='lat' dir='ltr'>Hostilium,</span> <span class='ocrx_word' id='word_1_41' title='bbox 831 622 1011 666; x_wconf 79' lang='lat' dir='ltr'>nepotem</span> <span class='ocrx_word' id='word_1_42' title='bbox 1039 614 1212 658; x_wconf 83' lang='lat' dir='ltr'>Hostilii,</span> <span class='ocrx_word' id='word_1_43' title='bbox 1234 613 1340 664; x_wconf 87' lang='lat' dir='ltr'>cujus</span> <span class='ocrx_word' id='word_1_44' title='bbox 1367 615 1407 651; x_wconf 90' lang='lat' dir='ltr'><strong>in</strong></span> 
     </span>
     <span class='ocr_line' id='line_1_8' title="bbox 74 671 1406 746; baseline -0.002 -29"><span class='ocrx_word' id='word_1_45' title='bbox 74 671 232 746; x_wconf 49' lang='grc' dir='ltr'><strong>ἓιῑῑῗὲξῑ</strong></span> <span class='ocrx_word' id='word_1_46' title='bbox 290 680 421 717; x_wconf 85' lang='lat' dir='ltr'><strong>infima</strong></span> <span class='ocrx_word' id='word_1_47' title='bbox 448 693 533 717; x_wconf 86' lang='lat' dir='ltr'><strong>arce</strong></span> <span class='ocrx_word' id='word_1_48' title='bbox 562 680 663 717; x_wconf 85' lang='lat' dir='ltr'><strong>clara</strong></span> <span class='ocrx_word' id='word_1_49' title='bbox 695 693 825 731; x_wconf 87' lang='lat' dir='ltr'>pugna</span> <span class='ocrx_word' id='word_1_50' title='bbox 856 680 1030 717; x_wconf 84' lang='lat' dir='ltr'><strong>adversus</strong></span> <span class='ocrx_word' id='word_1_51' title='bbox 1069 679 1231 716; x_wconf 90' lang='lat' dir='ltr'><strong>Sabinos</strong></span> <span class='ocrx_word' id='word_1_52' title='bbox 1266 678 1406 722; x_wconf 82' lang='lat' dir='ltr'><strong>fuerat,</strong></span> 
     </span>
     <span class='ocr_line' id='line_1_9' title="bbox 117 724 1406 796; baseline -0.003 -14"><span class='ocrx_word' id='word_1_53' title='bbox 117 724 137 754; x_wconf 68' lang='lat' dir='ltr'>g</span> <span class='ocrx_word' id='word_1_54' title='bbox 203 737 212 746; x_wconf 63' lang='lat'><em>⁶</em></span> <span class='ocrx_word' id='word_1_55' title='bbox 291 757 419 794; x_wconf 86' lang='lat' dir='ltr'><strong>regem</strong></span> <span class='ocrx_word' id='word_1_56' title='bbox 448 744 609 796; x_wconf 87' lang='lat' dir='ltr'>populus</span> <span class='ocrx_word' id='word_1_57' title='bbox 633 745 760 796; x_wconf 83' lang='lat' dir='ltr'>jussit.</span> <span class='ocrx_word' id='word_1_58' title='bbox 815 744 948 781; x_wconf 84' lang='lat' dir='ltr'><strong>Patres</strong></span> <span class='ocrx_word' id='word_1_59' title='bbox 975 749 1147 780; x_wconf 83' lang='lat' dir='ltr'>auctores</span> <span class='ocrx_word' id='word_1_60' title='bbox 1166 742 1271 780; x_wconf 81' lang='lat' dir='ltr'><strong>facti.</strong></span> <span class='ocrx_word' id='word_1_61' title='bbox 1327 743 1406 779; x_wconf 82' lang='lat' dir='ltr'><strong>Hic</strong></span> 
     </span>
     <span class='ocr_line' id='line_1_10' title="bbox 290 805 1408 859; baseline -0.004 -13"><span class='ocrx_word' id='word_1_62' title='bbox 290 822 371 846; x_wconf 87' lang='lat' dir='ltr'><strong>non</strong></span> <span class='ocrx_word' id='word_1_63' title='bbox 406 807 529 845; x_wconf 84' lang='lat' dir='ltr'>&#39;solum</span> <span class='ocrx_word' id='word_1_64' title='bbox 572 809 747 859; x_wconf 87' lang='lat' dir='ltr'>proximo</span> <span class='ocrx_word' id='word_1_65' title='bbox 783 809 863 858; x_wconf 84' lang='lat' dir='ltr'><strong>regi</strong></span> <span class='ocrx_word' id='word_1_66' title='bbox 900 806 1103 850; x_wconf 83' lang='lat' dir='ltr'>dissimilis,</span> <span class='ocrx_word' id='word_1_67' title='bbox 1141 806 1205 842; x_wconf 88' lang='lat' dir='ltr'><strong>sed</strong></span> <span class='ocrx_word' id='word_1_68' title='bbox 1242 805 1408 843; x_wconf 71' lang='lat' dir='ltr'><strong>ferocior</strong></span> 
     </span>
     <span class='ocr_line' id='line_1_11' title="bbox 276 870 1408 919; baseline -0.003 -10"><span class='ocrx_word' id='word_1_69' title='bbox 276 873 407 909; x_wconf 83' lang='lat' dir='ltr'><strong>&#39;etiam</strong></span> <span class='ocrx_word' id='word_1_70' title='bbox 434 871 603 908; x_wconf 81' lang='lat' dir='ltr'>Romulo</span> <span class='ocrx_word' id='word_1_71' title='bbox 631 871 726 909; x_wconf 86' lang='lat' dir='ltr'>fuit:</span> <span class='ocrx_word' id='word_1_72' title='bbox 758 878 840 908; x_wconf 88' lang='lat' dir='ltr'><strong>tum</strong></span> <span class='ocrx_word' id='word_1_73' title='bbox 870 877 958 907; x_wconf 80' lang='lat' dir='ltr'><strong>aetas</strong></span> <span class='ocrx_word' id='word_1_74' title='bbox 981 871 1166 919; x_wconf 86' lang='lat' dir='ltr'><strong>viresque,</strong></span> <span class='ocrx_word' id='word_1_75' title='bbox 1195 875 1277 906; x_wconf 80' lang='lat' dir='ltr'><strong>tum</strong></span> <span class='ocrx_word' id='word_1_76' title='bbox 1306 870 1408 906; x_wconf 85' lang='lat' dir='ltr'><strong>avita</strong></span> 
     </span>
     <span class='ocr_line' id='line_1_12' title="bbox 280 934 1408 987; baseline -0.004 -13"><span class='ocrx_word' id='word_1_77' title='bbox 280 942 442 987; x_wconf 76' lang='lat' dir='ltr'><strong>vquoque</strong></span> <span class='ocrx_word' id='word_1_78' title='bbox 467 936 590 986; x_wconf 84' lang='lat' dir='ltr'>gloria</span> <span class='ocrx_word' id='word_1_79' title='bbox 617 937 784 973; x_wconf 87' lang='lat' dir='ltr'><strong>animum</strong></span> <span class='ocrx_word' id='word_1_80' title='bbox 813 935 1044 973; x_wconf 84' lang='lat' dir='ltr'><strong>stimulabat.</strong></span> <span class='ocrx_word' id='word_1_81' title='bbox 1101 935 1303 972; x_wconf 77' lang='lat' dir='ltr'><strong>senescere</strong></span> <span class='ocrx_word' id='word_1_82' title='bbox 1333 934 1408 984; x_wconf 86' lang='lat' dir='ltr'><strong>igi-</strong></span> 
     </span>
     <span class='ocr_line' id='line_1_13' title="bbox 291 998 1406 1048; baseline -0.004 -11"><span class='ocrx_word' id='word_1_83' title='bbox 291 1007 353 1037; x_wconf 84' lang='lat' dir='ltr'><strong>tur</strong></span> <span class='ocrx_word' id='word_1_84' title='bbox 371 1001 564 1037; x_wconf 83' lang='lat' dir='ltr'><strong>civitatem</strong></span> <span class='ocrx_word' id='word_1_85' title='bbox 582 1001 663 1037; x_wconf 86' lang='lat' dir='ltr'>otio</span> <span class='ocrx_word' id='word_1_86' title='bbox 683 1006 800 1043; x_wconf 86' lang='lat' dir='ltr'>ratus,</span> <span class='ocrx_word' id='word_1_87' title='bbox 817 1000 982 1048; x_wconf 85' lang='lat' dir='ltr'>undique</span> <span class='ocrx_word' id='word_1_88' title='bbox 1001 999 1198 1034; x_wconf 83' lang='lat' dir='ltr'><strong>materiam</strong></span> <span class='ocrx_word' id='word_1_89' title='bbox 1217 998 1406 1034; x_wconf 68' lang='lat' dir='ltr'><strong>excitandi</strong></span> 
     </span>
     <span class='ocr_line' id='line_1_14' title="bbox 269 1060 1408 1113; baseline -0.004 -13"><span class='ocrx_word' id='word_1_90' title='bbox 269 1063 378 1100; x_wconf 70' lang='lat' dir='ltr'><strong>‘belli</strong></span> <span class='ocrx_word' id='word_1_91' title='bbox 408 1063 613 1113; x_wconf 77' lang='lat' dir='ltr'><strong>quaerebat.</strong></span> <span class='ocrx_word' id='word_1_92' title='bbox 667 1063 784 1100; x_wconf 81' lang='lat' dir='ltr'><strong>Forte</strong></span> <span class='ocrx_word' id='word_1_93' title='bbox 813 1063 951 1105; x_wconf 86' lang='lat' dir='ltr'><strong>evenit,</strong></span> <span class='ocrx_word' id='word_1_94' title='bbox 974 1067 1018 1097; x_wconf 89' lang='lat' dir='ltr'><strong>ut</strong></span> <span class='ocrx_word' id='word_1_95' title='bbox 1043 1067 1211 1110; x_wconf 82' lang='lat' dir='ltr'>agrestes</span> <span class='ocrx_word' id='word_1_96' title='bbox 1240 1060 1408 1097; x_wconf 86' lang='lat' dir='ltr'><strong>Romani</strong></span> 
     </span>
     <span class='ocr_line' id='line_1_15' title="bbox 269 1124 1407 1177; baseline -0.004 -13"><span class='ocrx_word' id='word_1_97' title='bbox 269 1125 340 1165; x_wconf 61' lang='lat' dir='ltr'><strong>&#39;ex&#39;</strong></span> <span class='ocrx_word' id='word_1_98' title='bbox 354 1127 510 1165; x_wconf 84' lang='lat' dir='ltr'>Albano</span> <span class='ocrx_word' id='word_1_99' title='bbox 539 1139 646 1177; x_wconf 85' lang='lat' dir='ltr'><strong>agro,</strong></span> <span class='ocrx_word' id='word_1_100' title='bbox 667 1126 808 1163; x_wconf 86' lang='lat' dir='ltr'>Albani</span> <span class='ocrx_word' id='word_1_101' title='bbox 837 1138 884 1163; x_wconf 85' lang='lat' dir='ltr'><strong>ex</strong></span> <span class='ocrx_word' id='word_1_102' title='bbox 911 1124 1092 1162; x_wconf 84' lang='lat' dir='ltr'><strong>Romano</strong></span> <span class='ocrx_word' id='word_1_103' title='bbox 1120 1124 1263 1174; x_wconf 78' lang='lat' dir='ltr'>praedas</span> <span class='ocrx_word' id='word_1_104' title='bbox 1294 1125 1332 1161; x_wconf 88' lang='lat' dir='ltr'><strong>in</strong></span> <span class='ocrx_word' id='word_1_105' title='bbox 1351 1125 1407 1161; x_wconf 82' lang='lat' dir='ltr'><strong>vi-</strong></span> 
     </span>
     <span class='ocr_line' id='line_1_16' title="bbox 281 1188 1407 1243; baseline -0.004 -15"><span class='ocrx_word' id='word_1_106' title='bbox 281 1192 372 1229; x_wconf 74' lang='lat' dir='ltr'><strong>&#39;cem</strong></span> <span class='ocrx_word' id='word_1_107' title='bbox 400 1199 570 1243; x_wconf 85' lang='lat' dir='ltr'><strong>agerent.</strong></span> <span class='ocrx_word' id='word_1_108' title='bbox 627 1190 876 1242; x_wconf 83' lang='lat' dir='ltr'><strong>Imperitabat</strong></span> <span class='ocrx_word' id='word_1_109' title='bbox 914 1196 993 1226; x_wconf 87' lang='lat' dir='ltr'><strong>tum</strong></span> <span class='ocrx_word' id='word_1_110' title='bbox 1024 1190 1067 1226; x_wconf 90' lang='lat' dir='ltr'><strong>C.</strong></span> <span class='ocrx_word' id='word_1_111' title='bbox 1097 1188 1256 1225; x_wconf 82' lang='lat' dir='ltr'>Cluilius</span> <span class='ocrx_word' id='word_1_112' title='bbox 1285 1188 1407 1225; x_wconf 80' lang='lat' dir='ltr'>Albae.</span> 
     </span>
     <span class='ocr_line' id='line_1_17' title="bbox 290 1253 1408 1306; baseline -0.004 -12"><span class='ocrx_word' id='word_1_113' title='bbox 290 1257 492 1306; x_wconf 84' lang='lat' dir='ltr'>Utrimque</span> <span class='ocrx_word' id='word_1_114' title='bbox 510 1256 625 1305; x_wconf 84' lang='lat' dir='ltr'><strong>legati</strong></span> <span class='ocrx_word' id='word_1_115' title='bbox 645 1256 723 1292; x_wconf 90' lang='lat' dir='ltr'><strong>fere</strong></span> <span class='ocrx_word' id='word_1_116' title='bbox 745 1255 814 1291; x_wconf 87' lang='lat' dir='ltr'><strong>sub</strong></span> <span class='ocrx_word' id='word_1_117' title='bbox 838 1255 937 1291; x_wconf 85' lang='lat' dir='ltr'><strong>idem</strong></span> <span class='ocrx_word' id='word_1_118' title='bbox 960 1261 1109 1303; x_wconf 86' lang='lat' dir='ltr'>tempus</span> <span class='ocrx_word' id='word_1_119' title='bbox 1137 1253 1183 1289; x_wconf 83' lang='lat' dir='ltr'><strong>ad</strong></span> <span class='ocrx_word' id='word_1_120' title='bbox 1211 1266 1270 1289; x_wconf 86' lang='lat' dir='ltr'><strong>res</strong></span> <span class='ocrx_word' id='word_1_121' title='bbox 1299 1266 1408 1303; x_wconf 85' lang='lat' dir='ltr'><strong>repe-</strong></span> 
     </span>
     <span class='ocr_line' id='line_1_18' title="bbox 271 1317 1406 1370; baseline -0.005 -12"><span class='ocrx_word' id='word_1_122' title='bbox 271 1321 420 1358; x_wconf 73' lang='lat' dir='ltr'><strong>&#39;&#39;tendas</strong></span> <span class='ocrx_word' id='word_1_123' title='bbox 439 1321 555 1357; x_wconf 86' lang='lat' dir='ltr'>missi.</span> <span class='ocrx_word' id='word_1_124' title='bbox 599 1319 730 1356; x_wconf 88' lang='lat' dir='ltr'>Tullus</span> <span class='ocrx_word' id='word_1_125' title='bbox 751 1325 981 1370; x_wconf 71' lang='lat' dir='ltr'><strong>praeceperat</strong></span> <span class='ocrx_word' id='word_1_126' title='bbox 1001 1318 1091 1362; x_wconf 88' lang='lat' dir='ltr'>suis,</span> <span class='ocrx_word' id='word_1_127' title='bbox 1112 1331 1159 1353; x_wconf 88' lang='lat' dir='ltr'><strong>nc</strong></span> <span class='ocrx_word' id='word_1_128' title='bbox 1179 1317 1268 1366; x_wconf 87' lang='lat' dir='ltr'>quid</span> <span class='ocrx_word' id='word_1_129' title='bbox 1287 1318 1406 1367; x_wconf 82' lang='lat' dir='ltr'>prius,</span> 
     </span>
     <span class='ocr_line' id='line_1_19' title="bbox 289 1381 1406 1435; baseline -0.004 -13"><span class='ocrx_word' id='word_1_130' title='bbox 289 1390 402 1435; x_wconf 79' lang='lat' dir='ltr'><strong>quam</strong></span> <span class='ocrx_word' id='word_1_131' title='bbox 429 1385 621 1428; x_wconf 78' lang='lat' dir='ltr'><strong>mandata,</strong></span> <span class='ocrx_word' id='word_1_132' title='bbox 642 1389 810 1433; x_wconf 86' lang='lat' dir='ltr'>agerent.</span> <span class='ocrx_word' id='word_1_133' title='bbox 868 1383 967 1419; x_wconf 84' lang='lat' dir='ltr'><strong>Satis</strong></span> <span class='ocrx_word' id='word_1_134' title='bbox 997 1381 1154 1424; x_wconf 84' lang='lat' dir='ltr'><strong>sciebat,</strong></span> <span class='ocrx_word' id='word_1_135' title='bbox 1180 1388 1406 1430; x_wconf 85' lang='lat' dir='ltr'><strong>negaturum</strong></span> 
     </span>
     <span class='ocr_line' id='line_1_20' title="bbox 271 1442 1407 1504; baseline -0.004 -17"><span class='ocrx_word' id='word_1_136' title='bbox 271 1442 507 1504; x_wconf 50' lang='lat' dir='ltr'>{Albanum3</span> <span class='ocrx_word' id='word_1_137' title='bbox 539 1450 594 1486; x_wconf 88' lang='lat' dir='ltr'><strong>ita</strong></span> <span class='ocrx_word' id='word_1_138' title='bbox 620 1449 682 1500; x_wconf 89' lang='lat' dir='ltr'><strong>pie</strong></span> <span class='ocrx_word' id='word_1_139' title='bbox 708 1447 851 1485; x_wconf 87' lang='lat' dir='ltr'>bellum</span> <span class='ocrx_word' id='word_1_140' title='bbox 879 1448 993 1484; x_wconf 84' lang='lat' dir='ltr'><strong>indici</strong></span> <span class='ocrx_word' id='word_1_141' title='bbox 1021 1459 1144 1497; x_wconf 83' lang='lat' dir='ltr'>posse.</span> <span class='ocrx_word' id='word_1_142' title='bbox 1200 1446 1263 1483; x_wconf 90' lang='lat' dir='ltr'><strong>Ab</strong></span> <span class='ocrx_word' id='word_1_143' title='bbox 1287 1446 1407 1483; x_wconf 76' lang='lat' dir='ltr'>Alba-</span> 
     </span>
     <span class='ocr_line' id='line_1_21' title="bbox 287 1510 1406 1563; baseline -0.004 -13"><span class='ocrx_word' id='word_1_144' title='bbox 287 1514 346 1550; x_wconf 84' lang='lat' dir='ltr'><strong>nis</strong></span> <span class='ocrx_word' id='word_1_145' title='bbox 376 1514 570 1551; x_wconf 83' lang='lat' dir='ltr'>socordius</span> <span class='ocrx_word' id='word_1_146' title='bbox 606 1526 665 1550; x_wconf 92' lang='lat' dir='ltr'><strong>res</strong></span> <span class='ocrx_word' id='word_1_147' title='bbox 695 1519 802 1549; x_wconf 83' lang='lat' dir='ltr'><strong>acta:</strong></span> <span class='ocrx_word' id='word_1_148' title='bbox 842 1511 990 1563; x_wconf 82' lang='lat' dir='ltr'>excepti</span> <span class='ocrx_word' id='word_1_149' title='bbox 1018 1511 1186 1561; x_wconf 87' lang='lat' dir='ltr'>hospitio</span> <span class='ocrx_word' id='word_1_150' title='bbox 1216 1510 1263 1547; x_wconf 89' lang='lat' dir='ltr'><strong>ab</strong></span> <span class='ocrx_word' id='word_1_151' title='bbox 1291 1510 1406 1547; x_wconf 83' lang='lat' dir='ltr'>Tullo</span> 
     </span>
     <span class='ocr_line' id='line_1_22' title="bbox 265 1571 1406 1628; baseline -0.002 -13"><span class='ocrx_word' id='word_1_152' title='bbox 265 1571 271 1586; x_wconf 74' lang='lat'>⁸</span> <span class='ocrx_word' id='word_1_153' title='bbox 286 1578 426 1616; x_wconf 82' lang='lat' dir='ltr'><strong>blande</strong></span> <span class='ocrx_word' id='word_1_154' title='bbox 440 1591 483 1615; x_wconf 90' lang='lat' dir='ltr'><strong>ac</strong></span> <span class='ocrx_word' id='word_1_155' title='bbox 496 1578 677 1628; x_wconf 83' lang='lat' dir='ltr'>benigne,</span> <span class='ocrx_word' id='word_1_156' title='bbox 691 1577 850 1615; x_wconf 80' lang='lat' dir='ltr'><strong>comiter</strong></span> <span class='ocrx_word' id='word_1_157' title='bbox 860 1577 959 1626; x_wconf 87' lang='lat' dir='ltr'>regis</span> <span class='ocrx_word' id='word_1_158' title='bbox 973 1576 1187 1613; x_wconf 86' lang='lat' dir='ltr'>convivium</span> <span class='ocrx_word' id='word_1_159' title='bbox 1202 1574 1406 1613; x_wconf 79' lang='lat' dir='ltr'><strong>celebrant.</strong></span> 
     </span>
     <span class='ocr_line' id='line_1_23' title="bbox 267 1632 1407 1694; baseline -0.004 -14"><span class='ocrx_word' id='word_1_160' title='bbox 267 1632 490 1694; x_wconf 82' lang='lat' dir='ltr'><strong>&#39;Tantisper</strong></span> <span class='ocrx_word' id='word_1_161' title='bbox 523 1643 693 1680; x_wconf 89' lang='lat' dir='ltr'><strong>Romani</strong></span> <span class='ocrx_word' id='word_1_162' title='bbox 729 1648 768 1679; x_wconf 91' lang='lat' dir='ltr'><strong>et</strong></span> <span class='ocrx_word' id='word_1_163' title='bbox 802 1654 861 1679; x_wconf 87' lang='lat' dir='ltr'><strong>res</strong></span> <span class='ocrx_word' id='word_1_164' title='bbox 893 1642 1148 1693; x_wconf 83' lang='lat' dir='ltr'><strong>repetiverant</strong></span> <span class='ocrx_word' id='word_1_165' title='bbox 1178 1640 1337 1690; x_wconf 77' lang='lat' dir='ltr'><strong>prioreS,</strong></span> <span class='ocrx_word' id='word_1_166' title='bbox 1368 1647 1407 1676; x_wconf 86' lang='lat' dir='ltr'><strong>et</strong></span> 
     </span>
     <span class='ocr_line' id='line_1_24' title="bbox 285 1704 1405 1757; baseline -0.004 -13"><span class='ocrx_word' id='word_1_167' title='bbox 285 1708 443 1757; x_wconf 87' lang='lat' dir='ltr'><strong>neganti</strong></span> <span class='ocrx_word' id='word_1_168' title='bbox 463 1707 616 1744; x_wconf 87' lang='lat' dir='ltr'>Albano</span> <span class='ocrx_word' id='word_1_169' title='bbox 634 1707 776 1744; x_wconf 80' lang='lat' dir='ltr'>bellum</span> <span class='ocrx_word' id='word_1_170' title='bbox 804 1707 843 1743; x_wconf 83' lang='lat' dir='ltr'><strong>in</strong></span> <span class='ocrx_word' id='word_1_171' title='bbox 871 1706 1107 1755; x_wconf 81' lang='lat' dir='ltr'>trigesimum</span> <span class='ocrx_word' id='word_1_172' title='bbox 1130 1704 1229 1741; x_wconf 87' lang='lat' dir='ltr'><strong>diem</strong></span> <span class='ocrx_word' id='word_1_173' title='bbox 1256 1704 1405 1740; x_wconf 79' lang='lat' dir='ltr'><strong>indixe-</strong></span> 
     </span>
     <span class='ocr_line' id='line_1_25' title="bbox 286 1768 1406 1818; baseline -0.003 -11"><span class='ocrx_word' id='word_1_174' title='bbox 286 1777 386 1809; x_wconf 81' lang='lat' dir='ltr'><strong>rant.</strong></span> <span class='ocrx_word' id='word_1_175' title='bbox 441 1771 538 1808; x_wconf 78' lang='lat' dir='ltr'><strong>Haec</strong></span> <span class='ocrx_word' id='word_1_176' title='bbox 574 1772 796 1808; x_wconf 87' lang='lat' dir='ltr'><strong>renuntiant</strong></span> <span class='ocrx_word' id='word_1_177' title='bbox 829 1770 957 1808; x_wconf 85' lang='lat' dir='ltr'>Tullo.</span> <span class='ocrx_word' id='word_1_178' title='bbox 1012 1770 1113 1807; x_wconf 75' lang='lat' dir='ltr'><strong>Tum</strong></span> <span class='ocrx_word' id='word_1_179' title='bbox 1146 1768 1282 1818; x_wconf 84' lang='lat' dir='ltr'><strong>legatis</strong></span> <span class='ocrx_word' id='word_1_180' title='bbox 1310 1768 1346 1805; x_wconf 86' lang='lat' dir='ltr'>T</span> <span class='ocrx_word' id='word_1_181' title='bbox 1347 1768 1406 1805; x_wconf 91' lang='lat' dir='ltr'><strong>ul-</strong></span> 
     </span>
     <span class='ocr_line' id='line_1_26' title="bbox 287 1832 1405 1887; baseline -0.003 -15"><span class='ocrx_word' id='word_1_182' title='bbox 287 1836 344 1873; x_wconf 87' lang='lat' dir='ltr'><strong>lus</strong></span> <span class='ocrx_word' id='word_1_183' title='bbox 374 1837 522 1874; x_wconf 82' lang='lat' dir='ltr'><strong>dicendi</strong></span> <span class='ocrx_word' id='word_1_184' title='bbox 550 1842 798 1887; x_wconf 82' lang='lat' dir='ltr'><strong>potestatem,·</strong></span> <span class='ocrx_word' id='word_1_185' title='bbox 817 1834 907 1885; x_wconf 85' lang='lat' dir='ltr'>quid</span> <span class='ocrx_word' id='word_1_186' title='bbox 933 1840 1104 1885; x_wconf 84' lang='lat' dir='ltr'><strong>petentes</strong></span> <span class='ocrx_word' id='word_1_187' title='bbox 1131 1832 1405 1876; x_wconf 43' lang='lat' dir='ltr'><strong>venerintsfa-</strong></span> 
     </span>
     <span class='ocr_line' id='line_1_27' title="bbox 287 1898 1405 1951; baseline -0.004 -14"><span class='ocrx_word' id='word_1_188' title='bbox 287 1902 364 1937; x_wconf 81' lang='lat' dir='ltr'>cit:</span> <span class='ocrx_word' id='word_1_189' title='bbox 396 1901 465 1945; x_wconf 75' lang='lat' dir='ltr'>illi,</span> <span class='ocrx_word' id='word_1_190' title='bbox 497 1901 664 1937; x_wconf 86' lang='lat' dir='ltr'>omnium</span> <span class='ocrx_word' id='word_1_191' title='bbox 694 1901 831 1949; x_wconf 88' lang='lat' dir='ltr'><strong>ignari,</strong></span> <span class='ocrx_word' id='word_1_192' title='bbox 861 1901 1023 1951; x_wconf 83' lang='lat' dir='ltr'>primum</span> <span class='ocrx_word' id='word_1_193' title='bbox 1051 1898 1248 1950; x_wconf 84' lang='lat' dir='ltr'><strong>purgando</strong></span> <span class='ocrx_word' id='word_1_194' title='bbox 1274 1904 1405 1934; x_wconf 83' lang='lat' dir='ltr'>terunt</span> 
     </span>
     <span class='ocr_line' id='line_1_28' title="bbox 286 1963 1405 2016; baseline -0.003 -15"><span class='ocrx_word' id='word_1_195' title='bbox 286 1971 465 2016; x_wconf 74' lang='lat' dir='ltr'><strong>tempus:</strong></span> <span class='ocrx_word' id='word_1_196' title='bbox 503 1966 552 2003; x_wconf 82' lang='lat' dir='ltr'><strong>Se</strong></span> <span class='ocrx_word' id='word_1_197' title='bbox 587 1967 712 2002; x_wconf 76' lang='lat' dir='ltr'><strong>invitos</strong></span> <span class='ocrx_word' id='word_1_198' title='bbox 744 1967 949 2014; x_wconf 77' lang='lat' dir='ltr'><strong>quidquam,</strong></span> <span class='ocrx_word' id='word_1_199' title='bbox 987 1965 1082 2013; x_wconf 80' lang='lat' dir='ltr'><strong>quod</strong></span> <span class='ocrx_word' id='word_1_200' title='bbox 1117 1965 1230 1999; x_wconf 77' lang='lat' dir='ltr'>minus</span> <span class='ocrx_word' id='word_1_201' title='bbox 1262 1963 1405 2012; x_wconf 80' lang='lat' dir='ltr'><strong>placeat</strong></span> 
     </span>
     <span class='ocr_line' id='line_1_29' title="bbox 293 2028 1410 2079; baseline -0.004 -12"><span class='ocrx_word' id='word_1_202' title='bbox 293 2031 410 2074; x_wconf 81' lang='lat' dir='ltr'><strong>Tullo,</strong></span> <span class='ocrx_word' id='word_1_203' title='bbox 441 2031 618 2075; x_wconf 75' lang='lat' dir='ltr'><em>dicturos3</em></span> <span class='ocrx_word' id='word_1_204' title='bbox 645 2032 707 2068; x_wconf 81' lang='lat' dir='ltr'><strong>sed</strong></span> <span class='ocrx_word' id='word_1_205' title='bbox 735 2030 1046 2079; x_wconf 67' lang='lat' dir='ltr'><strong>imperiosubigi:</strong></span> <span class='ocrx_word' id='word_1_206' title='bbox 1076 2040 1130 2065; x_wconf 84' lang='lat' dir='ltr'><strong>res</strong></span> <span class='ocrx_word' id='word_1_207' title='bbox 1156 2028 1343 2076; x_wconf 78' lang='lat' dir='ltr'><strong>repetitum</strong></span> <span class='ocrx_word' id='word_1_208' title='bbox 1369 2039 1410 2064; x_wconf 74' lang='lat' dir='ltr'><strong>se</strong></span> 
     </span>
     <span class='ocr_line' id='line_1_30' title="bbox 260 2088 1404 2141; baseline -0.003 -9"><span class='ocrx_word' id='word_1_209' title='bbox 260 2099 264 2103; x_wconf 84' lang='lat'><em>&#39;</em></span> <span class='ocrx_word' id='word_1_210' title='bbox 285 2096 428 2133; x_wconf 42' lang='lat' dir='ltr'><strong>venisses</strong></span> <span class='ocrx_word' id='word_1_211' title='bbox 470 2096 522 2132; x_wconf 82' lang='lat' dir='ltr'><strong>Ni</strong></span> <span class='ocrx_word' id='word_1_212' title='bbox 538 2097 747 2139; x_wconf 80' lang='lat' dir='ltr'><strong>reddantur,</strong></span> <span class='ocrx_word' id='word_1_213' title='bbox 769 2088 896 2132; x_wconf 78' lang='lat' dir='ltr'><strong>bellum</strong></span> <span class='ocrx_word' id='word_1_214' title='bbox 914 2096 1065 2131; x_wconf 70' lang='lat' dir='ltr'><strong>indicere</strong></span> <span class='ocrx_word' id='word_1_215' title='bbox 1072 2092 1198 2141; x_wconf 72' lang='lat' dir='ltr'><strong>jussos.</strong></span> <span class='ocrx_word' id='word_1_216' title='bbox 1243 2091 1305 2128; x_wconf 93' lang='lat' dir='ltr'><strong>Ad</strong></span> <span class='ocrx_word' id='word_1_217' title='bbox 1322 2092 1404 2129; x_wconf 83' lang='lat' dir='ltr'><strong>haec</strong></span> 
     </span>
     <span class='ocr_line' id='line_1_31' title="bbox 287 2155 1404 2209; baseline -0.004 -13"><span class='ocrx_word' id='word_1_218' title='bbox 287 2158 443 2196; x_wconf 86' lang='lat' dir='ltr'>Tullus:</span> <span class='ocrx_word' id='word_1_219' title='bbox 475 2160 665 2204; x_wconf 77' lang='lat' dir='ltr'><strong>Nunciate,</strong></span> <span class='ocrx_word' id='word_1_220' title='bbox 701 2160 837 2209; x_wconf 85' lang='lat' dir='ltr'>inquit,</span> <span class='ocrx_word' id='word_1_221' title='bbox 865 2160 942 2207; x_wconf 76' lang='lat' dir='ltr'><strong>regi</strong></span> <span class='ocrx_word' id='word_1_222' title='bbox 968 2163 1093 2201; x_wconf 73' lang='lat' dir='ltr'><strong>vestro,</strong></span> <span class='ocrx_word' id='word_1_223' title='bbox 1123 2168 1239 2205; x_wconf 80' lang='lat' dir='ltr'><strong>regem</strong></span> <span class='ocrx_word' id='word_1_224' title='bbox 1267 2155 1404 2193; x_wconf 85' lang='lat' dir='ltr'><strong>Roma·</strong></span> 
     </span>
     <span class='ocr_line' id='line_1_32' title="bbox 285 2223 1402 2275; baseline -0.004 -14"><span class='ocrx_word' id='word_1_225' title='bbox 285 2237 370 2261; x_wconf 80' lang='lat' dir='ltr'><strong>num</strong></span> <span class='ocrx_word' id='word_1_226' title='bbox 388 2225 490 2261; x_wconf 76' lang='lat' dir='ltr'><strong>Deos</strong></span> <span class='ocrx_word' id='word_1_227' title='bbox 500 2224 627 2275; x_wconf 83' lang='lat' dir='ltr'><strong>facere</strong></span> <span class='ocrx_word' id='word_1_228' title='bbox 649 2229 760 2268; x_wconf 79' lang='lat' dir='ltr'><strong>testes,</strong></span> <span class='ocrx_word' id='word_1_229' title='bbox 781 2227 860 2261; x_wconf 80' lang='lat' dir='ltr'><strong>uter</strong></span> <span class='ocrx_word' id='word_1_230' title='bbox 876 2224 978 2274; x_wconf 81' lang='lat' dir='ltr'>prius</span> <span class='ocrx_word' id='word_1_231' title='bbox 997 2223 1150 2273; x_wconf 80' lang='lat' dir='ltr'><strong>populus</strong></span> <span class='ocrx_word' id='word_1_232' title='bbox 1168 2232 1221 2258; x_wconf 75' lang='lat' dir='ltr'><strong>res</strong></span> <span class='ocrx_word' id='word_1_233' title='bbox 1245 2225 1402 2270; x_wconf 83' lang='lat' dir='ltr'><strong>repeten-</strong></span> 
     </span>
     <span class='ocr_line' id='line_1_33' title="bbox 286 2288 1402 2338; baseline -0.004 -13"><span class='ocrx_word' id='word_1_234' title='bbox 286 2293 336 2325; x_wconf 68' lang='lat' dir='ltr'><strong>tes</strong></span> <span class='ocrx_word' id='word_1_235' title='bbox 364 2289 496 2337; x_wconf 79' lang='lat' dir='ltr'><strong>legatos</strong></span> <span class='ocrx_word' id='word_1_236' title='bbox 518 2290 748 2338; x_wconf 77' lang='lat' dir='ltr'><strong>adspernatus</strong></span> <span class='ocrx_word' id='word_1_237' title='bbox 776 2289 960 2333; x_wconf 72' lang='lat' dir='ltr'><strong>dimiserit,</strong></span> <span class='ocrx_word' id='word_1_238' title='bbox 981 2292 1020 2325; x_wconf 80' lang='lat' dir='ltr'><strong>ut</strong></span> <span class='ocrx_word' id='word_1_239' title='bbox 1042 2288 1078 2323; x_wconf 78' lang='lat' dir='ltr'><strong>in</strong></span> <span class='ocrx_word' id='word_1_240' title='bbox 1099 2297 1178 2323; x_wconf 82' lang='lat' dir='ltr'><strong>eum</strong></span> <span class='ocrx_word' id='word_1_241' title='bbox 1202 2293 1402 2323; x_wconf 72' lang='lat' dir='ltr'><strong>omnesez-</strong></span> 
     </span>
    </p>
   </div>
   <div class='ocr_carea' id='block_1_3' title="bbox 269 2351 809 2402">
    <p class='ocr_par' dir='ltr' id='par_1_4' title="bbox 269 2351 809 2402">
     <span class='ocr_line' id='line_1_34' title="bbox 269 2351 809 2402; baseline 0.002 -12"><span class='ocrx_word' id='word_1_242' title='bbox 269 2354 272 2358; x_wconf 91' lang='grc'><strong><em>’</em></strong></span> <span class='ocrx_word' id='word_1_243' title='bbox 281 2353 407 2402; x_wconf 69' lang='lat' dir='ltr'><strong>petant</strong></span> <span class='ocrx_word' id='word_1_244' title='bbox 426 2351 565 2400; x_wconf 69' lang='lat' dir='ltr'><strong>hujusce</strong></span> <span class='ocrx_word' id='word_1_245' title='bbox 582 2354 698 2390; x_wconf 77' lang='lat' dir='ltr'><strong>clades</strong></span> <span class='ocrx_word' id='word_1_246' title='bbox 717 2353 809 2391; x_wconf 63' lang='lat' dir='ltr'><strong>belli.</strong></span> 
     </span>
    </p>
   </div>
  </div>
 </body>
</html>
