1573 2598
327 161 383 206 70
781 171 826 199 'rr
851 171 982 200 mvn

326 261 408 293 tare
435 262 587 307 poterat
613 269 692 293 non
721 263 915 307 suspectos
943 258 1059 294 modo
1087 264 1153 294 aut
1188 259 1343 304 invisoe,
1373 260 1438 299 sed

326 321 426 357 unde
459 320 556 356 nihil
591 319 706 364 aliud,
744 333 856 370 quam
893 321 1071 372 praedam,
1110 334 1260 372 sperare
1295 330 1437 374 posset,

325 383 388 421 Ita
406 385 562 421 Patrum
587 385 775 435 praecipue
794 398 950 422 numero
970 387 1174 429 inminuto,
1195 388 1329 424 statuit
1352 389 1436 425 nul—

323 448 381 485 los
401 450 440 485 in
460 449 591 485 Patres
608 448 732 497 legere
750 466 761 495 5
793 463 868 499 quo
889 451 1117 487 contenitior
1142 452 1333 501 paucitate
1356 453 1438 502 ipsa

323 514 418 549 ordo
436 519 547 557 esset,
568 513 765 562 minusque
791 527 857 564 per
875 527 913 550 se
933 515 1028 551 nihil
1050 516 1112 564 agi
1137 515 1436 564 indignarentur.

323 573 400 614 H'ic
426 578 527 614 enim
548 589 680 625 regum
708 578 849 627 primus
878 578 1059 615 traditum
1088 592 1110 615 a
1137 579 1324 629 prioribus
1354 593 1436 617 mo-

321 654 401 678 rem
423 641 469 678 de
489 641 666 677 omnibus
687 648 860 678 senatum
885 642 1107 679 consulendi
1135 642 1248 679 solvit
1266 658 1273 679 :
1305 644 1435 681 dome-

321 706 425 742 sticis
452 705 619 742 consiliis
647 705 919 755 rempublicam
945 707 1246 743 administravit:
1278 707 1433 753 bellum,

319 782 466 820 pacem,
492 769 650 812 foedera,
678 771 877 806 societates
907 783 972 820 per
1001 784 1040 808 se
1068 772 1161 821 ipse,
1186 785 1271 807 cum
1300 773 1434 821 quibus

319 834 454 878 vomit,
478 833 624 884 injussu
646 834 777 884 populi
807 848 850 871 ac
878 842 1044 878 senatus,
1072 835 1176 878 fecit,
1199 836 1435 886 diremitque.

105 904 233 936 latinos
247 906 306 937 sibi
319 898 548 936 Latinorum
577 899 648 934 sibi
674 899 838 935 maxime
861 906 1013 948 gentem
1039 899 1280 944 conciliabat,
1301 907 1344 937 ut
1367 914 1432 952 pe-

102 949 263 981 conciliat.

92 1683 281 1716 Conventus

97 1726 223 1760 Latinos
228 1740 295 1760 um-

89 2008 223 2038 Turnus

92 2052 275 2082 Herdonius

90 2096 124 2126 in
139 2096 294 2136 Tarquin.

91 2139 263 2171 invehitur.

318 965 477 1013 regrinis
504 975 654 1012 quoque
674 963 808 1012 opibus
827 963 946 999 tutior
971 964 1069 999 inter
1091 964 1189 999 cives
1210 971 1308 1000 esset
1325 979 1333 1000 τ
1364 976 1432 1002 ne-

317 1042 390 1078 que
418 1028 585 1077 hospitia
612 1027 727 1063 modo
751 1040 835 1062 cum
864 1027 1091 1076 primoribus
1111 1041 1255 1071 eorum,
1273 1029 1338 1064 sed
1366 1030 1432 1066 ad-

316 1093 482 1130 finitates
511 1105 675 1141 quoque,
695 1090 897 1141 jungebat.
953 1091 1115 1127 Octavio
1139 1091 1315 1130 Mamilio
1333 1094 1433 1130 Tus-

315 1157 468 1199 culano,
501 1156 549 1203 (is
578 1154 694 1203 longe
720 1155 893 1205 princeps
923 1154 1053 1191 Latini
1082 1156 1246 1192 nominis
1275 1164 1369 1201 erat,
1399 1159 1431 1196 si

314 1221 425 1258 famae
459 1220 658 1261 credimus,
689 1218 736 1254 ab
768 1218 882 1254 Ulixe
910 1218 1068 1268 Deaque
1094 1219 1202 1255 Circe
1227 1221 1427 1268 oriundus)

315 1287 350 1322 ei
385 1283 562 1321 Mamilio
594 1283 709 1319 filiam
742 1289 904 1332 nuptum
939 1283 1034 1328 dat3
1084 1295 1223 1333 perque
1258 1297 1320 1321 eas
1356 1299 1427 1322 nu·-

313 1350 412 1400 ptias
445 1348 584 1385 multos
621 1347 693 1383 sibi
722 1354 907 1396 cognatos
944 1347 1160 1396 amicosque
1189 1346 1268 1397 ejus
1298 1351 1426 1386 conci-

312 1414 394 1450 liat.
1412 1410 1414 1412 ’

366 1477 413 1514 L.
442 1476 466 1513 J
470 1489 530 1513 am
549 1488 689 1524 magna
706 1474 904 1524 Tarquinii
923 1475 1128 1511 auctoritas
1150 1476 1247 1512 inter
1264 1476 1425 1515 Latino—

312 1554 396 1578 rum
414 1553 588 1591 proceres
609 1545 689 1575 erat
707 1555 716 1583 3
748 1552 877 1587 quum,
898 1539 937 1574 in
956 1539 1055 1574 diem
1074 1546 1214 1576 certam
1234 1547 1276 1576 ut
1299 1541 1347 1578 ad
1366 1541 1424 1578 lu-

312 1619 398 1643 cum
412 1605 625 1642 Ferentinae
645 1603 886 1645 conveniant,
908 1603 1039 1638 indicit
1057 1617 1064 1638 :
1097 1616 1190 1647 esse,
1212 1617 1294 1653 quae
1313 1618 1425 1654 agere

311 1671 357 1707 de
375 1669 486 1706 rebus
505 1666 767 1704 communibus
786 1665 889 1702 velit.
946 1666 1188 1702 Conveniunt
1210 1667 1424 1717 frequentes

309 1735 431 1786 prima
448 1733 556 1769 luce:
589 1733 668 1781 ipse
687 1730 914 1779 Tarquinius
937 1731 1036 1766 diem
1061 1731 1210 1780 quidem
1236 1734 1396 1769 servavit
1409 1750 1421 1780 5

311 1798 376 1835 sed
403 1796 532 1847 paullo
561 1804 662 1838 ante,
686 1807 799 1843 quam
823 1794 883 1830 sol
905 1794 1106 1837 occideret,
1128 1796 1241 1832 venit.
1296 1796 1424 1834 Multa

310 1863 363 1899 ibi
396 1869 479 1898 tota
511 1861 571 1898 die
603 1861 643 1895 in
679 1859 841 1895 concilio
871 1860 981 1895 variis
1009 1858 1158 1909 jactata
1185 1862 1421 1898 sermonibus

309 1932 428 1963 erant.
484 1924 634 1960 Turnus
675 1923 893 1959 Herdonius
927 1922 974 1959 ab
1011 1923 1140 1959 Aricia
1174 1923 1350 1961 ferociter
1382 1927 1421 1963 in

307 1989 503 2026 absentem
531 1987 779 2035 Tarquinimn
813 1992 893 2021 erat
926 1987 1094 2022 invectus
1110 2004 1123 2030 ;
1152 1988 1265 2024 Haud
1293 1991 1422 2026 mirum

306 2065 388 2096 esse,
419 2052 576 2100 Superbo
612 2052 763 2086 inclitum
792 2050 916 2087 Roma?
942 2063 1154 2098 cognomen:
1187 2051 1283 2101 (jam
1319 2055 1420 2091 enim

306 2118 361 2153 ita
380 2116 476 2152 clam
498 2115 649 2164 quidem
675 2115 930 2157 mussitanteS,
951 2114 1065 2162 vulgo
1084 2121 1226 2159 tamen,
1247 2129 1332 2153 eum
1351 2118 1418 2154 ad·

305 2179 529 2231 peilabant.)
588 2180 646 2214 An
668 2180 860 2227 quidquam
883 2178 1061 2226 superbius
1083 2191 1165 2220 esse,
1192 2193 1299 2228 quam
1323 2183 1418 2218 ludi-

294 2245 406 2294 ficari
428 2245 478 2280 sic
499 2255 599 2280 omne
622 2255 743 2279 nomen
764 2243 933 2278 Latinum
949 2244 969 2278 :9
998 2243 1222 2291 Principibus
1253 2246 1354 2293 longe
1373 2247 1418 2282 ab

303 2309 409 2345 domo
436 2309 569 2353 accitis,
594 2309 719 2357 ipsum,
747 2309 806 2356 qui
835 2308 1022 2344 concilium
1049 2310 1227 2352 indixerit,
1253 2322 1322 2346 non
1349 2311 1415 2346 ad-
