1573 2598
386 169 543 198 LIBER
564 168 622 198 11.
653 168 760 197 CAP.
782 167 922 196 XLIV·
1135 167 1210 208 141

91 260 216 311 ipsius
243 257 322 309 ejus
350 259 519 307 collegae,
546 257 669 294 coorti
696 263 809 292 sunt:
843 255 1058 306 auxilioque
1085 270 1216 295 eorum

101 324 286 361 delectum
308 323 480 360 consules
507 322 661 359 habent.
718 321 779 357 Ad
804 321 879 357 duo
899 321 1011 357 simul
1032 322 1132 359 bella
1151 336 1216 359 ex-

101 390 239 426 ercitus
277 388 481 424 scribitur:
521 386 712 423 ducendus
742 385 863 421 Fabio
899 387 938 423 in
975 386 1139 435 AEquos,
1178 388 1218 423 in

102 451 281 489 Veientes
300 451 416 488 Furio
435 451 556 487 datur.
612 450 664 486 Et
687 450 725 485 in
745 449 969 486 Veientibus
990 451 1140 499 quidem
1159 451 1219 487 ni-

101 515 157 552 hil
185 516 340 564 dignum
370 515 551 550 memoria
580 519 729 562 gestum
756 519 825 549 est.
881 513 1002 549 Fabio
1022 514 1219 563 aliquanto

102 580 186 631 plus
212 580 356 628 negotii
376 591 461 614 cum
481 578 638 620 civibus,
659 590 772 626 quam
795 589 880 613 cum
908 577 1096 621 hostibus,
1117 578 1190 615 fuit
1208 593 1217 616 :

104 655 201 679 unus
237 643 300 679 ille
335 643 392 678 vir
430 643 510 692 ipse
547 641 680 677 consul
715 640 989 690 rempublicam
1025 642 1218 686 sustinuit,
1234 646 1373 677 Romani

95 719 219 756 -quam
248 707 433 743 exercitus
463 705 552 742 odio
581 704 762 747 consulis,
785 710 968 754 quantum
996 705 1034 741 in
1065 718 1104 742 se
1131 705 1220 750 fuit,
1233 689 1351 721 “¹¹¹¹‘OE
1366 698 1426 720 ¹¹0·

1235 734 1306 763 lunt
1320 733 1392 763 vin-

105 769 304 821 prodebat.
360 770 461 822 Nam
491 781 608 819 quum
636 767 782 811 consul,
812 774 950 818 praeter
978 775 1121 805 ceteras
1149 770 1220 806 im·
1234 785 1318 807 cere.

106 835 316 885 peratorias
354 840 467 877 artes,
506 846 598 883 quas
639 833 808 883 parando
844 833 1086 882 gerendoque
1121 833 1225 871 bello

109 900 226 936 edidit
244 898 437 950 plurimas,
454 899 509 935 ita
529 898 771 934 instruxisset
789 897 923 939 aciem,
939 904 995 940 ut,
1016 897 1099 934 solo
1119 899 1225 948 equi-

108 970 192 1001 tatu
230 964 381 1007 emisso,
416 963 624 999 exercitum
655 962 825 998 hostium
855 961 1045 1006 funderet,
1078 963 1226 1012 insequi

106 1029 212 1067 fusos
242 1029 354 1080 pedes
382 1027 528 1064 noluit:
560 1040 630 1064 nec
656 1026 755 1069 illos,
777 1033 815 1063 et
842 1026 874 1063 si
901 1039 981 1063 non
1009 1027 1228 1066 adhortatio

109 1094 222 1131 invisi
250 1094 368 1137 ducis,
390 1105 496 1129 suum
524 1091 658 1128 saltem
686 1091 872 1140 flagitium
898 1096 936 1127 et
964 1091 1158 1141 publicum
1186 1093 1225 1129 in

97 1158 312 1209 praesentia
341 1157 516 1200 dedecus,
547 1156 750 1206 postmodo
780 1155 1002 1206 periculum,
1023 1157 1053 1191 si
1080 1157 1227 1193 animus

110 1222 214 1259 hosti
251 1222 421 1264 redisset,
456 1232 592 1269 cogere
629 1221 756 1270 potuit
791 1220 949 1268 gradum
987 1220 1199 1257 adcelerare
1215 1237 1228 1267 3

112 1292 192 1329 aut,
213 1286 245 1321 si
270 1285 370 1322 aliud
399 1284 508 1328 nihil,
529 1285 671 1320 instare
696 1285 914 1320 instructos.
971 1283 1126 1335 Injussu
1154 1286 1232 1334 sig-

113 1363 166 1388 na
182 1350 365 1394 referunt,
391 1350 608 1399 moestique,
632 1348 817 1396 (crederes
833 1349 973 1395 victos)
992 1358 1230 1387 exsecrantes

115 1426 217 1450 nunc
253 1414 534 1464 imperatorem,
566 1425 666 1448 nunc
702 1418 880 1448 navatam
909 1412 956 1448 ab
987 1413 1112 1462 equite
1141 1427 1234 1464 ope-

114 1491 211 1521 ram,
241 1478 400 1514 redeunt
427 1479 466 1514 in
502 1483 636 1514 castra.
691 1476 776 1513 Nec
808 1477 897 1513 huic
928 1483 1008 1513 tam
1041 1478 1236 1528 pestilenti

113 1541 290 1591 exemplo
309 1541 475 1577 remedia
498 1540 574 1577 ulla
599 1540 646 1577 ab
672 1541 900 1590 imperatore
929 1541 1088 1589 quaesita
1117 1548 1232 1578 sunt:

118 1606 213 1642 adeo
244 1605 515 1642 excellentibus
545 1606 706 1654 ingeniis
733 1605 843 1641 citius
867 1604 1029 1641 defuerit
1057 1619 1131 1650 ars,
1161 1619 1236 1656 qua

117 1670 238 1706 civem
265 1675 413 1718 regant,
434 1682 547 1719 quam
573 1681 647 1718 qua
670 1669 821 1705 hostem
845 1676 1035 1718 superent.
1093 1670 1239 1706 Consul

120 1733 287 1769 Romam
315 1734 440 1777 rediit,
470 1746 548 1770 non
577 1740 657 1769 tam
688 1733 778 1769 belli
810 1733 933 1782 gloria
965 1740 1090 1777 aucta,
1125 1747 1240 1783 quam

121 1797 272 1833 irritato
301 1797 604 1845 exacerbatoque
633 1798 671 1832 in
706 1809 745 1832 se
774 1797 936 1851 militum
966 1797 1068 1833 odio.
1124 1797 1240 1834 Obti-

120 1874 238 1900 nuere
267 1869 395 1899 tamen
419 1862 566 1905 Patres,
593 1868 636 1898 ut
663 1863 701 1898 in
731 1861 852 1898 Fabia
880 1869 992 1910 gente
1021 1863 1240 1900 consulatus

123 1935 306 1965 maneret.
361 1926 418 1964 M.
439 1927 600 1964 Fabium
620 1926 814 1963 consulem
834 1934 963 1964 creant
981 1943 988 1964 :
1020 1927 1142 1964 Fabio
1163 1929 1242 1966 col-

125 1992 212 2042 lega
232 1992 303 2028 Cn.
322 1990 491 2027 Manlius
513 1992 634 2028 datur.

181 2055 329 2092 XLIV.
365 2056 418 2092 Et
453 2056 516 2092 hic
545 2069 665 2092 annus
694 2055 890 2092 tribunum
919 2062 1114 2093 auctorem
1149 2055 1243 2106 legis
1257 2055 1299 2086 U·
1318 2054 1353 2084 C·
1373 2060 1446 2089 274-

129 2120 286 2169 agrariae
315 2119 460 2156 habuit.
517 2119 578 2156 Ti.
606 2119 832 2156 Pontificius
861 2118 959 2156 fuit:
1000 2120 1046 2163 is,
1077 2100 1297 2157 eamdem*
1315 2097 1351 2128 θ’
1368 2103 1441 2132 ⁴⁷⁸⁴

130 2185 243 2226 viam,
262 2182 367 2219 velut
393 2184 639 2234 processisset
668 2184 731 2235 Sp.
751 2184 918 2227 Licinio,
948 2184 1154 2233 ingressus,
1182 2184 1246 2221 de-

129 2246 271 2290 lectum
295 2246 499 2297 paullisper
524 2247 694 2297 inpediit.
749 2247 986 2284 Perturbatis
1011 2247 1150 2284 iterum
1174 2248 1248 2285 Pa-

125 2311 266 2355 tribus,
292 2311 365 2362 Ap.
393 2311 586 2356 Claudius,
610 2311 645 2347 V
643 2314 751 2351 icta-m
778 2312 1002 2349 tribuniciam
1024 2317 1250 2362 potestatem,
1262 2313 1452 2387 ἔξὲῗξξὲῗὲ)

1293 2367 1300 2386 Ι
