1573 2598
126 586 168 616 U.
184 586 219 616 C.
238 593 311 620 294-

124 629 162 659 Α.
177 628 214 659 C.
231 636 302 661 458.

129 1615 313 1647 Herdonius

128 1659 325 1698 Capitolium

128 1710 276 1743 occupat.

335 173 418 216 188
810 187 855 215 'r-
877 187 1011 216 1,1v11

336 275 401 311 sed
430 275 562 311 refecti
591 285 740 322 quoque
765 275 805 310 in
834 275 1095 322 insequentem
1121 286 1287 311 annum:
1317 287 1366 312 ne
1384 288 1454 312 vo·

338 351 380 375 ce
417 339 567 387 quidem
594 339 848 381 incommoda,
885 339 1024 374 nedum
1051 344 1093 374 ut
1125 338 1203 374 ulla
1237 340 1294 376 vis
1331 340 1451 383 fieret,

336 401 533 453 paullatim
576 400 843 451 permulcendo
880 401 1153 450 tractandoque
1195 403 1454 439 mansuefece-

337 473 424 503 rant
460 464 621 516 plebem.
677 464 750 501 His
787 478 855 515 per
884 471 1011 502 totum
1044 478 1186 502 annum
1217 467 1362 504 artibus
1393 466 1455 505 lex

339 530 444 566 elusa
462 536 532 566 est.

391 594 481 630 XV.
510 594 716 643 Accipiunt
736 593 929 630 civitatem
954 593 1199 643 placidiorem
1217 593 1390 629 consules
1411 593 1456 630 C.

340 657 536 700 Claudius,
554 657 670 707 Appii
690 653 801 700 filius,
823 663 861 693 et
880 657 923 694 P.
944 657 1116 694 Valerius
1136 656 1346 693 Publicola,
1383 656 1457 693 Ni-

337 720 392 756 hil
419 721 508 756 novi
537 733 657 757 novus
687 733 807 756 annus
831 720 1041 757 adtulerat:
1074 720 1168 769 legis
1197 720 1362 756 ferendae
1391 727 1458 756 aut

337 784 566 834 accipiendae
601 797 690 821 cura
723 785 915 821 civitatem
942 784 1113 821 tenebat.
1169 784 1367 834 Quantum
1391 783 1458 834 ju-

337 848 463 884 niores
484 848 640 885 Patrum
663 848 764 898 plebi
787 861 826 884 se
845 849 966 897 magis
986 848 1246 893 insinuabant,
1267 861 1313 884 eo
1334 848 1458 884 acrius

339 919 475 950 contra
492 914 635 949 tribuni
659 914 879 957 tendebant,
900 921 943 950 ut
965 913 1067 963 plebi
1087 920 1280 962 suspectos
1301 926 1365 949 eos
1386 914 1458 949 cri—

340 977 521 1013 minando
549 977 728 1014 facerent.
788 976 1077 1023 Conjarationem
1092 977 1254 1026 factam,
1274 977 1460 1013 Kaesonem

339 1042 465 1077 Romae
493 1054 590 1077 esse:
618 1042 941 1091 imerficiendorum
975 1042 1208 1084 tribunormn,
1239 1039 1462 1078 trucidandae

335 1105 450 1154 plebis
473 1106 621 1141 consilia
649 1107 752 1141 inita.
810 1106 856 1141 Id
883 1108 1015 1153 negotii
1044 1107 1168 1142 datum
1199 1106 1243 1142 ab
1269 1105 1462 1142 senioribus

341 1170 510 1212 Petrum,
540 1175 580 1206 ut
599 1169 769 1216 juventus
798 1171 1023 1206 tribuniciam
1048 1175 1262 1218 potestatem
1287 1181 1307 1206 e
1333 1169 1461 1218 repub-

342 1234 414 1270 lica
443 1235 596 1276 tolleret,
613 1234 810 1283 formaque
837 1236 961 1271 eadem
988 1236 1141 1271 civitatis
1163 1239 1263 1277 esset,
1284 1246 1362 1282 quoe
1379 1238 1464 1269 ante

342 1298 497 1334 Sacrum
515 1304 671 1334 montem
689 1304 898 1347 occupatum
909 1298 1052 1347 suerat.
1108 1298 1161 1334 Et
1186 1297 1233 1334 ab
1253 1297 1402 1333 Volscis
1425 1302 1464 1333 et

342 1361 479 1410 AEquis
507 1370 648 1399 statum
671 1362 754 1413 jam
787 1376 830 1399 ac
860 1375 979 1413 prope
1007 1362 1190 1398 sollemne
1222 1362 1261 1397 in
1291 1360 1462 1410 singulos

343 1438 464 1462 annos
492 1427 634 1463 bellum
663 1427 892 1463 timebatur:
932 1427 1163 1476 propiusque
1192 1425 1293 1462 aliud
1321 1437 1462 1462 novum

343 1489 498 1533 malum,
524 1493 755 1541 necopinato
780 1498 967 1527 exortum.
1023 1489 1186 1526 Exsules
1210 1490 1394 1538 servique,
1415 1489 1463 1525 ad

343 1560 507 1602 quatuor
542 1555 661 1591 millia
696 1555 895 1591 hominum
932 1560 969 1590 et
1006 1553 1219 1603 quingenti,
1257 1553 1351 1589 duce
1387 1553 1463 1602 Ap.

345 1617 545 1654 Herdonio
583 1618 740 1660 Sabino,
775 1625 887 1654 nocte
917 1617 1150 1667 Capitolium
1189 1623 1302 1666 atque
1338 1629 1463 1653 arcem

345 1694 588 1731 occupavere.
647 1681 861 1718 Confestim
884 1682 921 1717 in
949 1693 1035 1717 arce
1057 1681 1159 1716 facta
1178 1681 1296 1717 caedes
1317 1692 1462 1723 eorum,

344 1747 407 1794 qui
431 1744 631 1795 conjurare
657 1751 695 1781 et
717 1745 830 1781 simul
855 1757 989 1795 capere
1013 1757 1119 1781 arma
1143 1744 1367 1780 noluerant:
1399 1743 1464 1780 alii

344 1812 444 1847 inter
471 1810 676 1847 tumultum
708 1811 920 1861 Naecipites
958 1822 1098 1860 pavore
1127 1810 1165 1845 in
1197 1809 1322 1845 forum
1348 1809 1463 1846 ‹levo-

344 1875 445 1911 lant:
477 1875 633 1911 alternae
652 1887 778 1918 voces,
796 1876 857 1911 Ad
876 1887 992 1917 arma,
1013 1880 1052 1910 et
1066 1875 1194 1910 Hostes
1212 1876 1250 1910 in
1267 1874 1353 1910 urbe
1366 1879 1463 1916 sunt,

345 1939 607 1975 audiebantur.
665 1938 849 1975 Consules
880 1945 918 1983 et
941 1951 1085 1974 armare
1115 1938 1276 1987 plebem,
1301 1944 1339 1973 et
1364 1938 1463 1974 iner—

345 2014 446 2038 mem
474 2002 553 2051 pati
573 2002 771 2038 timebant,
827 2001 983 2045 Incerti,
1005 2001 1107 2050 quod
1132 2001 1272 2037 malum
1297 2002 1463 2052 repenti-

347 2077 452 2107 num,
483 2071 682 2101 externum
711 2077 757 2101 an
789 2065 1026 2108 intestinum,
1053 2064 1100 2100 ab
1131 2065 1220 2100 odio
1250 2063 1385 2113 plebis,
1415 2077 1464 2101 an

347 2127 394 2164 ab
415 2128 539 2164 servili
561 2128 705 2170 fraude,
726 2127 857 2164 urbem
881 2129 1094 2170 invasisset,
1115 2127 1298 2163 sedabant
1324 2127 1464 2163 tumul-

348 2198 422 2234 tus,
444 2192 610 2228 sedando
631 2192 818 2228 interdum
841 2192 1067 2229 movebant:
1100 2204 1169 2228 nec
1192 2193 1291 2228 enim
1315 2197 1466 2242 poterat

347 2259 482 2308 pavida
502 2266 540 2295 et
559 2265 801 2295 consternata
820 2259 1024 2295 multitudo
1044 2259 1123 2307 regi
1144 2259 1314 2308 imperio.
1357 2258 1464 2294 Dant

348 2314 475 2360 tamen
499 2335 615 2366 arma,
641 2336 719 2359 uon
739 2323 854 2372 vulgo
873 2340 882 2369 5
916 2330 1065 2367 tantum
1089 2329 1144 2365 ut,
1169 2324 1314 2360 incerto
1336 2322 1461 2365 hoste,
