1573 2598
341 154 427 201 452
798 160 845 189 Τ.
870 160 1004 191 mvn

148 250 191 282 U.
205 251 243 281 C.
259 253 423 287 :matam
449 247 619 284 hostium
642 246 730 285 Ioco
751 262 858 300 aequo
878 251 1122 296 invenissent,
1144 251 1334 304 extemplo
1353 265 1451 304 pug-

147 294 501 366 ssbggfgff'natum:
535 316 586 354 et,
613 317 656 347 ut
678 313 848 349 nondum
877 315 966 350 satis
994 314 1132 351 claram
1157 315 1369 360 victoriam,
1396 317 1450 353 sic

149 378 251 428 ITatini
267 380 317 410 fu·
343 388 533 426 prosperae
565 368 644 425 spei
676 388 843 426 pugnam
876 378 996 414 imber
1027 378 1244 427 ingentibus
1277 379 1452 430 procellis

140 429 185 452 '³¹'
341 439 447 476 fusus
476 439 638 476 diremit.
693 440 854 478 Postero
884 442 943 478 die
967 443 1103 479 iterata
1129 455 1284 493 pugna:
1317 449 1354 479 et
1383 442 1452 480 ali-

340 504 520 553 quamdiu
550 516 656 552 aequa
682 505 822 542 virtute
849 506 1077 556 fortunaque
1105 507 1256 544 Latina»,
1285 507 1451 544 maxime

338 562 525 617 legiones,
551 568 668 617 longa
689 570 871 608 societate
899 571 1073 608 militiam
1100 571 1314 609 Romanam
1341 571 1455 608 edoc-

339 639 404 676 tae,
442 632 662 669 restabant:
703 645 816 682 eques
852 635 1029 672 inmissus
1067 637 1217 673 ordines
1254 635 1450 680 turbavit3

341 695 503 732 turbatis
533 696 641 744 signa
662 696 831 746 peditum
857 698 998 735 inlata:
1031 705 1288 748 quantumque
1307 697 1454 735 Roma-

339 771 391 796 na
420 772 459 795 se
488 760 631 796 invexit
660 761 773 803 acies,
801 767 952 799 tantum
979 763 1108 799 hostes
1139 763 1259 812 gradu
1283 761 1453 798 demoti:

340 829 379 860 et
406 829 450 859 ut
475 822 591 859 semel
619 823 815 860 inclinavit
843 838 985 875 pugna,
998 825 1083 876 jam
1102 825 1352 877 intolerabilis
1371 825 1456 862 Ro-

339 900 454 924 mana
472 888 527 923 vis
551 894 643 924 erat.
701 886 793 924 Fusi
822 888 951 925 hostes
981 901 1097 938 quum
1126 889 1328 932 Satricum,
1353 888 1457 938 quod
1508 935 1510 937 ‚

341 952 418 988 duo
450 951 568 988 millia
600 953 687 989 inde
720 948 865 996 aberat,
896 958 1148 996 noncastra,
1186 957 1374 1003 peterent,
1407 950 1457 989 ab

341 1016 513 1065 equitatu
550 1016 715 1052 maxime
751 1015 868 1052 caesi:
915 1021 1039 1052 castra
1075 1021 1188 1066 capta
1224 1015 1460 1066 direptaque.
1514 1035 1515 1038 =

340 1081 403 1118 Ab
435 1081 581 1118 Satrico
609 1087 737 1124 nocte,
767 1093 850 1130 quae
878 1079 1016 1130 proelio
1043 1080 1218 1130 proxima
1243 1079 1330 1123 fuit,
1353 1078 1455 1128 fugai

341 1145 455 1183 simili
484 1146 635 1195 agmine
662 1150 798 1196 petunt
825 1145 1011 1181 Antium:
1044 1151 1082 1181 et
1110 1157 1225 1194 quum
1253 1143 1454 1181 Romanus

342 1210 528 1247 exercitus
551 1223 669 1261 prope
688 1210 857 1259 vestigiis
883 1215 1114 1260 sequeretur,
1134 1209 1218 1260 plus
1246 1215 1377 1246 tamen
1404 1207 1456 1246 ti·

342 1285 441 1318 mor,
479 1287 592 1324 quam
629 1274 698 1318 ira,
735 1272 938 1310 celeritatis
974 1273 1122 1310 habuit.
1178 1273 1289 1310 Prius
1327 1273 1458 1322 itaqud
1540 1320 1547 1326 ,

342 1339 486 1376 moenia
518 1339 706 1375 intravere
736 1337 880 1381 hostes,
915 1351 1028 1388 quam
1058 1337 1258 1374 Romanus
1292 1342 1462 1373 extrema
1520 1328 1553 1391 ὲ

343 1404 505 1451 agminis
541 1414 693 1451 carpere
726 1408 792 1437 aut
823 1403 964 1437 morari
996 1407 1151 1451 posset:
1192 1400 1281 1436 inde
1313 1399 1460 1449 aliquot
1516 1391 1553 1425 Ἢ

344 1467 423 1503 dies
443 1465 627 1502 vastando
653 1477 746 1513 agro
773 1463 952 1508 absumti,
972 1478 1042 1500 nec
1061 1464 1247 1501 Romanis
1277 1464 1368 1500 satis
1399 1463 1458 1500 in⁴
1518 1470 1523 1502 ἒ

345 1531 498 1567 structis
518 1530 701 1580 adparatu
719 1527 856 1564 bellico
876 1528 923 1565 ad
941 1529 1084 1565 moenia
1103 1527 1368 1578 adgredienda,
1388 1530 1465 1564 necv

345 1594 420 1631 illis
441 1593 488 1630 ad
507 1592 743 1629 subeundum
761 1603 900 1642 pugnae
922 1605 1065 1629 casum.
1522 1624 1538 1640 ,-

399 1657 604 1696 XXXIII.
634 1657 778 1694 Seditio
803 1663 884 1693 tum
910 1656 1009 1692 inter
1028 1655 1205 1692 Antiates
1225 1653 1464 1704 Latinosque
1523 1657 1529 1663 ”

348 1729 503 1762 coorta:
536 1735 651 1773 quum
669 1722 860 1765 Antiates,
880 1721 972 1758 victi
1001 1720 1109 1757 malis
1135 1719 1357 1769 subactique
1380 1718 1463 1756 bel-

346 1788 401 1833 lo,
421 1789 462 1824 iu
487 1800 562 1837 quo
588 1793 626 1823 et
653 1787 735 1823 nati
763 1793 885 1830 erant,
906 1792 944 1822 et
973 1781 1269 1827 consenuerant,
1299 1783 1459 1820 deditio-
1511 1823 1513 1826 ¹
1546 1804 1555 1825 «J

347 1867 436 1892 nem
465 1857 679 1904 spectarent
694 1868 705 1898 3
737 1851 898 1888 Latinos
925 1863 972 1887 ex
994 1849 1142 1886 diutina
1162 1860 1255 1898 pace
1277 1859 1377 1884 nova
1395 1846 1461 1883 de-
1512 1843 1515 1847 ”
1548 1843 1555 1862 ·“

348 1919 465 1956 sectio
485 1916 698 1953 recentibus
719 1916 842 1953 adhuc
865 1915 998 1951 animis
1024 1913 1229 1950 ferociores
1257 1911 1304 1948 ad
1330 1921 1460 1960 perse·

349 1982 554 2018 verandum
586 1981 626 2016 in
661 1978 762 2015 bello
796 1979 963 2015 faceret:
1005 1977 1088 2013 finis
1120 1974 1335 2012 certaminis
1372 1973 1462 2018 fuit,
1520 1983 1555 2014 f,-

351 2052 553 2097 postquam
568 2044 736 2093 utrisque
755 2043 943 2092 adparuit,
960 2040 1057 2076 nihil
1085 2051 1151 2090 per
1180 2038 1318 2074 alteros
1346 2044 1462 2081 stare,
1515 2031 1540 2060 ,⁸

351 2123 427 2160 quo
464 2111 587 2146 minus
624 2109 775 2158 incepta
811 2110 1136 2157 persequerentur.
1204 2102 1335 2139 Latini
1371 2115 1460 2153 pro·
1513 2124 1515 2126 —

343 2175 441 2229 'fecti
465 2188 486 2210 a
511 2173 693 2210 societate
721 2172 839 2223 pacis,
861 2178 902 2208 ut
927 2170 1121 2212 rebantur,
1141 2169 1352 2205 inhonestae.
1381 2180 1463 2204 sese

349 2237 647 2274 vindicaverunt.
705 2236 895 2277 Antiates,
928 2233 1176 2270 incommodis
1211 2231 1361 2268 arbitris
1399 2243 1459 2268 sa-

350 2301 529 2338 lutarium
559 2299 804 2337 consiliorum
831 2298 1000 2341 remotis,
1021 2296 1153 2334 urbem
1175 2307 1360 2345 agrosque
1378 2293 1461 2332 Ro·
