1573 2598
77 907 120 938 U.
137 906 173 936 C.
193 912 266 937 245.

76 948 117 981 A.
133 950 169 981 C.
188 955 260 984 507.

78 1353 217 1386 Libertas

80 1398 156 1436 Pop.
173 1397 268 1427 Rom.

78 1447 263 1479 tempestive

78 1484 261 1514 constituta.

454 450 518 504 T.
559 449 772 505 LIVII
820 450 1241 507 PATAVINI

703 599 900 637 LIBER
933 599 988 638 ΙΙ.

637 750 994 779 -......Φ-.-.-

296 895 526 980 LIBERI
546 895 629 947 jam
651 895 740 932 hinc
772 895 903 945 populi
922 894 1089 932 Romani
1114 909 1186 941 reS,
1207 911 1299 949 pace
1322 899 1404 937 bel-

391 963 503 1011 loque
532 967 672 1009 gestas,
702 971 847 996 annuos
885 960 1141 1007 magistratus,
1176 962 1405 1012 imperiaque

291 1028 433 1077 legum,
454 1025 673 1076 potentiora
698 1036 809 1072 quam
833 1023 1045 1066 hominum,
1065 1037 1254 1074 peragam.
1310 1028 1406 1067 Quae

291 1093 446 1130 libertas
473 1097 515 1127 ut
542 1090 665 1126 laetior
685 1094 796 1131 esset,
817 1088 980 1138 proximi
1000 1088 1097 1137 regis
1117 1089 1291 1139 superbia
1305 1090 1406 1129 fece-

291 1163 375 1194 rat:
407 1169 495 1192 nam
523 1155 668 1205 priores
697 1153 750 1189 ita
780 1158 1000 1201 regnarunt,
1030 1159 1073 1188 ut
1099 1153 1200 1190 haud
1227 1155 1404 1193 inmerito

292 1234 421 1258 omnes
443 1220 617 1268 deinceps
638 1217 853 1253 conditores
874 1217 1036 1266 partium
1057 1224 1157 1253 certe
1175 1218 1291 1262 urbis,
1312 1233 1403 1269 quas

291 1297 408 1321 novas
426 1283 498 1333 ipsi
519 1282 623 1318 sedes
644 1280 691 1317 ab
710 1293 748 1316 se
769 1286 888 1316 auetae
910 1279 1142 1316 multitudini
1167 1281 1402 1328 addiderunt,

291 1353 563 1386 numerentur:
602 1357 724 1394 neque
753 1344 972 1393 ambigitur,
1002 1345 1093 1394 quin
1120 1345 1260 1382 Brutus
1290 1347 1403 1392 idem,

292 1414 356 1463 qui
383 1418 534 1448 tantum
571 1409 715 1459 gloriae,
748 1408 919 1458 Superbo
949 1415 1083 1445 exacto
1116 1422 1218 1458 rege,
1251 1412 1403 1457 meruit,

292 1478 456 1528 pessimo
473 1473 624 1524 publico
644 1473 682 1509 id
701 1472 867 1508 facturus
887 1471 1014 1515 fuerit,
1032 1473 1062 1507 si
1081 1472 1265 1510 libertatis
1282 1475 1403 1512 inma-

292 1547 386 1576 turae
409 1538 584 1588 cupidine
616 1536 785 1586 priorum
811 1548 941 1583 regum
964 1534 1073 1571 alicui
1096 1548 1253 1585 regnum
1276 1545 1403 1575 extor-

294 1605 413 1640 sisset.
470 1601 573 1641 Quid
603 1601 702 1637 enim
739 1598 908 1635 futurum
935 1599 1021 1643 fuit,
1052 1600 1082 1635 si
1109 1599 1175 1637 illa
1209 1608 1403 1651 pastorum

292 1676 622 1713 convenarumque
658 1663 779 1714 plebS,
816 1662 1014 1712 transfuga
1046 1676 1091 1699 ex
1127 1664 1202 1700 suis
1238 1666 1402 1717 populis,

293 1731 362 1767 sub
389 1729 508 1766 tutela
526 1727 699 1764 inviolati
723 1726 856 1777 templi
881 1734 947 1764 aut
974 1727 1201 1774 libertatem,
1222 1736 1288 1766 aut
1303 1737 1404 1769 certe

292 1794 559 1844 inpunitatem,
580 1791 731 1842 adepta,
749 1790 874 1827 soluta
901 1792 1006 1840 regio
1031 1798 1147 1837 metu,
1168 1793 1304 1842 agitari
1325 1808 1404 1833 coe·

292 1864 359 1909 pta
391 1863 489 1893 esset
525 1855 737 1893 tribuniciis
774 1855 978 1906 procellis?
1014 1862 1051 1892 et
1086 1857 1126 1892 in
1162 1856 1285 1894 aliena
1311 1858 1403 1896 urbe

293 1935 378 1958 cum
407 1920 582 1958 Patribus
609 1932 731 1956 serere
757 1920 976 1964 certamina,
999 1921 1215 1970 priusquam
1242 1923 1404 1972 pignora

292 1985 498 2036 conjugum
511 1997 554 2020 ac
573 1984 778 2020 liberorum
795 1985 1003 2033 caritasque
1016 1985 1130 2034 ipsius
1144 1985 1227 2029 soli,
1244 1987 1302 2022 cui
1319 1986 1402 2023 lon-

292 2062 343 2099 go
362 2056 532 2099 tempore
552 2048 798 2091 adsuescitur,
820 2048 964 2084 animos
981 2061 1110 2085 eorum
1130 2051 1404 2088 consociasset?

292 2114 497 2164 Dissipatae
513 2125 571 2149 res
588 2112 756 2148 nondum
776 2111 911 2149 adultae
932 2113 1118 2150 discordia
1132 2113 1257 2150 forent
1272 2129 1278 2150 :
1312 2120 1403 2166 quas*

289 2178 388 2217 fovit
410 2176 613 2227 tranquilla
638 2176 849 2213 moderatio
875 2177 1036 2227 imperii,
1057 2190 1176 2227 eoque
1201 2180 1402 2218 nutriendo

291 2242 481 2293 perduxit,
511 2248 554 2278 ut
580 2241 722 2278 bonam
750 2241 897 2290 frugem
929 2241 1113 2278 libertatis
1142 2243 1296 2279 maturis
1318 2243 1402 2294 jam

291 2306 432 2344 viribus
462 2306 560 2344 ferre
592 2312 760 2361 possent.
815 2305 1022 2345 Libertatis
1061 2314 1187 2345 autem
1218 2308 1404 2358 originem
