<?xml version="1.0" encoding="UTF-8"?>
<!DOCTYPE html PUBLIC "-//W3C//DTD XHTML 1.0 Transitional//EN"
    "http://www.w3.org/TR/xhtml1/DTD/xhtml1-transitional.dtd">
<html xmlns="http://www.w3.org/1999/xhtml" xml:lang="en" lang="en">
 <head>
  <title>
</title>
<meta http-equiv="Content-Type" content="text/html;charset=utf-8" />
  <meta name='ocr-system' content='tesseract 3.04.00' />
  <meta name='ocr-capabilities' content='ocr_page ocr_carea ocr_par ocr_line ocrx_word'/>
</head>
<body>
  <div class='ocr_page' id='page_1' title='image "./historiarumquaes01livyuoft/historiarumquaes01livyuoft_0030.png"; bbox 0 0 1573 2598; ppageno 0'>
   <div class='ocr_carea' id='block_1_1' title="bbox 319 159 975 196">
    <p class='ocr_par' dir='ltr' id='par_1_1' title="bbox 319 159 975 196">
     <span class='ocr_line' id='line_1_1' title="bbox 319 159 975 196; baseline 0.008 -4"><span class='ocrx_word' id='word_1_1' title='bbox 319 159 374 193; x_wconf 83' lang='lat'><strong>20</strong></span> <span class='ocrx_word' id='word_1_2' title='bbox 772 164 819 194; x_wconf 75' lang='lat' dir='ltr'><strong>’r-</strong></span> <span class='ocrx_word' id='word_1_3' title='bbox 841 162 975 196; x_wconf 73' lang='lat' dir='ltr'>L1v11</span> 
     </span>
    </p>
   </div>
   <div class='ocr_carea' id='block_1_2' title="bbox 310 249 1445 2360">
    <p class='ocr_par' dir='ltr' id='par_1_2' title="bbox 310 249 1445 1716">
     <span class='ocr_line' id='line_1_2' title="bbox 316 249 1431 305; baseline 0.009 -18"><span class='ocrx_word' id='word_1_4' title='bbox 316 249 387 288; x_wconf 83' lang='lat' dir='ltr'><strong>bus</strong></span> <span class='ocrx_word' id='word_1_5' title='bbox 403 250 532 288; x_wconf 87' lang='lat' dir='ltr'><strong>datum</strong></span> <span class='ocrx_word' id='word_1_6' title='bbox 550 251 747 301; x_wconf 85' lang='lat' dir='ltr'><strong>negotium</strong></span> <span class='ocrx_word' id='word_1_7' title='bbox 763 260 858 298; x_wconf 82' lang='lat' dir='ltr'><strong>erat,</strong></span> <span class='ocrx_word' id='word_1_8' title='bbox 874 255 1007 292; x_wconf 79' lang='lat' dir='ltr'><strong>domos</strong></span> <span class='ocrx_word' id='word_1_9' title='bbox 1028 252 1259 295; x_wconf 82' lang='lat' dir='ltr'><strong>deferebant.</strong></span> <span class='ocrx_word' id='word_1_10' title='bbox 1288 256 1431 305; x_wconf 77' lang='lat' dir='ltr'><strong>Unam,</strong></span> 
     </span>
     <span class='ocr_line' id='line_1_3' title="bbox 315 313 1432 371; baseline 0.007 -20"><span class='ocrx_word' id='word_1_11' title='bbox 315 313 431 364; x_wconf 88' lang='lat' dir='ltr'><strong>longe</strong></span> <span class='ocrx_word' id='word_1_12' title='bbox 460 320 548 353; x_wconf 84' lang='lat' dir='ltr'><strong>ante</strong></span> <span class='ocrx_word' id='word_1_13' title='bbox 577 316 668 353; x_wconf 87' lang='lat' dir='ltr'><strong>alias</strong></span> <span class='ocrx_word' id='word_1_14' title='bbox 698 318 821 368; x_wconf 87' lang='lat' dir='ltr'><strong>specie</strong></span> <span class='ocrx_word' id='word_1_15' title='bbox 850 332 893 355; x_wconf 86' lang='lat' dir='ltr'><strong>ac</strong></span> <span class='ocrx_word' id='word_1_16' title='bbox 921 319 1202 370; x_wconf 85' lang='lat' dir='ltr'>pulchritudine</span> <span class='ocrx_word' id='word_1_17' title='bbox 1229 322 1432 371; x_wconf 80' lang='lat' dir='ltr'>insignem,</span> 
     </span>
     <span class='ocr_line' id='line_1_4' title="bbox 317 377 1433 433; baseline 0.008 -19"><span class='ocrx_word' id='word_1_18' title='bbox 317 390 340 413; x_wconf 89' lang='lat' dir='ltr'><strong>a</strong></span> <span class='ocrx_word' id='word_1_19' title='bbox 364 377 482 427; x_wconf 88' lang='lat' dir='ltr'>globo</span> <span class='ocrx_word' id='word_1_20' title='bbox 510 378 673 416; x_wconf 78' lang='lat' dir='ltr'>Talassii</span> <span class='ocrx_word' id='word_1_21' title='bbox 703 379 899 431; x_wconf 83' lang='lat' dir='ltr'><strong>cujusdam</strong></span> <span class='ocrx_word' id='word_1_22' title='bbox 931 389 1079 433; x_wconf 82' lang='lat' dir='ltr'><strong>raptam</strong></span> <span class='ocrx_word' id='word_1_23' title='bbox 1103 383 1253 421; x_wconf 82' lang='lat' dir='ltr'><strong>ferunt:</strong></span> <span class='ocrx_word' id='word_1_24' title='bbox 1284 385 1433 423; x_wconf 83' lang='lat' dir='ltr'><strong>multis-</strong></span> 
     </span>
     <span class='ocr_line' id='line_1_5' title="bbox 317 443 1433 494; baseline 0.007 -16"><span class='ocrx_word' id='word_1_25' title='bbox 317 454 390 491; x_wconf 87' lang='lat' dir='ltr'><strong>que</strong></span> <span class='ocrx_word' id='word_1_26' title='bbox 419 443 713 489; x_wconf 76' lang='lat' dir='ltr'>sciscitantibus,</span> <span class='ocrx_word' id='word_1_27' title='bbox 744 446 893 482; x_wconf 89' lang='lat' dir='ltr'><strong>cuinam</strong></span> <span class='ocrx_word' id='word_1_28' title='bbox 923 458 1006 483; x_wconf 88' lang='lat' dir='ltr'><strong>eam</strong></span> <span class='ocrx_word' id='word_1_29' title='bbox 1033 447 1189 492; x_wconf 83' lang='lat' dir='ltr'><strong>ferrent,</strong></span> <span class='ocrx_word' id='word_1_30' title='bbox 1212 449 1433 494; x_wconf 80' lang='lat' dir='ltr'><strong>identidem,</strong></span> 
     </span>
     <span class='ocr_line' id='line_1_6' title="bbox 316 506 1437 556; baseline 0.007 -14"><span class='ocrx_word' id='word_1_31' title='bbox 316 517 367 543; x_wconf 90' lang='lat' dir='ltr'><strong>ne</strong></span> <span class='ocrx_word' id='word_1_32' title='bbox 402 507 485 556; x_wconf 90' lang='lat' dir='ltr'><strong>quis</strong></span> <span class='ocrx_word' id='word_1_33' title='bbox 511 506 684 551; x_wconf 85' lang='lat' dir='ltr'><strong>violaret,</strong></span> <span class='ocrx_word' id='word_1_34' title='bbox 711 507 885 545; x_wconf 80' lang='lat' dir='ltr'>Talassio</span> <span class='ocrx_word' id='word_1_35' title='bbox 920 509 1010 546; x_wconf 87' lang='lat' dir='ltr'><strong>ferri</strong></span> <span class='ocrx_word' id='word_1_36' title='bbox 1047 510 1307 548; x_wconf 86' lang='lat' dir='ltr'><strong>clamitatum:</strong></span> <span class='ocrx_word' id='word_1_37' title='bbox 1348 512 1437 550; x_wconf 80' lang='lat' dir='ltr'><strong>inde</strong></span> 
     </span>
     <span class='ocr_line' id='line_1_7' title="bbox 315 572 1433 628; baseline 0.006 -20"><span class='ocrx_word' id='word_1_38' title='bbox 315 572 527 623; x_wconf 82' lang='lat' dir='ltr'><strong>nuptialem</strong></span> <span class='ocrx_word' id='word_1_39' title='bbox 558 573 657 609; x_wconf 81' lang='lat' dir='ltr'><strong>hanc</strong></span> <span class='ocrx_word' id='word_1_40' title='bbox 685 586 817 610; x_wconf 81' lang='lat' dir='ltr'><strong>vocem</strong></span> <span class='ocrx_word' id='word_1_41' title='bbox 845 573 998 613; x_wconf 82' lang='lat' dir='ltr'><strong>factam.</strong></span> <span class='ocrx_word' id='word_1_42' title='bbox 1053 576 1227 615; x_wconf 85' lang='lat' dir='ltr'><strong>Turbato</strong></span> <span class='ocrx_word' id='word_1_43' title='bbox 1254 591 1322 628; x_wconf 90' lang='lat' dir='ltr'><strong>per</strong></span> <span class='ocrx_word' id='word_1_44' title='bbox 1352 590 1433 615; x_wconf 82' lang='lat' dir='ltr'><strong>me-</strong></span> 
     </span>
     <span class='ocr_line' id='line_1_8' title="bbox 315 636 1434 691; baseline 0.005 -18"><span class='ocrx_word' id='word_1_45' title='bbox 315 643 398 674; x_wconf 88' lang='lat' dir='ltr'><strong>tum</strong></span> <span class='ocrx_word' id='word_1_46' title='bbox 426 636 586 681; x_wconf 83' lang='lat' dir='ltr'><strong>ludicro,</strong></span> <span class='ocrx_word' id='word_1_47' title='bbox 618 638 746 674; x_wconf 82' lang='lat' dir='ltr'><strong>moesti</strong></span> <span class='ocrx_word' id='word_1_48' title='bbox 778 645 952 689; x_wconf 88' lang='lat' dir='ltr'><strong>parentes</strong></span> <span class='ocrx_word' id='word_1_49' title='bbox 976 640 1167 689; x_wconf 88' lang='lat' dir='ltr'><strong>virginum</strong></span> <span class='ocrx_word' id='word_1_50' title='bbox 1194 641 1434 691; x_wconf 86' lang='lat' dir='ltr'><strong>profugiunt,</strong></span> 
     </span>
     <span class='ocr_line' id='line_1_9' title="bbox 313 699 1434 755; baseline 0.006 -19"><span class='ocrx_word' id='word_1_51' title='bbox 313 699 532 738; x_wconf 83' lang='lat' dir='ltr'><strong>incusantes</strong></span> <span class='ocrx_word' id='word_1_52' title='bbox 561 701 695 738; x_wconf 86' lang='lat' dir='ltr'><strong>violati</strong></span> <span class='ocrx_word' id='word_1_53' title='bbox 730 703 887 753; x_wconf 88' lang='lat' dir='ltr'><strong>hospitii</strong></span> <span class='ocrx_word' id='word_1_54' title='bbox 920 704 1058 749; x_wconf 85' lang='lat' dir='ltr'><strong>foedus,</strong></span> <span class='ocrx_word' id='word_1_55' title='bbox 1087 705 1289 755; x_wconf 83' lang='lat' dir='ltr'><strong>Deumque</strong></span> <span class='ocrx_word' id='word_1_56' title='bbox 1323 706 1434 744; x_wconf 88' lang='lat' dir='ltr'><strong>invo-</strong></span> 
     </span>
     <span class='ocr_line' id='line_1_10' title="bbox 314 765 1436 820; baseline 0.006 -20"><span class='ocrx_word' id='word_1_57' title='bbox 314 770 460 809; x_wconf 80' lang='lat' dir='ltr'><strong>cantes,</strong></span> <span class='ocrx_word' id='word_1_58' title='bbox 481 765 587 815; x_wconf 84' lang='lat' dir='ltr'><strong>cujus</strong></span> <span class='ocrx_word' id='word_1_59' title='bbox 608 766 655 803; x_wconf 87' lang='lat' dir='ltr'><strong>ad</strong></span> <span class='ocrx_word' id='word_1_60' title='bbox 681 766 862 804; x_wconf 88' lang='lat' dir='ltr'><strong>sollemne</strong></span> <span class='ocrx_word' id='word_1_61' title='bbox 885 767 1083 819; x_wconf 79' lang='lat' dir='ltr'><strong>ludosque,</strong></span> <span class='ocrx_word' id='word_1_62' title='bbox 1103 781 1171 820; x_wconf 88' lang='lat' dir='ltr'><strong>per</strong></span> <span class='ocrx_word' id='word_1_63' title='bbox 1188 769 1244 806; x_wconf 87' lang='lat' dir='ltr'><strong>fas</strong></span> <span class='ocrx_word' id='word_1_64' title='bbox 1261 781 1305 806; x_wconf 86' lang='lat' dir='ltr'><strong>ac</strong></span> <span class='ocrx_word' id='word_1_65' title='bbox 1323 769 1436 808; x_wconf 87' lang='lat' dir='ltr'><strong>fidem</strong></span> 
     </span>
     <span class='ocr_line' id='line_1_11' title="bbox 314 828 1434 885; baseline 0.005 -20"><span class='ocrx_word' id='word_1_66' title='bbox 314 828 477 880; x_wconf 86' lang='lat' dir='ltr'><strong>decepti,</strong></span> <span class='ocrx_word' id='word_1_67' title='bbox 497 831 701 868; x_wconf 85' lang='lat' dir='ltr'><strong>venissent.</strong></span> <span class='ocrx_word' id='word_1_68' title='bbox 757 832 842 869; x_wconf 83' lang='lat' dir='ltr'><strong>Nee</strong></span> <span class='ocrx_word' id='word_1_69' title='bbox 863 834 981 883; x_wconf 85' lang='lat' dir='ltr'><strong>raptis</strong></span> <span class='ocrx_word' id='word_1_70' title='bbox 1011 839 1077 870; x_wconf 89' lang='lat' dir='ltr'><strong>aut</strong></span> <span class='ocrx_word' id='word_1_71' title='bbox 1104 846 1188 885; x_wconf 92' lang='lat' dir='ltr'><strong>spes</strong></span> <span class='ocrx_word' id='word_1_72' title='bbox 1214 834 1260 872; x_wconf 89' lang='lat' dir='ltr'><strong>de</strong></span> <span class='ocrx_word' id='word_1_73' title='bbox 1288 846 1328 871; x_wconf 87' lang='lat' dir='ltr'><strong>se</strong></span> <span class='ocrx_word' id='word_1_74' title='bbox 1355 845 1434 871; x_wconf 87' lang='lat' dir='ltr'><strong>me-</strong></span> 
     </span>
     <span class='ocr_line' id='line_1_12' title="bbox 314 891 1435 948; baseline 0.006 -20"><span class='ocrx_word' id='word_1_75' title='bbox 314 891 402 937; x_wconf 92' lang='lat' dir='ltr'><strong>lior,</strong></span> <span class='ocrx_word' id='word_1_76' title='bbox 436 900 501 930; x_wconf 88' lang='lat' dir='ltr'><strong>aut</strong></span> <span class='ocrx_word' id='word_1_77' title='bbox 531 895 744 944; x_wconf 79' lang='lat' dir='ltr'><strong>indignatio</strong></span> <span class='ocrx_word' id='word_1_78' title='bbox 773 903 831 933; x_wconf 88' lang='lat' dir='ltr'><strong>est</strong></span> <span class='ocrx_word' id='word_1_79' title='bbox 863 898 1014 934; x_wconf 89' lang='lat' dir='ltr'><strong>minor:</strong></span> <span class='ocrx_word' id='word_1_80' title='bbox 1047 898 1112 935; x_wconf 90' lang='lat' dir='ltr'><strong>sed</strong></span> <span class='ocrx_word' id='word_1_81' title='bbox 1140 898 1220 948; x_wconf 91' lang='lat' dir='ltr'><strong>ipse</strong></span> <span class='ocrx_word' id='word_1_82' title='bbox 1244 896 1435 936; x_wconf 68' lang='lat' dir='ltr'><strong>Romulus</strong></span> 
     </span>
     <span class='ocr_line' id='line_1_13' title="bbox 315 956 1436 1010; baseline 0.004 -17"><span class='ocrx_word' id='word_1_83' title='bbox 315 956 514 1002; x_wconf 79' lang='lat' dir='ltr'><strong>circuibat,</strong></span> <span class='ocrx_word' id='word_1_84' title='bbox 546 959 808 1009; x_wconf 75' lang='lat' dir='ltr'><strong>docebatque:</strong></span> <span class='ocrx_word' id='word_1_85' title='bbox 843 966 992 1009; x_wconf 77' lang='lat' dir='ltr'><strong>patrum</strong></span> <span class='ocrx_word' id='word_1_86' title='bbox 1021 963 1059 998; x_wconf 79' lang='lat' dir='ltr'><strong>id</strong></span> <span class='ocrx_word' id='word_1_87' title='bbox 1085 961 1248 1010; x_wconf 78' lang='lat' dir='ltr'><strong>superbia</strong></span> <span class='ocrx_word' id='word_1_88' title='bbox 1272 961 1436 1010; x_wconf 79' lang='lat' dir='ltr'><strong>factum,</strong></span> 
     </span>
     <span class='ocr_line' id='line_1_14' title="bbox 315 1023 1436 1073; baseline 0.004 -15"><span class='ocrx_word' id='word_1_89' title='bbox 315 1024 376 1070; x_wconf 77' lang='lat' dir='ltr'><strong>qui</strong></span> <span class='ocrx_word' id='word_1_90' title='bbox 397 1023 605 1060; x_wconf 72' lang='lat' dir='ltr'><strong>connubium</strong></span> <span class='ocrx_word' id='word_1_91' title='bbox 621 1025 791 1073; x_wconf 66' lang='lat' dir='ltr'><strong>finitimis</strong></span> <span class='ocrx_word' id='word_1_92' title='bbox 815 1030 1018 1072; x_wconf 64' lang='lat' dir='ltr'><strong>negcaesmzt3</strong></span> <span class='ocrx_word' id='word_1_93' title='bbox 1048 1027 1130 1061; x_wconf 64' lang='lat' dir='ltr'><strong>illas</strong></span> <span class='ocrx_word' id='word_1_94' title='bbox 1155 1030 1272 1061; x_wconf 84' lang='lat' dir='ltr'><strong>tamen</strong></span> <span class='ocrx_word' id='word_1_95' title='bbox 1296 1027 1333 1061; x_wconf 81' lang='lat' dir='ltr'><strong>in</strong></span> <span class='ocrx_word' id='word_1_96' title='bbox 1357 1037 1436 1062; x_wconf 87' lang='lat' dir='ltr'><strong>ma-</strong></span> 
     </span>
     <span class='ocr_line' id='line_1_15' title="bbox 314 1088 1435 1138; baseline 0.004 -15"><span class='ocrx_word' id='word_1_97' title='bbox 314 1088 494 1130; x_wconf 68' lang='lat' dir='ltr'><strong>trimonio,</strong></span> <span class='ocrx_word' id='word_1_98' title='bbox 517 1090 552 1124; x_wconf 82' lang='lat' dir='ltr'><strong>in</strong></span> <span class='ocrx_word' id='word_1_99' title='bbox 575 1091 741 1125; x_wconf 75' lang='lat' dir='ltr'><strong>societate</strong></span> <span class='ocrx_word' id='word_1_100' title='bbox 757 1089 994 1138; x_wconf 73' lang='lat' dir='ltr'><strong>fortunmwn</strong></span> <span class='ocrx_word' id='word_1_101' title='bbox 1022 1091 1178 1126; x_wconf 75' lang='lat' dir='ltr'><strong>omnium</strong></span> <span class='ocrx_word' id='word_1_102' title='bbox 1202 1091 1435 1138; x_wconf 78' lang='lat' dir='ltr'><strong>civitatisque,</strong></span> 
     </span>
     <span class='ocr_line' id='line_1_16' title="bbox 311 1151 1437 1202; baseline 0.004 -15"><span class='ocrx_word' id='word_1_103' title='bbox 311 1156 361 1194; x_wconf 72' lang='lat' dir='ltr'><strong>et,</strong></span> <span class='ocrx_word' id='word_1_104' title='bbox 382 1165 462 1200; x_wconf 31' lang='lat' dir='ltr'><strong>*quo</strong></span> <span class='ocrx_word' id='word_1_105' title='bbox 491 1153 583 1188; x_wconf 69' lang='lat' dir='ltr'><strong>nihil</strong></span> <span class='ocrx_word' id='word_1_106' title='bbox 612 1155 727 1188; x_wconf 70' lang='lat' dir='ltr'><strong>carius</strong></span> <span class='ocrx_word' id='word_1_107' title='bbox 756 1153 909 1189; x_wconf 73' lang='lat' dir='ltr'><strong>humano</strong></span> <span class='ocrx_word' id='word_1_108' title='bbox 937 1156 1057 1199; x_wconf 71' lang='lat' dir='ltr'><strong>generi</strong></span> <span class='ocrx_word' id='word_1_109' title='bbox 1084 1156 1143 1195; x_wconf 74' lang='lat' dir='ltr'><strong>sit,</strong></span> <span class='ocrx_word' id='word_1_110' title='bbox 1171 1151 1319 1188; x_wconf 66' lang='lat' dir='ltr'><strong>liberdm</strong></span> <span class='ocrx_word' id='word_1_111' title='bbox 1336 1152 1437 1202; x_wconf 86' lang='lat' dir='ltr'><strong>fore.</strong></span> 
     </span>
     <span class='ocr_line' id='line_1_17' title="bbox 313 1215 1438 1264; baseline 0.001 -12"><span class='ocrx_word' id='word_1_112' title='bbox 313 1215 504 1252; x_wconf 77' lang='lat' dir='ltr'><strong>Mollirent</strong></span> <span class='ocrx_word' id='word_1_113' title='bbox 524 1217 628 1252; x_wconf 76' lang='lat' dir='ltr'><strong>modo</strong></span> <span class='ocrx_word' id='word_1_114' title='bbox 653 1218 725 1251; x_wconf 79' lang='lat' dir='ltr'><strong>iras</strong></span> <span class='ocrx_word' id='word_1_115' title='bbox 739 1233 752 1260; x_wconf 90' lang='lat'><strong>‚-</strong></span> <span class='ocrx_word' id='word_1_116' title='bbox 781 1221 828 1258; x_wconf 69' lang='grc' dir='ltr'><strong>εί,</strong></span> <span class='ocrx_word' id='word_1_117' title='bbox 853 1216 974 1264; x_wconf 72' lang='lat' dir='ltr'><strong>quibus</strong></span> <span class='ocrx_word' id='word_1_118' title='bbox 991 1216 1076 1264; x_wconf 82' lang='lat' dir='ltr'><strong>fors</strong></span> <span class='ocrx_word' id='word_1_119' title='bbox 1103 1229 1252 1264; x_wconf 78' lang='lat' dir='ltr'><strong>corpora</strong></span> <span class='ocrx_word' id='word_1_120' title='bbox 1273 1217 1438 1260; x_wconf 75' lang='lat' dir='ltr'><strong>dedisset,</strong></span> 
     </span>
     <span class='ocr_line' id='line_1_18' title="bbox 314 1279 1441 1329; baseline 0.002 -14"><span class='ocrx_word' id='word_1_121' title='bbox 314 1280 442 1316; x_wconf 76' lang='lat' dir='ltr'><strong>darent</strong></span> <span class='ocrx_word' id='word_1_122' title='bbox 459 1281 605 1316; x_wconf 69' lang='lat' dir='ltr'><strong>animos.</strong></span> <span class='ocrx_word' id='word_1_123' title='bbox 640 1281 741 1329; x_wconf 77' lang='lat' dir='ltr'><strong>Soepe</strong></span> <span class='ocrx_word' id='word_1_124' title='bbox 758 1293 800 1316; x_wconf 63' lang='lat' dir='ltr'><strong>ex</strong></span> <span class='ocrx_word' id='word_1_125' title='bbox 815 1279 944 1327; x_wconf 66' lang='lat' dir='ltr'><strong>injuria</strong></span> <span class='ocrx_word' id='word_1_126' title='bbox 959 1281 1184 1329; x_wconf 75' lang='lat' dir='ltr'><strong>postmodum</strong></span> <span class='ocrx_word' id='word_1_127' title='bbox 1200 1281 1359 1328; x_wconf 68' lang='lat' dir='ltr'><strong>gratiam</strong></span> <span class='ocrx_word' id='word_1_128' title='bbox 1377 1293 1441 1317; x_wconf 72' lang='grc' dir='ltr'><strong>ον·</strong></span> 
     </span>
     <span class='ocr_line' id='line_1_19' title="bbox 315 1345 1445 1393; baseline 0.001 -13"><span class='ocrx_word' id='word_1_129' title='bbox 315 1349 391 1380; x_wconf 81' lang='lat' dir='ltr'><strong>tam</strong></span> <span class='ocrx_word' id='word_1_130' title='bbox 407 1360 420 1381; x_wconf 89' lang='lat'><strong>.·</strong></span> <span class='ocrx_word' id='word_1_131' title='bbox 454 1357 560 1393; x_wconf 80' lang='lat' dir='ltr'><strong>eoque</strong></span> <span class='ocrx_word' id='word_1_132' title='bbox 594 1345 795 1381; x_wconf 78' lang='lat' dir='ltr'><strong>melioribus</strong></span> <span class='ocrx_word' id='word_1_133' title='bbox 828 1357 952 1381; x_wconf 71' lang='lat' dir='ltr'><strong>usuras</strong></span> <span class='ocrx_word' id='word_1_134' title='bbox 985 1345 1082 1388; x_wconf 78' lang='lat' dir='ltr'><strong>viris,</strong></span> <span class='ocrx_word' id='word_1_135' title='bbox 1123 1346 1226 1393; x_wconf 76' lang='lat' dir='ltr'><strong>quod·</strong></span> <span class='ocrx_word' id='word_1_136' title='bbox 1251 1345 1445 1381; x_wconf 65' lang='lat' dir='ltr'><strong>adnisurus</strong></span> 
     </span>
     <span class='ocr_line' id='line_1_20' title="bbox 310 1408 1444 1458; baseline 0.001 -13"><span class='ocrx_word' id='word_1_137' title='bbox 310 1421 379 1457; x_wconf 80' lang='lat' dir='ltr'><strong>pro</strong></span> <span class='ocrx_word' id='word_1_138' title='bbox 400 1422 436 1445; x_wconf 86' lang='lat' dir='ltr'><strong>se</strong></span> <span class='ocrx_word' id='word_1_139' title='bbox 457 1411 600 1458; x_wconf 77' lang='lat' dir='ltr'><strong>quisque</strong></span> <span class='ocrx_word' id='word_1_140' title='bbox 621 1412 681 1453; x_wconf 75' lang='lat' dir='ltr'><strong>sit,</strong></span> <span class='ocrx_word' id='word_1_141' title='bbox 700 1415 753 1452; x_wconf 80' lang='lat' dir='ltr'><strong>ut,</strong></span> <span class='ocrx_word' id='word_1_142' title='bbox 772 1422 879 1458; x_wconf 76' lang='lat' dir='ltr'><strong>quum</strong></span> <span class='ocrx_word' id='word_1_143' title='bbox 901 1421 1002 1446; x_wconf 77' lang='lat' dir='ltr'><strong>suam</strong></span> <span class='ocrx_word' id='word_1_144' title='bbox 1022 1411 1132 1446; x_wconf 76' lang='lat' dir='ltr'><strong>vicem</strong></span> <span class='ocrx_word' id='word_1_145' title='bbox 1149 1408 1302 1458; x_wconf 77' lang='lat' dir='ltr'><strong>fimctus</strong></span> <span class='ocrx_word' id='word_1_146' title='bbox 1321 1408 1444 1458; x_wconf 71' lang='lat' dir='ltr'><strong>‹fficio-</strong></span> 
     </span>
     <span class='ocr_line' id='line_1_21' title="bbox 313 1473 1444 1523; baseline 0.001 -14"><span class='ocrx_word' id='word_1_147' title='bbox 313 1475 374 1516; x_wconf 76' lang='lat' dir='ltr'><strong>sit,</strong></span> <span class='ocrx_word' id='word_1_148' title='bbox 390 1479 581 1522; x_wconf 69' lang='lat' dir='ltr'><strong>parentum</strong></span> <span class='ocrx_word' id='word_1_149' title='bbox 600 1476 708 1511; x_wconf 78' lang='lat' dir='ltr'><strong>etiam</strong></span> <span class='ocrx_word' id='word_1_150' title='bbox 719 1475 916 1522; x_wconf 74' lang='lat' dir='ltr'><strong>patriaeque</strong></span> <span class='ocrx_word' id='word_1_151' title='bbox 934 1475 1072 1523; x_wconf 71' lang='lat' dir='ltr'><strong>expleat</strong></span> <span class='ocrx_word' id='word_1_152' title='bbox 1088 1475 1310 1511; x_wconf 76' lang='lat' dir='ltr'><strong>desiderium,</strong></span> <span class='ocrx_word' id='word_1_153' title='bbox 1358 1473 1444 1510; x_wconf 85' lang='lat' dir='ltr'><strong>Ac·-</strong></span> 
     </span>
     <span class='ocr_line' id='line_1_22' title="bbox 314 1537 1437 1587; baseline -0.001 -14"><span class='ocrx_word' id='word_1_154' title='bbox 314 1537 502 1574; x_wconf 88' lang='lat' dir='ltr'><strong>ccdebant</strong></span> <span class='ocrx_word' id='word_1_155' title='bbox 519 1537 714 1574; x_wconf 67' lang='lat' dir='ltr'><strong>blanditiae</strong></span> <span class='ocrx_word' id='word_1_156' title='bbox 735 1538 914 1580; x_wconf 85' lang='lat' dir='ltr'><strong>virorum,</strong></span> <span class='ocrx_word' id='word_1_157' title='bbox 933 1537 1077 1574; x_wconf 88' lang='lat' dir='ltr'><strong>factum</strong></span> <span class='ocrx_word' id='word_1_158' title='bbox 1099 1537 1344 1587; x_wconf 83' lang='lat' dir='ltr'><strong>purgantium</strong></span> <span class='ocrx_word' id='word_1_159' title='bbox 1370 1549 1437 1573; x_wconf 89' lang='lat' dir='ltr'><strong>cu-</strong></span> 
     </span>
     <span class='ocr_line' id='line_1_23' title="bbox 313 1600 1437 1652; baseline 0.001 -15"><span class='ocrx_word' id='word_1_160' title='bbox 313 1601 474 1651; x_wconf 86' lang='lat' dir='ltr'><strong>piditate</strong></span> <span class='ocrx_word' id='word_1_161' title='bbox 494 1608 606 1650; x_wconf 88' lang='lat' dir='ltr'><strong>atque</strong></span> <span class='ocrx_word' id='word_1_162' title='bbox 626 1615 754 1638; x_wconf 84' lang='lat' dir='ltr'><strong>amore</strong></span> <span class='ocrx_word' id='word_1_163' title='bbox 772 1617 780 1637; x_wconf 88' lang='lat'><strong>:</strong></span> <span class='ocrx_word' id='word_1_164' title='bbox 813 1615 895 1652; x_wconf 81' lang='lat' dir='ltr'><strong>quae</strong></span> <span class='ocrx_word' id='word_1_165' title='bbox 915 1602 1078 1639; x_wconf 84' lang='lat' dir='ltr'><strong>maxime</strong></span> <span class='ocrx_word' id='word_1_166' title='bbox 1097 1601 1144 1638; x_wconf 87' lang='lat' dir='ltr'><strong>ad</strong></span> <span class='ocrx_word' id='word_1_167' title='bbox 1169 1600 1353 1637; x_wconf 83' lang='lat' dir='ltr'><strong>muliebre</strong></span> <span class='ocrx_word' id='word_1_168' title='bbox 1376 1601 1437 1638; x_wconf 85' lang='lat' dir='ltr'><strong>in·</strong></span> 
     </span>
     <span class='ocr_line' id='line_1_24' title="bbox 315 1666 919 1716; baseline 0.003 -15"><span class='ocrx_word' id='word_1_169' title='bbox 315 1666 469 1713; x_wconf 81' lang='lat' dir='ltr'><strong>genium</strong></span> <span class='ocrx_word' id='word_1_170' title='bbox 485 1667 654 1702; x_wconf 83' lang='lat' dir='ltr'><strong>efficaces</strong></span> <span class='ocrx_word' id='word_1_171' title='bbox 670 1679 798 1716; x_wconf 82' lang='lat' dir='ltr'><strong>preces</strong></span> <span class='ocrx_word' id='word_1_172' title='bbox 819 1673 919 1703; x_wconf 88' lang='lat' dir='ltr'><strong>sunt.</strong></span> 
     </span>
    </p>

    <p class='ocr_par' dir='ltr' id='par_1_3' title="bbox 314 1729 1440 2360">
     <span class='ocr_line' id='line_1_25' title="bbox 368 1729 1440 1780; baseline -0.002 -14"><span class='ocrx_word' id='word_1_173' title='bbox 368 1729 422 1766; x_wconf 90' lang='lat' dir='ltr'><strong>X.</strong></span> <span class='ocrx_word' id='word_1_174' title='bbox 447 1729 472 1766; x_wconf 86' lang='lat' dir='ltr'><strong>J</strong></span> <span class='ocrx_word' id='word_1_175' title='bbox 475 1743 535 1766; x_wconf 89' lang='lat' dir='ltr'><strong>am</strong></span> <span class='ocrx_word' id='word_1_176' title='bbox 555 1730 758 1767; x_wconf 88' lang='lat' dir='ltr'><strong>admodum</strong></span> <span class='ocrx_word' id='word_1_177' title='bbox 777 1731 943 1779; x_wconf 75' lang='lat' dir='ltr'><strong>mitigati</strong></span> <span class='ocrx_word' id='word_1_178' title='bbox 962 1731 1077 1766; x_wconf 87' lang='lat' dir='ltr'><strong>animi</strong></span> <span class='ocrx_word' id='word_1_179' title='bbox 1097 1730 1215 1780; x_wconf 81' lang='lat' dir='ltr'><strong>raptis</strong></span> <span class='ocrx_word' id='word_1_180' title='bbox 1235 1735 1365 1766; x_wconf 87' lang='lat' dir='ltr'><strong>erant:</strong></span> <span class='ocrx_word' id='word_1_181' title='bbox 1398 1734 1440 1765; x_wconf 82' lang='lat' dir='ltr'><strong>at</strong></span> 
     </span>
     <span class='ocr_line' id='line_1_26' title="bbox 314 1793 1437 1845; baseline -0.002 -14"><span class='ocrx_word' id='word_1_182' title='bbox 314 1800 509 1845; x_wconf 82' lang='lat' dir='ltr'><strong>raptarum</strong></span> <span class='ocrx_word' id='word_1_183' title='bbox 534 1800 708 1845; x_wconf 85' lang='lat' dir='ltr'><strong>parentes</strong></span> <span class='ocrx_word' id='word_1_184' title='bbox 732 1801 813 1831; x_wconf 87' lang='lat' dir='ltr'><strong>tum</strong></span> <span class='ocrx_word' id='word_1_185' title='bbox 839 1796 1002 1832; x_wconf 88' lang='lat' dir='ltr'><strong>maxime</strong></span> <span class='ocrx_word' id='word_1_186' title='bbox 1031 1794 1184 1832; x_wconf 84' lang='lat' dir='ltr'><strong>sordida</strong></span> <span class='ocrx_word' id='word_1_187' title='bbox 1201 1800 1305 1830; x_wconf 84' lang='lat' dir='ltr'><strong>veste</strong></span> <span class='ocrx_word' id='word_1_188' title='bbox 1326 1793 1437 1830; x_wconf 78' lang='lat' dir='ltr'><strong>lacri-</strong></span> 
     </span>
     <span class='ocr_line' id='line_1_27' title="bbox 314 1857 1439 1908; baseline -0.001 -14"><span class='ocrx_word' id='word_1_189' title='bbox 314 1859 461 1908; x_wconf 88' lang='lat' dir='ltr'><strong>misque</strong></span> <span class='ocrx_word' id='word_1_190' title='bbox 480 1865 518 1894; x_wconf 88' lang='lat' dir='ltr'><strong>et</strong></span> <span class='ocrx_word' id='word_1_191' title='bbox 544 1859 703 1908; x_wconf 87' lang='lat' dir='ltr'><strong>querelis</strong></span> <span class='ocrx_word' id='word_1_192' title='bbox 730 1860 900 1896; x_wconf 72' lang='lat' dir='ltr'><strong>civitates</strong></span> <span class='ocrx_word' id='word_1_193' title='bbox 932 1859 1203 1896; x_wconf 82' lang='lat' dir='ltr'><strong>concitabant:</strong></span> <span class='ocrx_word' id='word_1_194' title='bbox 1235 1870 1305 1894; x_wconf 90' lang='lat' dir='ltr'><strong>nec</strong></span> <span class='ocrx_word' id='word_1_195' title='bbox 1334 1857 1439 1893; x_wconf 80' lang='lat' dir='ltr'><strong>domi</strong></span> 
     </span>
     <span class='ocr_line' id='line_1_28' title="bbox 314 1921 1437 1972; baseline -0.001 -13"><span class='ocrx_word' id='word_1_196' title='bbox 314 1929 466 1959; x_wconf 90' lang='lat' dir='ltr'><strong>tantum</strong></span> <span class='ocrx_word' id='word_1_197' title='bbox 485 1923 767 1972; x_wconf 86' lang='lat' dir='ltr'><strong>indignationes</strong></span> <span class='ocrx_word' id='word_1_198' title='bbox 789 1923 1052 1966; x_wconf 85' lang='lat' dir='ltr'><strong>continebant,</strong></span> <span class='ocrx_word' id='word_1_199' title='bbox 1068 1923 1132 1958; x_wconf 90' lang='lat' dir='ltr'><strong>sed</strong></span> <span class='ocrx_word' id='word_1_200' title='bbox 1149 1921 1437 1970; x_wconf 74' lang='lat' dir='ltr'><strong>congregaban-</strong></span> 
     </span>
     <span class='ocr_line' id='line_1_29' title="bbox 315 1984 1435 2036; baseline -0.003 -13"><span class='ocrx_word' id='word_1_201' title='bbox 315 1992 378 2023; x_wconf 87' lang='lat' dir='ltr'><strong>tur</strong></span> <span class='ocrx_word' id='word_1_202' title='bbox 406 1987 572 2036; x_wconf 88' lang='lat' dir='ltr'><strong>undique</strong></span> <span class='ocrx_word' id='word_1_203' title='bbox 598 1987 644 2023; x_wconf 88' lang='lat' dir='ltr'><strong>ad</strong></span> <span class='ocrx_word' id='word_1_204' title='bbox 662 1986 800 2022; x_wconf 63' lang='lat' dir='ltr'><strong>‘Titum</strong></span> <span class='ocrx_word' id='word_1_205' title='bbox 829 1987 997 2028; x_wconf 83' lang='lat' dir='ltr'><strong>Tatium,</strong></span> <span class='ocrx_word' id='word_1_206' title='bbox 1024 1998 1153 2033; x_wconf 79' lang='lat' dir='ltr'><strong>regem</strong></span> <span class='ocrx_word' id='word_1_207' title='bbox 1183 1984 1435 2021; x_wconf 86' lang='lat' dir='ltr'><strong>Sabinorum:</strong></span> 
     </span>
     <span class='ocr_line' id='line_1_30' title="bbox 316 2047 1438 2099; baseline -0.002 -13"><span class='ocrx_word' id='word_1_208' title='bbox 316 2056 354 2086; x_wconf 85' lang='lat' dir='ltr'><strong>et</strong></span> <span class='ocrx_word' id='word_1_209' title='bbox 384 2049 595 2099; x_wconf 84' lang='lat' dir='ltr'><strong>legationes</strong></span> <span class='ocrx_word' id='word_1_210' title='bbox 625 2062 686 2093; x_wconf 89' lang='lat' dir='ltr'><strong>eo,</strong></span> <span class='ocrx_word' id='word_1_211' title='bbox 720 2050 819 2098; x_wconf 85' lang='lat' dir='ltr'><strong>quod</strong></span> <span class='ocrx_word' id='word_1_212' title='bbox 853 2050 1060 2085; x_wconf 88' lang='lat' dir='ltr'><strong>maximum</strong></span> <span class='ocrx_word' id='word_1_213' title='bbox 1089 2048 1193 2084; x_wconf 88' lang='lat' dir='ltr'><strong>Tatii</strong></span> <span class='ocrx_word' id='word_1_214' title='bbox 1229 2059 1368 2084; x_wconf 90' lang='lat' dir='ltr'><strong>nomen</strong></span> <span class='ocrx_word' id='word_1_215' title='bbox 1398 2047 1438 2084; x_wconf 89' lang='lat' dir='ltr'><strong>in</strong></span> 
     </span>
     <span class='ocr_line' id='line_1_31' title="bbox 316 2111 1438 2163; baseline -0.004 -12"><span class='ocrx_word' id='word_1_216' title='bbox 316 2115 376 2152; x_wconf 84' lang='lat' dir='ltr'><strong>his</strong></span> <span class='ocrx_word' id='word_1_217' title='bbox 396 2113 617 2163; x_wconf 87' lang='lat' dir='ltr'><strong>regionibus</strong></span> <span class='ocrx_word' id='word_1_218' title='bbox 637 2120 731 2158; x_wconf 84' lang='lat' dir='ltr'><strong>erat,</strong></span> <span class='ocrx_word' id='word_1_219' title='bbox 753 2113 1042 2150; x_wconf 76' lang='lat' dir='ltr'><strong>conveniebant.</strong></span> <span class='ocrx_word' id='word_1_220' title='bbox 1077 2112 1320 2148; x_wconf 68' lang='lat' dir='ltr'><strong>Caeninenses</strong></span> <span class='ocrx_word' id='word_1_221' title='bbox 1341 2111 1438 2148; x_wconf 85' lang='lat' dir='ltr'><strong>Cru-</strong></span> 
     </span>
     <span class='ocr_line' id='line_1_32' title="bbox 318 2173 1438 2228; baseline -0.004 -13"><span class='ocrx_word' id='word_1_222' title='bbox 318 2179 549 2228; x_wconf 87' lang='lat' dir='ltr'><strong>stuminique</strong></span> <span class='ocrx_word' id='word_1_223' title='bbox 569 2185 607 2215; x_wconf 89' lang='lat' dir='ltr'><strong>et</strong></span> <span class='ocrx_word' id='word_1_224' title='bbox 625 2180 875 2215; x_wconf 90' lang='lat' dir='ltr'><strong>Antemnates</strong></span> <span class='ocrx_word' id='word_1_225' title='bbox 895 2184 1016 2221; x_wconf 84' lang='lat' dir='ltr'><strong>erant,</strong></span> <span class='ocrx_word' id='word_1_226' title='bbox 1038 2176 1085 2213; x_wconf 88' lang='lat' dir='ltr'><strong>ad</strong></span> <span class='ocrx_word' id='word_1_227' title='bbox 1114 2188 1206 2225; x_wconf 91' lang='lat' dir='ltr'><strong>quos</strong></span> <span class='ocrx_word' id='word_1_228' title='bbox 1228 2174 1307 2226; x_wconf 85' lang='lat' dir='ltr'><strong>ejus</strong></span> <span class='ocrx_word' id='word_1_229' title='bbox 1337 2173 1438 2225; x_wconf 86' lang='lat' dir='ltr'><strong>iuju-</strong></span> 
     </span>
     <span class='ocr_line' id='line_1_33' title="bbox 318 2239 1438 2294; baseline -0.002 -14"><span class='ocrx_word' id='word_1_230' title='bbox 318 2245 383 2281; x_wconf 83' lang='lat' dir='ltr'><strong>riae</strong></span> <span class='ocrx_word' id='word_1_231' title='bbox 400 2257 486 2294; x_wconf 88' lang='lat' dir='ltr'><strong>pars</strong></span> <span class='ocrx_word' id='word_1_232' title='bbox 506 2245 734 2294; x_wconf 85' lang='lat' dir='ltr'><strong>pertinebat.</strong></span> <span class='ocrx_word' id='word_1_233' title='bbox 790 2244 913 2280; x_wconf 86' lang='lat' dir='ltr'><strong>Lente</strong></span> <span class='ocrx_word' id='word_1_234' title='bbox 934 2255 1045 2292; x_wconf 79' lang='lat' dir='ltr'><strong>agere</strong></span> <span class='ocrx_word' id='word_1_235' title='bbox 1065 2243 1110 2278; x_wconf 87' lang='lat' dir='ltr'><strong>iis</strong></span> <span class='ocrx_word' id='word_1_236' title='bbox 1129 2241 1264 2278; x_wconf 85' lang='lat' dir='ltr'><strong>Tatius</strong></span> <span class='ocrx_word' id='word_1_237' title='bbox 1285 2239 1438 2278; x_wconf 80' lang='lat' dir='ltr'><strong>Sabini-</strong></span> 
     </span>
     <span class='ocr_line' id='line_1_34' title="bbox 319 2303 1439 2360; baseline -0.006 -14"><span class='ocrx_word' id='word_1_238' title='bbox 319 2317 394 2359; x_wconf 76' lang='lat' dir='ltr'><strong>qu‘e</strong></span> <span class='ocrx_word' id='word_1_239' title='bbox 412 2309 482 2346; x_wconf 92' lang='lat' dir='ltr'><strong>visi</strong></span> <span class='ocrx_word' id='word_1_240' title='bbox 510 2314 611 2347; x_wconf 87' lang='lat' dir='ltr'><strong>sunt.</strong></span> <span class='ocrx_word' id='word_1_241' title='bbox 667 2308 747 2360; x_wconf 91' lang='lat' dir='ltr'><strong>Ipsi</strong></span> <span class='ocrx_word' id='word_1_242' title='bbox 767 2308 866 2348; x_wconf 84' lang='lat' dir='ltr'><strong>inter</strong></span> <span class='ocrx_word' id='word_1_243' title='bbox 884 2320 924 2344; x_wconf 90' lang='lat' dir='ltr'><strong>se</strong></span> <span class='ocrx_word' id='word_1_244' title='bbox 941 2313 1017 2344; x_wconf 86' lang='lat' dir='ltr'><strong>tres</strong></span> <span class='ocrx_word' id='word_1_245' title='bbox 1037 2305 1169 2359; x_wconf 87' lang='lat' dir='ltr'><strong>populi</strong></span> <span class='ocrx_word' id='word_1_246' title='bbox 1188 2303 1439 2343; x_wconf 84' lang='lat' dir='ltr'><strong>communiter</strong></span> 
     </span>
    </p>
   </div>
  </div>
 </body>
</html>
