1573 2598
344 186 429 232 310
799 189 845 218 T.
871 189 1004 223 L1v11

134 278 176 308 U·
192 277 228 309 C·
245 283 320 309 ³82·
345 279 455 315 scire:
482 275 665 319 arbitrari,
684 277 780 313 velut
797 278 926 325 ipse-in
944 288 983 312 re
1002 277 1142 326 trepida
1163 278 1230 313 loci
1241 278 1459 326 mandinse

129 322 171 356 ἅλ’
188 321 226 352 C'
241 328 316 353 ‘¹²⁰‘
344 354 491 390 suosque
527 343 575 378 sit
612 346 760 385 tutatus,
796 343 846 378 sic
882 341 1056 377 consulem
1089 343 1254 384 servandi
1289 344 1459 395 exercitus

344 418 470 443 caussa
507 407 586 442 loca
623 407 755 442 tutiora
790 407 913 442 castris
949 407 1088 453 cepisse.
1146 406 1222 442 Nec
1258 406 1458 454 Volscorum,

342 471 504 508 meliores
520 482 574 505 res
598 481 668 506 esse
695 471 848 512 credere,
869 482 977 518 quam
1001 470 1131 518 populi
1149 469 1316 509 Romani.
1371 471 1459 523 For-7

345 541 469 572 tunam
492 539 699 582 noctemque
726 536 847 571 omnia
874 535 1001 570 erroris
1028 535 1144 570 mutui
1172 535 1345 583 implesse:
1372 547 1458 584 pree

343 607 569 647 cantemque
591 597 738 640 deinde,
757 610 806 634 ne
835 610 874 633 se
901 597 1043 634 fessum
1071 597 1202 634 labore
1230 611 1274 634 ac
1293 598 1461 639 vulneri.-

345 661 416 700 bus
435 669 623 706 tenerent,
644 675 728 698 cum
747 662 892 711 ingenti
913 662 1037 706 laude,
1056 675 1134 699 non
1154 663 1302 700 virtutis
1322 663 1457 712 magis,

346 739 459 777 quam
479 726 763 769 moderationis,
785 726 991 764 dimissum.
1047 727 1175 766 Quum
1193 728 1274 764 haec
1300 740 1457 776 ageren—

338 798 422 835 sstur,
436 790 520 842 jam
539 791 672 828 consul
686 792 746 827 via
763 790 957 828 Lavicana
975 791 1021 828 ad
1040 791 1170 829 fanum
1187 792 1335 832 Quietis
1356 798 1455 829 erat:

345 869 392 896 eo
415 856 530 893 missa
557 855 725 906 plaustra
737 855 987 906 jumentaque
1016 855 1091 893 alia
1118 856 1165 894 ab
1194 856 1287 894 urbe
1315 857 1458 894 exerci-

344 926 441 963 tum,
472 919 662 956 adfectum
698 918 833 968 proelio
866 932 909 956 ac
938 920 1001 955 via
1031 925 1234 962 nocturna,
1265 932 1458 970 excepere.

342 983 480 1023 Paullo
501 990 589 1034 post
608 983 647 1019 in
665 982 797 1019 urbem
813 988 871 1018 est
884 983 1073 1032 ingressus
1094 982 1239 1026 consul,
1255 996 1334 1021 non
1353 983 1400 1022 ab
1419 995 1460 1022 se

343 1049 464 1097 magis
485 1049 595 1084 enixe
610 1059 788 1084 amovens
806 1046 968 1097 culpam,
986 1060 1097 1097 quam
1109 1048 1362 1099 Tempanium
1378 1061 1458 1086 me,-

344 1113 426 1151 ritis
442 1112 614 1149 laudibus
631 1112 766 1148 ferens.
796 1111 950 1148 Moestae
969 1113 1115 1149 civitati
1133 1111 1180 1149 ab
1199 1125 1240 1150 re
1257 1112 1355 1150 male
1374 1126 1459 1165 ges·-

343 1184 385 1214 ta
403 1183 443 1214 et
460 1177 564 1213 iratoe
584 1176 740 1213 ducibus
762 1175 819 1213 M.
839 1176 1056 1213 Postumius
1077 1189 1161 1213 reus
1185 1176 1373 1228 objectuS,
1394 1178 1460 1228 qui

342 1241 517 1279 tribunus
533 1241 695 1277 militum
715 1253 785 1290 pro
802 1241 957 1278 consule
975 1242 1022 1279 ad
1038 1242 1152 1278 Veios
1171 1241 1308 1286 fuerat,
1328 1241 1459 1281 decem

342 1303 508 1343 millibus
536 1305 618 1341 aeris
648 1305 770 1354 gravis
801 1304 1013 1343 damnatur.
1069 1305 1115 1343 T.
1136 1306 1359 1345 Quinctium
1378 1305 1456 1343 col-

343 1370 467 1419 legam
487 1368 582 1419 ejus,
602 1370 690 1418 quia
710 1374 748 1405 et
765 1369 803 1405 in
823 1369 971 1406 Volscis
991 1369 1123 1407 consul
1143 1371 1312 1420 auspicio
1337 1370 1456 1408 dicta-

342 1434 438 1471 toris
467 1432 655 1470 Postumii
683 1432 857 1476 Tuberti,
878 1441 916 1469 et
945 1434 990 1470 ad
1016 1434 1177 1470 Fidenas
1204 1433 1351 1484 legatus
1377 1435 1456 1472 dic,

345 1498 479 1537 tatoris
500 1497 653 1534 alterius
671 1497 791 1534 Mam.
811 1497 974 1541 AEmilii,
994 1510 1052 1534 res
1072 1510 1250 1549 prospere
1275 1504 1456 1547 gesserat,

340 1568 467 1600 totam
485 1561 635 1611 culpam
654 1560 734 1612 ejus
751 1562 933 1611 temporis
959 1563 999 1598 iu
1021 1562 1320 1612 praedamnatum
1341 1562 1458 1600 colle·

342 1639 432 1675 gam
449 1625 754 1668 transferentem,
775 1637 907 1662 omnes
926 1625 1046 1662 tribus
1069 1625 1335 1663 absolverunt:
1366 1638 1455 1677 pro-

342 1691 460 1728 fuisse
479 1690 513 1726 ei
538 1689 756 1727 Cincinnati
781 1690 897 1739 patris
923 1690 1106 1727 memoria
1131 1690 1281 1734 dicitur,
1300 1703 1456 1743 venera7

342 1753 429 1792 bilis
449 1754 533 1797 viri,
554 1761 591 1790 et
614 1760 756 1791 exactae
779 1753 861 1804 jam
890 1755 1011 1791 aetatis
1042 1754 1280 1806 Capitolinus
1310 1755 1456 1795 Quino-

341 1819 432 1861 tius,
453 1816 672 1868 suppliciter
690 1830 817 1861 oranS,
836 1830 885 1856 ne
904 1831 957 1863 se,
977 1818 1082 1856 brevi
1100 1818 1245 1869 reliquo
1264 1820 1350 1856 vitae
1369 1832 1454 1871 spa·

341 1882 412 1927 tio,
433 1888 512 1919 tam
530 1883 676 1919 tristem
695 1883 878 1921 nuncium
895 1883 993 1921 ferre
1014 1883 1061 1922 ad
1091 1883 1360 1922 Cincinnatum
1385 1896 1453 1935 pa·

338 1950 524 1982 texentur.

397 2007 530 2047 XLII.
558 2006 670 2045 Plebs
697 2007 869 2046 tribunos
896 2007 999 2059 plebi
1021 2008 1210 2053 absentes,
1234 2009 1320 2048 Sex.
1339 2010 1454 2050 Tem·

343 2072 514 2124 panium,
533 2072 581 2110 A.
603 2071 772 2116 Sellium,
794 2072 880 2111 Sex.
900 2073 1125 2118 Antistium,
1145 2080 1183 2111 ct
1205 2073 1268 2124 Sp.
1289 2073 1453 2120 Icilium,

343 2136 458 2182 fecit,
494 2147 587 2185 quos
616 2141 654 2172 et
682 2148 751 2187 pro
780 2136 1063 2174 centurionibus
1093 2137 1166 2175 sibi
1193 2137 1453 2188 praefecerant,

342 2197 556 2249 Tempanio
588 2204 756 2244 auctore,
790 2201 947 2250 equites,
1004 2200 1179 2247 SenatuS,
1213 2214 1329 2252 quum
1363 2202 1454 2243 odio

343 2261 559 2315 Sempronii
601 2263 798 2301 consulare
834 2276 973 2303 nomen
1009 2265 1245 2310 obfenderet,
1280 2265 1452 2311 tribunos

344 2327 509 2368 miiitum
542 2327 734 2368 consulari
771 2334 963 2381 potestate
997 2331 1117 2373 creari
1151 2329 1292 2383 jussit:
1336 2331 1454 2376 creati
