1573 2598
121 280 164 310 U.
181 280 217 310 C.
235 284 309 310 268.

121 324 160 352 A.
177 322 213 352 C.
230 329 304 353 484.

121 365 322 405 Lexagraria.

168 1940 297 1971 Cassius

169 1991 313 2016 necatur.

340 175 418 231 138
790 187 835 215 τ.
860 187 992 216 mvn

336 273 471 317 iuerat,
488 272 692 320 largitione
710 271 903 308 consulem
921 270 1150 322 periculosas
1170 271 1334 309 libertati
1354 284 1444 322 opes

335 341 491 372 struere.
546 335 646 371 Tum
666 335 829 384 primum
852 335 914 371 lex
934 335 1082 382 agraria
1103 333 1344 384 promulgata
1362 342 1442 380 est;

334 412 541 448 numquam
576 398 710 434 deinde
740 410 858 447 usque
891 398 937 434 ad
973 399 1072 434 hanc
1109 399 1330 435 memoriam
1366 400 1447 435 sine

334 463 508 500 maximis
531 462 697 498 motibus
720 475 844 499 rerum
863 464 1018 511 agitata.
1077 462 1221 499 Consul
1249 462 1344 499 alter
1372 462 1446 499 lar-

335 527 474 575 gitioni
509 526 723 569 resistebat,
757 526 974 563 auctoribus
1012 526 1204 569 Patribus,
1236 539 1307 562 nec
1343 526 1448 563 omni

335 590 446 641 plebe
481 591 731 627 adversante:
781 603 864 640 quae
900 591 1022 641 primo
1060 597 1227 640 coepcrat
1263 590 1448 633 fastidire,

336 666 472 690 munus
501 653 696 702 vulgatum
730 666 753 690 a
785 653 928 690 civibus
961 655 1035 690 isse
1070 654 1110 690 in
1147 654 1284 690 socios.
1341 654 1449 703 Soepe

336 716 471 753 deinde
498 723 537 754 et
554 717 771 765 Virginium
793 716 987 754 consulem
1009 718 1048 753 in
1072 717 1319 753 concionibus
1346 716 1451 752 velut

334 781 606 817 vaticinantem
634 781 825 825 audiebat,
847 783 1020 818 Pestilens
1048 782 1189 829 collegae
1216 794 1340 817 munus
1368 793 1449 818 esse.

336 846 452 893 Agros
476 847 556 882 illos
574 847 775 882 servitutem
793 848 849 889 iis,
870 848 931 894 qui
949 848 1159 894 acceperint,
1182 847 1316 881 laturos
1330 862 1341 881 .·
1370 858 1450 893 reg·

335 921 381 945 no
408 911 503 945 viam
518 910 616 958 fleri.
675 910 771 951 Quid
799 912 851 946 ita
874 911 966 945 enim
991 910 1129 945 adsumi
1148 911 1257 945 socios
1275 914 1309 944 et
1326 916 1452 945 nomen

337 973 547 1010 Latinum?
576 974 672 1015 Quid
699 975 902 1016 adtinuisse,
924 974 1100 1015 Hernicis,
1126 974 1252 1021 paullo
1279 978 1361 1009 ante
1388 973 1452 1010 ho-

335 1038 456 1080 stibus,
477 1039 574 1086 capti
595 1039 674 1085 agri
691 1043 833 1085 partem
859 1040 1001 1074 tertiam
1022 1039 1137 1080 reddi,
1154 1038 1222 1073 nisi
1238 1041 1279 1073 ut
1297 1037 1350 1073 hae
1365 1049 1452 1084 gen·

337 1106 386 1138 tes
409 1114 478 1150 pro
508 1102 695 1137 Coriolano
724 1103 811 1137 duce
840 1101 997 1137 Cassium
1030 1101 1218 1137 habeant?
1253 1099 1454 1150 Popularis

330 1164 414 1216 jam
433 1178 514 1201 esse
539 1165 730 1202 dissuasor
753 1172 790 1201 et
812 1166 1043 1202 intercessor
1066 1165 1160 1214 legis
1191 1165 1348 1214 agrariae
1373 1177 1451 1201 coe-

337 1238 458 1281 perat.
513 1230 685 1280 Uterque
714 1231 847 1267 deinde
861 1230 1007 1284 ‘consul
1045 1230 1220 1267 certatim
1255 1228 1358 1280 plebi
1392 1229 1451 1264 in-

338 1293 504 1343 dulgere.
560 1294 756 1342 Virginius
788 1294 924 1338 dicere,
958 1306 1155 1344 passurum
1187 1305 1227 1329 se
1263 1291 1454 1340 adsignari

339 1371 467 1407 agros,
494 1359 583 1395 dum
607 1371 655 1394 ne
681 1359 755 1401 cui,
782 1358 854 1395 nisi
881 1359 954 1395 civi
974 1358 1169 1401 Romano,
1196 1357 1454 1406 adsignentur.

340 1423 508 1468 Cassius,
528 1425 617 1473 quia
636 1425 675 1460 in
695 1425 842 1473 agraria
860 1424 1063 1474 largitione
1083 1424 1306 1461 ambitiosus
1329 1423 1368 1460 in
1391 1434 1454 1459 so-

340 1485 434 1528 cios,
455 1497 577 1533 eoque
601 1486 745 1520 civibus
765 1488 875 1520 vilior
904 1495 998 1529 erat,
1025 1494 1068 1524 ut
1095 1487 1170 1524 alio
1199 1499 1354 1523 munere
1382 1485 1456 1523 sibi

337 1548 603 1587 reconciliaret
621 1549 760 1585 civium
779 1549 940 1592 animos,
961 1547 1112 1598 jubere,
1138 1561 1208 1598 pro
1229 1548 1356 1584 Siculo
1374 1549 1454 1584 fru-

333 1600 470 1649 'mento
489 1612 690 1662 pecuniam
709 1619 904 1661 acceptam
923 1612 1081 1648 retribui
1101 1610 1254 1662 populo.
1302 1610 1346 1647 Id
1364 1623 1455 1647 vero

339 1676 441 1713 haud
462 1688 583 1720 secus,
609 1688 723 1725 quam
751 1682 976 1726 praesentem
1003 1675 1213 1712 mercedem
1240 1675 1362 1724 regni,
1388 1674 1456 1711 ad-

340 1746 519 1789 spernata
536 1739 688 1789 plebes:
725 1739 820 1775 adeo
845 1744 1001 1789 propter
1022 1739 1277 1789 suspicionem
1302 1738 1456 1774 insitam

340 1805 463 1853 regni,
483 1803 586 1840 velut
605 1803 843 1840 abundarent
862 1804 1004 1847 omnia,
1024 1816 1182 1839 munera
1200 1801 1280 1853 ejus
1307 1803 1346 1838 in
1373 1803 1456 1839 ani-

341 1868 411 1904 mis
448 1868 646 1903 hominum
678 1866 964 1917 respuebantur.
1021 1866 1160 1909 Quem,
1194 1865 1259 1902 ubi
1293 1866 1456 1915 primum

342 1930 567 1979 magistratu
604 1931 712 1973 abiit,
750 1930 971 1966 damnatum
1007 1935 1257 1977 necatumque
1291 1935 1454 1966 constat.

345 1995 455 2038 Sunt,
486 1995 551 2043 qui
583 2001 729 2044 patrem
762 2000 956 2030 auctorem
986 1993 1065 2043 ejus
1095 1992 1269 2043 supplicii
1300 1992 1452 2030 ferant:

344 2072 444 2102 eum,
475 2060 631 2108 cognita
659 2059 761 2094 domi
790 2070 935 2101 caussa,
965 2057 1183 2094 verberasse
1211 2070 1254 2093 ac
1286 2069 1454 2100 necasse,

342 2122 606 2173 peculiumque
631 2122 698 2158 filii
718 2122 846 2158 Cereri
866 2122 1166 2158 consecravisse:
1199 2122 1349 2170 signum
1371 2121 1457 2158 inde

340 2186 485 2223 facturn
511 2199 605 2229 esse,
631 2192 670 2222 et
694 2186 930 2235 inscriptum,
956 2197 1007 2221 nx
1030 2186 1173 2221 CAssrA
1195 2196 1364 2220 rmum
1383 2196 1456 2220 DA-

343 2263 445 2287 TUM.
502 2250 661 2286 Invenio
691 2250 791 2301 apud
815 2250 1011 2299 quosdam,
1032 2250 1142 2299 idque
1164 2250 1317 2300 propius
1343 2248 1455 2285 fidem

343 2314 414 2357 est,
435 2326 456 2350 a
475 2313 723 2363 quaestoribus
743 2313 795 2351 K.
814 2313 936 2351 Fabio
956 2320 994 2349 ct
1012 2312 1057 2350 L.
1073 2313 1225 2350 Valerio
1251 2312 1350 2349 diem
1376 2312 1454 2348 dic·
