1573 2598
338 154 492 184 Lmen
516 152 634 182 v111.
665 150 773 191 ᾳΑΡ.
796 153 891 180 xu.
1093 151 1174 196 551

65 242 251 280 Publilius
272 243 408 289 Philo;
441 256 563 292 neque
582 243 622 278 in
642 242 803 278 similem
822 242 1019 279 materiam
1039 255 1177 286 rerum,
1193 240 1376 298 U.C.4‘16‚

66 315 106 344 et
124 309 195 358 ipsi
215 316 281 345 aut
306 322 458 345 suarum
483 320 622 350 rerum,
643 312 710 343 aut
738 308 903 356 partium
923 308 962 343 in
988 307 1182 357 republica
1194 285 1232 315 A‘
1247 284 1284 314 C*
1299 288 1374 314 3⁴3⁶*

67 373 203 420 magis,
233 385 346 421 quam
375 373 521 422 patriae,
550 384 749 408 memores.
799 372 976 415 Latinos,
1008 372 1057 408 ob
1087 373 1182 408 iram
1196 375 1385 422 Latinoium

69 436 151 483 agri
170 436 298 472 amissi
328 436 568 478 rebellantes,
589 436 628 471 in
658 436 800 485 campis
829 436 1055 472 Fenectanis
1074 436 1182 473 futle-
1195 417 1336 449 ‘ebeum‘

66 506 170 542 runt,
192 501 398 549 castrisque
425 506 623 536 exuerunt.
654 499 712 536 lbi
740 499 920 542 Publilio,
941 499 1048 550 cujus
1068 500 1186 536 ductu

68 564 238 612 auspicio
266 576 324 599 res
345 570 462 612 gestae
491 569 612 606 erant,
643 564 683 599 in
712 564 945 599 deditionem
974 564 1186 614 accipiente

68 625 230 663 Latinos
260 627 437 678 populos,
471 639 631 676 quorum
664 626 718 663 ibi
743 626 926 677 juventus
960 639 1057 663 caesa
1089 633 1184 671 erat,

69 689 249 727 AEmilius
279 691 326 727 ad
349 691 494 726 Pedum
523 691 731 726 exercitum
750 690 869 727 duxit.
898 690 1072 727 Pedanos
1103 697 1187 727 tue-

70 754 184 790 batur
209 754 363 798 Tiburs,
391 755 662 796 Praenestinus,
686 753 975 803 Veliternusque
1000 755 1186 805 populus:

67 826 252 855 venerant
270 825 308 855 et
327 819 374 855 ab
388 819 565 855 Lanuvio
581 819 776 866 Antioque
795 818 947 855 auxilia.
980 818 1057 856 Ubi
1071 832 1188 868 quum

73 884 218 935 proeliis
237 885 389 933 quidem
415 884 588 934 superior
616 882 815 918 Romanus
846 888 959 926 esset,
980 883 1027 919 ad
1057 884 1190 922 urbem

77 951 199 1002 ipsam
223 951 368 988 Pedum
397 958 595 1000 castraque
623 951 813 987 sociorum
843 950 1086 1001 populorum,
1106 965 1193 1001 quae

80 1016 166 1052 urbi
194 1015 373 1066 adjuncta
402 1022 524 1059 erant,
555 1016 702 1063 integer
730 1014 838 1051 labor
875 1022 1059 1062 restaret;
1093 1016 1193 1054 bello

78 1082 222 1119 infecto
247 1089 403 1134 repente
422 1083 579 1125 omisso,
606 1081 752 1125 consul,
773 1083 862 1131 quia
883 1082 1038 1132 collegae
1065 1084 1194 1120 decre-

79 1153 163 1183 tum
192 1148 426 1198 triumphum
452 1147 608 1190 audivit,
630 1147 710 1197 ipse
729 1159 878 1195 quoque
896 1148 1080 1198 triumphi
1106 1156 1197 1186 ante

81 1212 279 1249 victoriam
305 1213 500 1262 flagitator
520 1211 685 1248 Romam
705 1211 827 1248 rediit.
875 1211 963 1251 Qua
989 1213 1198 1263 cupiditate

83 1276 251 1313 obfeusis
281 1277 473 1320 Patribus,
504 1275 821 1325 negantibusque,
851 1277 925 1312 nisi
955 1276 1058 1313 Pedo
1085 1284 1199 1328 capto

84 1347 151 1377 aut
175 1341 315 1385 dedito,
351 1342 598 1392 triumphum,
630 1341 718 1376 hinc
755 1340 942 1377 alienatus
978 1342 1026 1378 ab
1064 1349 1200 1379 senatu

83 1404 262 1442 AEmilius
283 1407 470 1442 seditiosis
489 1405 745 1441 tribunatibus
771 1405 933 1441 similem
953 1406 1087 1442 deinde
1107 1419 1199 1444 con·
1227 1430 1233 1434 2

85 1469 249 1506 sulatum
268 1472 397 1519 gessit.
447 1470 550 1506 Nam
570 1482 708 1518 neque,
730 1470 853 1519 quoad
874 1469 947 1506 fuit
962 1471 1109 1514 consul,
1128 1472 1201 1507 cri-

87 1534 223 1570 minari
243 1535 343 1584 apud
361 1533 545 1584 populum
574 1533 706 1569 Patres
727 1533 887 1576 destitit,
909 1533 1056 1583 collega
1080 1535 1202 1571 haud-

87 1610 276 1647 quaquam
311 1599 548 1641 adversante,
578 1599 667 1646 quia
696 1604 733 1633 et
760 1598 842 1647 ipse
871 1598 914 1634 de
948 1597 1058 1647 plebe
1096 1606 1200 1636 erat:

93 1662 309 1708 (materiam
338 1669 465 1698 autem
493 1661 687 1711 praebebat
708 1661 928 1696 criminibus
959 1673 1048 1710 ager
1065 1662 1105 1698 in
1124 1662 1203 1699 La-

91 1725 176 1760 tino
213 1724 450 1774 Falernoque
486 1737 578 1773 agro
611 1724 777 1772 maligne
809 1723 932 1774 plebei
958 1725 1116 1772 divisus)
1150 1733 1201 1770 et,

91 1795 295 1840 postquam
324 1796 491 1832 senatus,
522 1789 629 1825 finire
661 1789 861 1838 imperium
891 1789 1108 1825 consulibus
1139 1803 1204 1826 cn-

89 1853 212 1903 piens,
234 1853 458 1889 dictatorem
487 1853 660 1889 adversus
689 1852 914 1888 rebellantes
943 1852 1106 1890 Latinos
1133 1855 1207 1890 dici

85 1916 216 1967 jussit,
244 1917 439 1960 AEmilius,
469 1916 575 1967 cujus
603 1924 686 1953 tum
715 1917 835 1953 fasces
869 1924 989 1960 erant,
1021 1917 1207 1967 collegam

96 1981 322 2017 dictatorem
349 1981 467 2017 dixit:
499 1980 546 2017 ab
584 1993 630 2017 eo
662 1981 843 2029 magister
872 1981 1040 2030 equitum
1069 1982 1207 2018 Junius

98 2045 240 2081 Brutus
271 2046 404 2083 dictus.
433 2045 638 2082 Dictatura
665 2045 872 2095 popularis,
903 2053 941 2081 et
970 2040 1413 2093 orati011ihusQ-13ublili-

97 2110 137 2145 in
161 2108 293 2146 Patres
313 2110 539 2153 criminosis,
560 2110 646 2153 fuit,
668 2115 705 2145 et
724 2110 825 2158 quod
850 2115 926 2146 tres
945 2109 1047 2158 leges
1075 2122 1208 2146 secun-
1222 2089 1418 2120 usd1ctator.

99 2173 271 2209 dissimas
290 2173 429 2224 plebei,
450 2175 622 2211 adversas
648 2174 855 2218 nobilitati,
874 2173 985 2210 tulit:
1018 2186 1146 2217 unam,
1166 2181 1210 2210 ut
1221 2179 1298 2209 Tres
1315 2178 1399 2217 leges

102 2235 301 2287 plebiscita
319 2250 450 2275 omnes
469 2239 637 2279 Quirites
665 2246 861 2275 tenerent:
894 2238 1065 2282 alteram,
1086 2246 1129 2275 ut
1156 2239 1210 2275 le·
1224 2223 1282 2252 fert
1298 2222 1406 2252 adver-2

1225 2275 1274 2294 sas
1291 2264 1382 2294 nobi-

102 2314 206 2350 gum,
226 2314 309 2351 quae
330 2304 492 2340 comitiis
509 2304 728 2341 centuriatis
744 2304 946 2347 ferrentur,
968 2310 1056 2339 ante
1073 2303 1212 2341 initum
1225 2307 1316 2337 litati.
