1573 2598
93 1707 186 1740 U.C.
204 1711 278 1739 416.

94 1753 137 1783 A.
151 1753 186 1783 C.
204 1757 278 1782 3230.

96 1809 131 1840 L.
149 1807 287 1847 Papirius

91 1852 236 1882 dictator.

311 134 398 181 550
767 139 813 167 T.
836 139 968 169 mvn

314 241 380 265 nes
405 226 550 270 Latini,
577 226 882 276 deditionemque
909 241 991 264 eam
1012 228 1199 279 Campani
1225 241 1425 279 sequeren-

312 298 387 328 tur.
429 290 585 327 Latium
605 290 811 340 Capuaque
830 303 923 339 agro
943 291 1107 329 multati.
1137 291 1297 329 Latinus
1318 305 1422 342 ager,

313 355 526 392 Privernati
541 354 671 391 addito
690 367 797 403 agro,
815 362 852 391 et
872 355 1068 399 Falernus,
1083 357 1146 405 qui
1165 356 1297 406 populi
1313 357 1425 393 Cam-

314 420 403 471 pani
420 418 560 460 fuerat,
580 430 698 466 usque
725 418 772 454 ad
790 417 1021 455 Vulturnum
1041 420 1195 463 flumen,
1216 419 1318 471 plebi
1343 419 1425 457 Ro-

314 496 437 521 manae
462 482 662 519 dividitur:
694 481 785 518 bina
813 483 852 518 in
873 482 1015 520 Latino
1038 483 1187 534 jugera,
1213 485 1270 520 ita
1297 490 1340 520 ut
1357 485 1424 521 do-

313 550 485 586 drantem
514 559 562 583 ex
589 546 801 582 Privernati
829 547 1077 597 complerent,
1108 549 1219 594 data3
1251 554 1360 584 terna
1388 549 1427 584 in

312 613 492 656 Falerno,
512 610 784 661 quadrantibus
815 612 929 648 etiam
957 625 1026 662 pro
1053 612 1336 663 longinquitate
1361 613 1425 650 ad-

307 677 435 729 jectis.
475 677 598 713 Extra
625 688 778 725 poenam
813 675 918 712 fuere
954 676 1182 714 Latinorum
1214 677 1425 714 Laurentes

315 744 672 792 Campanorumque
718 740 876 788 equites,
924 741 1013 790 quia
1058 753 1136 778 non
1182 742 1427 778 desciverant.

315 807 412 843 Cum
440 803 695 842 Laurentibus
725 804 899 839 renovari
917 803 1040 840 foedus
1063 803 1236 853 jussum:
1269 817 1428 841 renova-

312 877 450 919 turque
469 882 516 905 ex
535 880 581 904 eo
600 867 804 915 quotannis
834 872 923 916 post
942 867 1041 903 diem
1060 868 1247 904 decimum
1266 867 1424 904 Latina-

312 947 408 971 rum.
448 930 652 980 Equitibus
674 929 878 979 Campanis
907 930 1039 967 civitas
1060 931 1170 967 data:
1202 944 1426 968 monumem

312 1005 430 1047 toque
449 1002 492 1032 ut
511 1000 623 1037 esset,
646 1006 788 1030 aeneam
807 993 977 1030 tabulam
997 994 1035 1030 in
1057 994 1135 1031 aede
1152 994 1321 1031 Castoris
1341 993 1424 1031 Ro-

311 1075 382 1099 mae
402 1061 589 1098 fixerunt:
621 1057 783 1106 vectigal
808 1071 960 1107 quoque
986 1059 1038 1094 eis
1059 1058 1275 1109 Campanus
1301 1071 1424 1110 popu·-

311 1127 370 1163 lus
383 1125 513 1176 jussus
537 1123 700 1174 pendere
724 1123 764 1158 in
790 1121 960 1170 singulos
979 1123 1184 1171 quotannis
1208 1122 1329 1170 (fuere
1359 1135 1425 1159 au-

313 1197 391 1227 tem
411 1188 513 1226 mille
539 1193 578 1223 et
599 1185 785 1232 sexcenti)
808 1185 981 1222 denarios
1007 1198 1181 1223 nummos
1202 1186 1427 1236 quadringe-

313 1267 383 1293 nos
404 1254 702 1304 quinquagenos.

367 1318 464 1355 XII.
495 1317 556 1353 Ita
572 1316 674 1353 bello
689 1322 812 1365 gesto,
825 1316 988 1366 praemiis
1007 1326 1195 1366 poenaque
1213 1328 1284 1366 pro
1298 1314 1426 1366 cujus·

314 1395 387 1434 que
414 1382 551 1418 merito
579 1379 794 1430 persolutiS,
823 1379 870 1416 T.
899 1379 1067 1416 Manlius
1098 1379 1262 1416 Romam
1290 1379 1423 1415 rediit:

314 1448 375 1484 cui
394 1445 560 1482 venienti
579 1444 744 1479 seniores
764 1450 914 1480 tantum
934 1444 1086 1480 obviam
1105 1444 1226 1480 exisse
1245 1448 1418 1487 constat3

304 1510 562 1561 juventutem,
583 1515 621 1543 et
641 1514 744 1549 tunc,
766 1514 803 1542 et
823 1508 927 1543 omni
946 1508 1024 1543 vita
1043 1507 1190 1550 deinde,
1212 1513 1422 1546 aversatam

313 1588 399 1611 eum
425 1578 743 1619 exsecrat-amque.
772 1571 948 1608 Antiates
974 1572 1014 1607 in
1038 1584 1170 1620 agrum
1189 1570 1421 1614 Ostiensem,

312 1639 531 1680 Ardeatem,
564 1634 761 1671 Solonium
788 1636 1022 1672 incursiones
1041 1636 1224 1672 fecerunt.
1252 1633 1421 1671 Manlius

314 1702 459 1745 consul,
481 1702 569 1751 quia
588 1701 667 1749 ipse
685 1712 751 1750 per
776 1699 1030 1736 valetudinem
1049 1700 1088 1736 id
1108 1699 1249 1736 bellum
1267 1699 1422 1747 exsequi

312 1766 523 1814 nequierat,
561 1764 785 1799 dictatorem
821 1763 868 1799 L.
905 1763 1099 1814 Papirium
1137 1764 1328 1806 Crassum,
1357 1763 1421 1810 qui

311 1839 392 1868 tum
411 1830 511 1866 forte
539 1835 619 1864 erat
648 1834 800 1877 praetor,
822 1827 941 1863 dixit:
972 1828 1020 1864 ab
1041 1840 1085 1863 eo
1114 1827 1294 1875 magister
1317 1827 1422 1875 equi-

310 1903 392 1932 tum
417 1894 464 1931 L.
491 1893 663 1943 Papirius
690 1892 832 1927 Cursor
850 1891 984 1928 dictus.
1041 1891 1150 1927 Nihil
1177 1889 1421 1927 memorabile

311 1960 487 1996 adversus
521 1957 696 1992 Antiates
734 1955 781 1991 ab
811 1955 996 1991 dictatore
1025 1961 1173 2003 gestum
1203 1960 1274 1997 est,
1305 1965 1420 2002 quum

310 2024 457 2071 aliquot
488 2032 634 2056 menses
665 2020 802 2055 stativa
837 2020 876 2055 in
909 2031 1002 2067 agro
1030 2019 1177 2055 Antiati
1215 2017 1419 2054 habuisset.

311 2089 426 2124 Anno
445 2085 584 2133 insigni
608 2084 767 2119 victoria
786 2083 831 2119 de
851 2089 910 2119 tot
934 2095 978 2119 ac
1004 2090 1082 2119 tam
1111 2081 1330 2131 potentibus
1349 2094 1419 2132 po-

310 2151 422 2203 pulis,
444 2150 490 2186 ad
517 2149 590 2185 hoc
620 2147 817 2184 consulum
837 2147 989 2183 alterius
1017 2147 1137 2183 nobili
1167 2153 1302 2189 morte,
1323 2146 1417 2182 alte—

310 2216 386 2251 rius
417 2214 514 2249 sicut
542 2212 654 2255 truci,
686 2212 738 2248 ita
766 2211 868 2247 claro
897 2211 943 2247 ad
978 2212 1212 2253 memoriam,
1244 2211 1415 2260 imperio,

306 2289 523 2315 ¹successere
542 2275 714 2312 consules
740 2275 800 2311 Ti.
821 2274 999 2311 AEmilius
1028 2274 1283 2311 Mamercinus
1313 2280 1349 2310 et
1369 2275 1417 2313 Q.

1520 886 1561 2598 ε
