1573 2598
354 128 445 180 428*
812 140 858 169 T.
882 141 1015 171 mvn

163 230 395 267 U.c.³'70.ta
427 228 555 281 plebes
584 237 700 278 quum
728 227 812 279 jam
846 231 958 267 unius
994 230 1167 267 hominis‘
1197 237 1308 276 esset,
1338 231 1467 271 addita

161 274 430 330 *canalia
457 292 716 329 commotioris
746 292 793 329 ad
821 294 951 329 omnia
987 293 1177 330 turbanda
1204 294 1353 332 consilii
1391 297 1474 334 r'es.'

351 356 386 394 F
389 357 529 394 undum
547 357 587 393 in
606 356 772 400 Veienti,
791 363 905 406 caput
933 358 1167 407 patrimonii,
1189 357 1350 408 subjecit
1368 366 1470 409 praei

354 420 464 457 coni:
501 421 556 456 Ne
576 431 677 468 quem
696 425 862 463 vestram,
882 421 1020 469 inquit,
1044 422 1212 464 Quirites,
1233 423 1344 459 donec
1361 415 1466 471 quid-

354 496 462 533 quam
486 486 524 520 in
550 496 588 520 re
612 496 692 520 mea
714 486 900 532 supererit,
911 483 1120 531 judicatam
1142 487 1370 522 addictumve
1387 487 1474 523 duci

350 549 488 597 patiar.
544 547 590 584 Id
608 560 698 584 vero
726 548 781 585 ita
808 548 982 585 accendit
1011 550 1173 593 animos,
1194 555 1237 586 ut
1265 562 1332 600 per
1354 561 1468 586 omne

353 611 410 648 fas
431 625 474 648 ac
497 611 602 648 nefas
628 612 793 648 secuturi
811 612 999 649 vindicem
1027 612 1214 649 libertatis
1235 613 1467 651 viderentur.

354 676 415 713 Ad
449 677 522 712 hoc
551 676 668 719 domi,
699 676 961 712 concionantis
999 676 1038 713 in
1070 676 1240 720 modum,
1275 686 1472 714 sermones*

353 740 456 792 pleni
475 741 674 776 criminum
694 740 732 776 in
753 740 907 776 Patres:
940 740 1040 777 inter
1059 753 1168 790 quOS,
1189 752 1306 790 quum
1324 741 1467 777 omisso

353 804 584 847 discrimine,
613 817 701 840 vera
729 816 776 840 an
806 817 902 840 vana
927 802 1090 853 jaceret,
1121 801 1302 842 tlaesauros
1335 805 1472 841 Gallici

353 870 435 905 auri
462 870 636 905 occultari
663 880 685 904 α
714 867 883 904 Patribus
903 866 1026 917 jecit:
1061 880 1126 904 nec
1144 866 1227 914 jam
1249 869 1471 917 possidendis

347 932 502 981 publicis
519 933 617 979 agris
635 935 814 966 contentos
832 940 915 974 esse,
932 932 1001 966 nisi
1014 933 1208 980 pecuniam
1227 943 1363 980 quoque
1377 931 1471 980 pub-

351 997 461 1032 licam
488 1000 680 1032 avertant:
709 1007 751 1031 ea
779 1006 834 1031 res
859 996 891 1031 ,ςὶ
913 996 1042 1043 palam
1058 996 1148 1045 fiat,
1178 997 1309 1032 exsolvi
1331 995 1471 1044 plebem

350 1072 420 1098 aere
437 1062 555 1098 alieno
569 1071 682 1109 posse.
737 1059 833 1098 Quae
863 1057 927 1095 ubi
958 1057 1112 1109 objecta
1139 1071 1223 1110 spes
1253 1065 1324 1103 est,
1348 1059 1476 1096 enim-¹

350 1132 442 1161 vero
472 1124 669 1172 indignum
701 1123 848 1161 facinus
880 1122 1012 1166 videri,
1046 1135 1163 1172 quum
1197 1121 1469 1160 conferendum

350 1189 399 1226 ad
424 1188 680 1227 redimendam
701 1188 896 1224 civitatem
916 1200 938 1224 a
957 1181 1077 1223 Gallis
1098 1200 1231 1223 aurum
1249 1186 1379 1230 fuerit,
1398 1186 1473 1222 tri«¹

348 1247 446 1289 Buto
475 1251 732 1289 conlationem
759 1250 927 1288 factam:
959 1250 1060 1287 idem
1089 1263 1237 1294 aurum,
1268 1262 1316 1288 ex
1342 1249 1468 1286 hos'ti-

349 1315 421 1354 bus
441 1322 608 1366 captum,
629 1315 669 1351 in
690 1327 899 1365 paucorum
924 1315 1088 1365 praedam
1108 1315 1276 1352 cessisse.
1333 1313 1474 1364 Itaque»

351 1381 658 1430 exsequebantur
686 1379 904 1430 quaerendo,
926 1379 991 1415 ubi
1019 1385 1136 1416 tantae
1161 1379 1215 1416 rei
1240 1379 1384 1416 furtum
1402 1390 1470 1415 oc·

352 1444 560 1481 cultaretur
576 1460 586 1490 3
620 1443 903 1492 differenteque,
925 1449 962 1479 et
981 1449 1153 1494 tempore
1172 1456 1241 1480 suo
1267 1455 1308 1480 se
1326 1443 1475 1480 indica--

351 1513 480 1544 turum
506 1509 668 1551 dicente,
690 1509 823 1544 ceteris
854 1509 1016 1552 omissis,
1038 1521 1084 1544 eo
1103 1521 1220 1545 versae
1249 1514 1357 1545 erant
1386 1519 1471 1543 οιῑιὁ

350 1573 458 1609 nium
478 1585 576 1609 curae
595 1586 603 1609 :
636 1571 930 1622 adparebatque,
951 1584 1020 1607 nec
1043 1572 1119 1608 veri
1148 1572 1277 1608 indicii
1307 1572 1474 1621 gratiam

353 1636 530 1678 mediam,
551 1648 621 1672 nec
639 1636 726 1672 falsi
746 1634 1009 1672 obfensionem
1029 1636 1123 1673 fore.
1443 1630 1448 1634 ’

135 1697 331 1772 Βὶζῑᾶῒῡῐὲῦ
408 1700 498 1737 XV.
528 1700 590 1736 Ita
608 1700 797 1750 suspensis
824 1700 935 1736 rebus
956 1700 1132 1743 dictator,
1154 1700 1297 1736 adcitus
1325 1698 1373 1736 ab
1402 1711 1471 1736 ex-

136 1751 176 1772 ul’
199 1751 252 1772 em
267 1752 285 1773 a
308 1758 322 1764 ·

136 1785 232 1816 citus.
356 1765 490 1807 ercitu,
510 1765 550 1800 in
571 1763 701 1801 urbem
720 1764 848 1799 venit:
885 1771 1039 1814 postero
1069 1765 1127 1801 die
1156 1771 1290 1800 senatu
1318 1763 1475 1806 habitos

316 1851 318 1853 >
355 1841 485 1878 quum,
516 1830 606 1865 satis
637 1827 869 1878 periclitatus
900 1828 1114 1865 voluntates
1148 1829 1361 1870 hominum,
1391 1828 1467 1863 dis-

356 1893 487 1929 cedere
507 1899 680 1927 senatum
699 1891 746 1927 ab
768 1903 806 1927 se
826 1893 1020 1935 vetuisset,
1041 1893 1201 1941 stipatus
1223 1904 1266 1928 ca
1295 1890 1472 1927 multitu-'

137 1953 303 1985 Manlium
357 1955 458 1999 diue,
480 1954 571 1990 sella
593 1955 629 1989 iu
650 1955 806 1990 comitio
836 1955 976 2003 posita,
997 1955 1181 1991 viatorem
1209 1954 1255 1990 ad
1278 1953 1333 1990 M.
1353 1953 1468 1989 Man-

140 2003 242 2029 vocat.
355 2017 447 2054 lium
467 2017 592 2053 misit:
624 2018 702 2065 qui,
723 2017 918 2052 dictatoris
936 2016 1048 2066 jussu
1064 2023 1233 2059 vocatus,
1255 2029 1370 2064 quum
1390 2017 1467 2064 sig-

354 2094 444 2117 num
465 2082 540 2116 suis
561 2080 738 2122 dedisset,
758 2080 889 2115 adesse
911 2087 1116 2123 certamen,
1137 2081 1288 2128 agmine
1319 2081 1465 2128 ingenti

354 2145 398 2179 ad
421 2143 587 2179 tribunal
609 2143 721 2179 veuit.
780 2142 883 2179 Hinc
913 2149 1078 2185 senatus,
1099 2143 1188 2178 hinc
1218 2142 1336 2191 plebs,
1359 2155 1465 2178 suum

354 2208 512 2255 quisquc
533 2208 723 2243 intuentes
744 2205 891 2249 ducem,
915 2206 1014 2241 velut
1034 2207 1072 2241 iu
1096 2207 1175 2242 acic
1204 2206 1473 2243 constiterant.-

351 2269 452 2309 'sum
481 2271 656 2317 dictator,
687 2271 839 2309 silentio
868 2271 985 2317 sact0,
1023 2272 1181 2316 Utinam,
1211 2272 1348 2322 inquit,
1378 2270 1466 2309 mihi
