1573 2598
439 142 594 173 LIBER
616 141 650 169 1.
683 138 789 168 CAP.
811 136 884 167 Χῐ..
1165 133 1215 166 21

92 236 253 284 tbelliim'
276 239 424 286 parant.
478 229 543 271 Ne
561 226 796 265 Crustumini
823 224 975 273 quidem
1007 228 1121 272 atque
1139 222 1222 268 An-

108 307 310 343 temo-ates,
334 309 405 348 pro
434 295 566 332 ardore
596 293 726 341 iraque
746 288 1041 329 Caeninensium,
1068 286 1158 322 satis
1185 297 1226 323 se

110 366 260 416 inpigre
288 365 454 399 movent0
510 356 572 393 Ita
602 368 669 406 per
701 366 741 390 se
769 353 893 403 ipsum
929 362 1071 388 nomen
1100 349 1226 386 Caeni-
1240 347 1444 399 BellumCae·

113 443 206 468 num
231 429 271 465 in
300 436 431 475 agrum
456 422 679 467 Roman-um
707 419 879 469 inpetum
907 416 1012 471 facit.
1068 413 1145 451 Sed
1173 413 1229 451 ef-
1242 401 1390 425 ‘mense'

113 495 197 533 fuse
218 488 453 531 vastantibus
481 486 523 524 fit
551 486 684 523 obvius
715 496 801 520 cum
829 482 998 527 e2<ercitu
1025 478 1232 524 Romulus,

115 559 263 608 levique
291 553 497 592 certamine
529 552 655 594 docet,
691 561 829 585 vanam
858 548 939 585 sine
967 544 1108 583 viribus
1138 545 1236 582 iram

116 634 224 662 esse:
257 619 465 658 exercitum
492 616 618 653 fundit
648 614 856 663 fugatque:
887 611 1014 648 fusum
1041 609 1238 662 persequi-

116 693 207 725 t‘ur:
237 697 367 735 regem
393 684 435 719 in
463 680 600 733 proelio
633 679 839 716 obtruncat
871 683 910 714 et
940 675 1103 727 spoliat:
1143 673 1240 711 duce

117 745 290 789 hostium
322 748 464 790 occiso,
494 745 628 782 urbem
656 744 779 795 primo
807 742 941 793 inpetu
973 741 1088 791 capit·
1143 738 1241 776 Inde

121 814 292 854 exercitu
306 814 450 849 victore
469 809 639 852 reducto,
661 808 741 858 ipse
759 820 846 843 cum
863 806 974 843 factis
991 807 1048 843 vir
1065 805 1241 856 magnifi-

122 890 204 922 cus,
231 883 315 913 tum
345 875 535 912 factorum
567 877 782 909 ostentator
815 871 917 907 haud
945 870 1084 914 minor,
1121 870 1246 921 spolia

125 942 230 982 ducis
261 940 431 977 hostium
463 938 550 974 caesi
579 949 762 987 suspensa
789 935 977 973 fabricato
1011 935 1056 972 ad
1087 935 1127 972 id
1158 940 1248 987 apte

123 1004 270 1046 ferculo
300 1015 448 1053 gerenS,
471 1002 512 1038 in
532 1000 766 1051 Capitolium
794 1000 1015 1037 adscendit:
1046 999 1176 1048 ibique
1204 1011 1252 1036 ea

128 1082 246 1120 quum
281 1068 330 1104 ad
358 1077 538 1116 quercum
569 1064 785 1114 pastoribus
816 1076 962 1100 sacram
997 1063 1249 1114 deposuisset,

129 1131 243 1170 simul
286 1143 372 1168 cum
415 1130 517 1166 dono
561 1128 774 1177 designavit
815 1127 959 1178 templo
995 1127 1103 1164 Jovis
1141 1127 1249 1171 fines,

131 1205 421 1244 cognomenque
450 1192 594 1228 addidit
622 1191 709 1228 Deo
732 1205 740 1226 ;
770 1192 916 1240 Jupiter
934 1192 1081 1235 Feretri,
1111 1191 1250 1241 inquit,
1263 1194 1387 1244 Jupiter

131 1263 205 1299 haec
224 1261 287 1298 tibi
304 1261 415 1297 victor
434 1259 608 1295 Romulus
623 1270 684 1294 rex
706 1259 806 1306 regia
826 1270 929 1294 arma
942 1257 1044 1308 fero,
1066 1259 1255 1307 templum-
1266 1241 1434 1272 Festum&

133 1338 200 1377 que
223 1327 267 1363 iis
289 1323 500 1373 regionibus,
521 1335 610 1371 quas
633 1323 738 1359 modo
767 1324 887 1359 animo
911 1327 1063 1360 metatus
1081 1335 1173 1367 sum,
1195 1324 1256 1361 cle-

135 1393 230 1436 dico,
247 1391 364 1428 sedem
385 1390 512 1438 opimis
530 1389 664 1437 spoliis,
688 1400 776 1436 quae,
796 1387 934 1436 regibus
960 1387 1171 1437 ducibusque
1195 1388 1258 1425 ho-

136 1457 246 1494 stiam
280 1455 387 1496 coesis,
426 1465 480 1490 me
515 1457 693 1489 auctorem
729 1456 920 1501 sequentes,
956 1454 1091 1502 posteri
1121 1452 1262 1502 ferent.

140 1518 237 1557 Haec
265 1515 399 1568 templi
426 1523 484 1553 est
511 1516 635 1564 origo,
657 1515 759 1565 quod
786 1515 951 1566 primum
980 1517 1151 1553 omnium
1178 1516 1263 1553 Ro-

141 1595 213 1621 mae
232 1587 422 1619 sacratum
440 1585 509 1618 est.
565 1579 628 1616 Ita
655 1579 790 1616 deinde
814 1579 899 1616 Diis
919 1580 1056 1625 visum,
1081 1592 1153 1618 nec
1178 1580 1263 1624 irri-

143 1653 224 1684 tam
255 1645 463 1683 conditoris
495 1644 629 1695 templi
651 1657 784 1681 vocem
817 1656 912 1688 esse,
943 1657 1019 1694 qua
1045 1644 1190 1682 laturos
1221 1658 1267 1682 ea

147 1709 270 1760 spolia
297 1715 469 1759 posteros
492 1709 751 1760 nuncupavit:
783 1722 869 1754 neo,
892 1709 1138 1747 multitudine
1163 1722 1269 1747 com·

148 1779 283 1824 potum
302 1771 382 1822 ejus
402 1773 494 1810 doni
512 1772 659 1822 vulgari
683 1772 834 1809 laudem
851 1787 860 1809 :
891 1773 984 1811 bina
1001 1779 1149 1825 postea,
1170 1774 1271 1811 inter

150 1843 212 1874 tot
229 1849 364 1880 annos,
384 1843 445 1874 tot
462 1835 576 1880 bella,
597 1837 726 1887 opima
744 1844 854 1888 parta
878 1844 967 1875 sunt
994 1837 1143 1890 spolia:
1173 1838 1271 1877 adeo

151 1913 237 1938 rara
255 1898 336 1950 ejus
356 1899 511 1936 fortuna
531 1900 676 1937 decoris
695 1900 781 1939 fuit.

166 1968 168 1970 ’
206 1963 283 2001 XI.
311 1963 417 2001 Dum
445 1976 490 2000 ea
517 1963 571 2001 ibi
606 1963 775 2002 Romani
805 1972 956 2015 gerunt,
982 1967 1274 2006 Antemnatium
1288 1972 1468 2021 Anteius-2⁸,-

155 2029 343 2067 exercitus
372 2042 440 2080 per
470 2030 711 2067 occasionem
740 2043 784 2068 ac
810 2031 1054 2071 solitudinem
1085 2023 1334 2071 hostilitertes
1349 2021 1437 2046 ‘'m''

157 2094 199 2131 in
221 2093 312 2131 fines
337 2092 536 2131 Romanos
565 2094 821 2134 incursionem
849 2096 967 2134 facit:
999 2098 1139 2149 raptim
1167 2104 1206 2136 et
1230 2099 1279 2136 ad

159 2157 231 2197 lios
249 2156 429 2195 Romana
449 2158 551 2208 legio
573 2159 687 2196 ducta
714 2159 861 2210 palatos
887 2161 927 2198 in
955 2162 1055 2211 agris
1077 2161 1280 2213 obpressit.

162 2221 254 2259 Fusi
276 2221 393 2271 igitur
414 2223 538 2274 primo
566 2224 699 2274 inpetu
726 2231 765 2262 et
793 2224 958 2272 clamore
982 2226 1137 2263 hostes:
1170 2227 1282 2278 oppi-

164 2284 255 2325 dum
283 2292 457 2339 captum:
494 2286 709 2341 duplicique
737 2289 898 2329 victoria
927 2294 1105 2331 ovantem
1131 2289 1283 2330 Romu-
