1573 2598
324 163 481 194 LIBER
506 163 603 193 vu.
638 160 748 192 CAP.
771 162 907 192 xxm.
1092 162 1181 207 499

54 252 157 305 prius
191 260 408 300 caveretur,
444 260 511 290 aut
544 253 746 290 aestimatio
780 252 894 302 aequis
928 264 1052 289 rerum
1084 264 1169 303 pre·
1183 255 1366 291 U.C.4082

54 317 116 354 tiis
146 317 339 354 liberavit:
372 324 415 354 ut
443 330 522 354 non
550 317 666 355 modo
686 318 767 354 sine
786 316 940 367 injuria,
961 316 1027 353 sed
1055 317 1171 353 etiam
1182 298 1362 335 A'C'349'

53 387 135 423 sine
163 387 407 437 querimoniis
438 388 555 438 partis
582 387 792 436 utriusque,
820 387 1008 424 exhausta
1029 387 1084 423 vis
1111 386 1170 424 in-

51 468 144 505 gens
166 457 248 493 aeris
269 457 383 494 alieni
403 457 464 494 sit.
493 456 633 494 Terror
651 457 738 493 inde
756 469 874 492 vanus
893 455 983 493 belli
1001 456 1171 501 Etrusci,

51 533 167 570 quum
188 522 407 573 conjurasse
427 522 627 559 duodecim
647 520 811 572 populos
831 520 938 558 fama
957 527 1078 566 esset,
1091 521 1171 558 dic·

50 591 215 624 tatorem
234 587 309 625 dici
336 588 486 636 coegit:
518 586 638 624 dictus
669 586 709 640 in
738 586 869 623 castris
893 587 957 634 (eo
986 586 1087 623 enim
1123 587 1171 624 ad

50 650 224 687 consules
256 652 412 688 missum
442 649 819 688 senatusconsultum
847 650 921 696 est)
955 651 999 688 C.
1027 650 1345 695 Julius,c.Ju11us

49 715 110 750 cui
136 716 318 764 magister
345 715 516 764 equitum
542 714 710 766 adjectus
737 714 784 753 L.
804 714 996 754 AEmilius.
1055 716 1168 753 Cete-
1179 701 1324 735 dietam·

47 789 130 815 rum
149 778 242 815 foris
262 779 468 829 tranquilla
486 780 617 816 omnia
633 778 751 816 fuere.

101 842 241 881 XXII.
279 844 491 881 Tentatum
510 843 613 880 domi
639 856 707 894 per
726 844 965 888 dictatorem,
984 850 1028 881 ut
1054 843 1170 882 ambo
1182 843 1224 874 U·
1236 844 1272 874 C·
1290 849 1367 877 40⁴·

46 908 197 958 patricii
234 908 409 946 consules
447 914 680 952 crearentur,
713 921 793 945 rem
830 909 878 945 ad
909 887 1366 958 inte1·regnumA'C'³4⁸'

46 972 246 1023 perduxit:
278 973 354 1010 duo
380 973 586 1022 interreges
608 972 651 1010 C.
672 972 860 1023 Sulpicius
887 978 927 1009 et
950 972 1008 1010 M.
1027 972 1173 1011 Fabius-

45 1036 263 1087 interpositi
289 1035 504 1081 obtinuere,
525 1037 628 1086 quod
646 1036 811 1074 dictator
829 1036 971 1073 frustra
995 1038 1170 1075 tetende-

44 1107 119 1146 rat,
139 1103 292 1140 mitiore
304 1102 388 1154 jam
406 1102 518 1154 plebe
536 1102 587 1140 ob
607 1115 738 1141 recens
754 1103 932 1140 meritum
950 1102 1064 1140 levati
1085 1104 1168 1140 aeris

45 1165 174 1211 alieni,
195 1174 239 1204 ut
264 1168 378 1205 ambo
404 1168 554 1219 patricii
574 1167 748 1205 consules
778 1174 1018 1205 crearentur:
1050 1168 1169 1207 creati

43 1230 125 1282 ipse
145 1232 190 1270 C.
211 1232 399 1283 Sulpicius
418 1232 588 1278 Peticus,
608 1234 674 1283 qui
691 1233 796 1284 prior
814 1234 1036 1283 interregno
1055 1233 1166 1279 abiit,

43 1301 84 1332 et
111 1295 158 1334 T.
187 1297 393 1337 Quinctius
430 1296 610 1334 Pennus:
651 1297 805 1347 quidam
841 1296 1064 1341 Kaesonem,
1102 1297 1169 1336 alii

42 1360 183 1397 Caium
201 1374 343 1398 nomen
358 1362 543 1401 Quinctio
559 1361 757 1412 adjiciunt.
811 1362 874 1399 Ad
891 1362 1033 1399 bellum
1052 1362 1167 1401 ambo

42 1424 222 1476 profecti,
234 1425 427 1462 Faliscum
439 1426 659 1470 Quinctius,
674 1425 861 1476 Sulpicius
874 1426 1168 1476 Tarquiniense,

40 1500 228 1539 nusquam
259 1491 341 1527 acie
372 1503 580 1540 congresso
616 1491 743 1534 hoste,
776 1503 863 1527 cum
895 1491 994 1540 agris
1027 1492 1166 1540 magis,

40 1565 154 1603 quam
181 1568 267 1592 cum
291 1556 526 1600 hominibus,
554 1558 698 1594 urendo
725 1556 1020 1608 populandoque
1038 1570 1166 1608 gesse·

40 1624 131 1655 runt
149 1618 248 1656 bella
264 1634 271 1656 ε
296 1619 354 1670 cuj
361 1633 402 1657 us
417 1620 532 1657 lentae
546 1621 650 1657 velut
669 1622 767 1658 tabis
782 1622 888 1658 senio
903 1622 1005 1657 victa
1022 1622 1164 1658 utrius-

39 1694 113 1731 que
138 1683 349 1732 pertinacia
371 1684 503 1735 populi
529 1690 599 1728 est,
621 1692 664 1721 ut
691 1687 856 1736 primum
877 1698 900 1722 a
926 1684 1160 1729 consulibus,

38 1746 124 1783 dein
149 1748 335 1798 permissu
361 1761 493 1785 eorum
518 1749 565 1786 ab
596 1757 731 1787 senatu
759 1751 930 1788 inducias
960 1756 1318 1800 peterent:1nduciae

38 1809 79 1847 in
115 1812 366 1861 quadraginta
402 1825 522 1849 annos
569 1814 867 1864 inpetraverunt.
923 1814 998 1858 Ita,
1035 1815 1160 1865 posita
1171 1802 1349 1884 ξὲζὲὶῖῐᾷἳ

38 1875 198 1912 duorum
226 1875 428 1922 bellorum,
458 1890 540 1927 quae
567 1879 820 1923 inminebant,
849 1892 952 1923 cura,
972 1879 1062 1916 dum
1088 1880 1157 1916 ali-
1170 1888 1230 1918 bus
1246 1889 1353 1920 etFa-

37 1951 112 1988 qua
141 1941 189 1977 ab
222 1942 335 1978 armis
362 1942 467 1991 quies
501 1949 614 1987 esset,
648 1945 737 1993 quia
766 1943 907 1980 solutio
934 1945 1016 1980 aeris
1043 1944 1157 1981 alieni
1170 1931 1267 1962 lisois.

37 2003 244 2041 multarum
280 2018 406 2042 rerum
441 2012 655 2043 mutaverat
685 2008 877 2051 dominos,
908 2020 1064 2045 censum
1095 2010 1160 2058 agi

37 2066 202 2116 placuit:
235 2075 403 2106 ceterum
431 2083 546 2119 quum
573 2071 793 2108 censoribus
821 2072 991 2109 creandis
1015 2073 1160 2109 indicta

37 2132 194 2168 comitia
225 2139 365 2177 essent,
403 2135 595 2185 professus
633 2149 832 2173 censuram
868 2149 908 2172 se
945 2143 1074 2186 petere
1111 2137 1158 2174 C.

36 2191 209 2232 Marcius
225 2195 394 2241 Rutilus,
409 2199 473 2247 qui
492 2200 634 2249 primus
651 2200 815 2237 dictator
830 2200 876 2236 de
895 2199 1005 2250 plebe
1017 2199 1156 2244 fuerat,

37 2259 280 2296 concordiam
305 2261 481 2298 ordinum
506 2263 697 2300 turbavit:
730 2264 833 2313 quod
858 2263 1055 2300 videbatur
1073 2265 1158 2312 qui·

36 2323 125 2363 dem
151 2331 324 2377 ternpore
352 2326 479 2366 alieno
498 2327 633 2367 fecisse
646 2346 657 2377 5
690 2330 779 2381 quia
810 2328 924 2369 ambo
950 2335 1033 2367 tum
1057 2327 1159 2368 forte
