1573 2598
119 239 162 273 U.
178 240 215 272 C.
232 246 306 273 246.

116 285 157 315 A.
171 284 209 316 C.
227 290 300 318 506.

110 1274 232 1308 cloelia.

336 154 418 195 104
806 158 851 186 T.
874 158 1007 187 mvn

331 241 500 281 Porsena
517 239 684 280 Romam
702 244 819 280 secuti
841 251 940 282 sunt.
983 245 1092 282 Adeo
1112 254 1281 284 moverat
1300 260 1385 286 eum
1404 258 1443 287 et

329 308 442 358 primi
470 307 628 360 periculi
659 321 781 352 casuS,
812 322 889 359 quo
917 310 1012 346 nihil
1045 323 1084 346 se
1114 317 1249 360 praeter
1278 325 1443 352 errorem

330 372 560 409 insidiatoris
595 373 765 417 texisset,
796 380 834 409 et
863 373 1059 411 subeunda
1087 374 1281 412 dimicatio
1310 378 1440 422 toties,

327 444 422 486 quot
442 435 631 487 conjurati
657 444 908 488 superessent,
930 445 972 475 ut
1000 439 1104 490 pacis
1125 440 1363 477 conditiones
1383 441 1442 478 ul-

326 508 388 538 tro
407 501 523 539 ferret
540 501 741 539 Romanis.
797 502 992 540 Jactatum
1012 503 1051 540 in
1071 503 1354 541 conditionibus
1373 518 1442 542 ne-

326 565 531 615 quidquam
568 565 614 602 de
649 565 866 615 Tarquiniis
904 566 944 603 in
987 579 1147 616 regnum
1182 568 1442 614 restituendis,

324 629 446 678 magis
479 629 568 678 quia
600 629 638 666 id
677 642 817 678 negare
848 630 930 680 ipse
960 631 1181 679 nequiverat
1209 631 1441 682 Tarquiniis,

324 705 439 742 quam
459 693 560 742 quod
578 700 759 743 negatum
782 695 828 731 iri
851 694 923 731 sibi
947 695 994 731 ab
1014 695 1203 732 Romanis
1231 696 1439 744 ignoraret.

325 756 388 795 De
423 770 516 807 agro
545 758 769 795 Veientibus
805 759 1041 796 restituendo
1078 760 1337 810 inpetratum:
1373 773 1439 798 ex-

325 833 528 873 pressaque
555 822 758 859 necessitas
786 821 936 859 obsides
966 823 1080 860 dandi
1099 823 1301 868 Romanis,
1321 823 1353 860 si
1372 823 1440 861 Ja-

325 885 453 923 niculo
482 886 698 936 praesidium
734 886 868 923 deduci
896 886 1048 925 vellent.
1104 886 1178 924 His
1207 887 1440 925 conditioni·

324 948 396 986 bus
416 950 629 1000 composita
650 962 758 1000 pace,
779 950 988 987 exercitum
1010 950 1058 988 ab
1076 950 1255 988 ,Ianiculo
1284 951 1440 988 deduxit

325 1012 509 1057 Porsena,
530 1019 567 1050 et
590 1026 682 1062 agro
700 1012 882 1050 Romano
901 1015 1074 1052 excessit.
1131 1014 1264 1051 Patres
1285 1014 1329 1052 C.
1347 1013 1439 1052 Mu-

324 1077 386 1113 cio
413 1077 563 1114 virtutis
594 1090 727 1114 caussa
756 1085 859 1114 trans
882 1077 1053 1115 Tiberim
1081 1090 1215 1127 agrum
1243 1078 1346 1116 dono
1374 1079 1440 1117 de-

324 1141 425 1185 dere,
447 1155 530 1191 quae
549 1148 684 1192 postea
703 1147 791 1177 sunt
807 1140 940 1178 Mucia
958 1147 1069 1192 prata
1086 1141 1287 1193 adpellata.
1315 1142 1439 1192 Ergo,

325 1205 381 1243 ita
397 1207 588 1243 honorata
606 1205 760 1250 virtute,
780 1205 931 1242 feminae
951 1218 1101 1256 quoque
1123 1206 1171 1243 ad
1198 1206 1352 1258 publica
1372 1207 1438 1245 de-

326 1283 417 1308 cora
442 1270 629 1307 excitatae.
683 1269 737 1306 Et
757 1269 895 1307 Cloelia
913 1271 1035 1319 virgo,
1057 1283 1133 1308 una
1157 1283 1203 1308 ex
1226 1269 1438 1317 obsidibus,

325 1347 442 1385 quum
462 1341 585 1371 castra
603 1334 857 1371 Etruscorum
875 1333 976 1371 forte
993 1334 1097 1371 haud
1119 1334 1253 1385 procul
1270 1335 1354 1386 ripa
1370 1335 1439 1372 Ti-

322 1397 423 1435 beris
449 1398 575 1435 locata
600 1404 739 1443 essent,
760 1397 942 1435 frustrata
963 1398 1152 1442 custodes,
1173 1399 1250 1436 dux
1274 1399 1437 1449 agminis
1460 1425 1467 1432 ·

322 1463 513 1513 virginum
532 1463 632 1499 inter
652 1462 730 1500 tela
752 1462 922 1500 hostium
940 1462 1111 1501 Tiberim
1135 1464 1324 1500 tranavit:
1356 1475 1438 1500 sos·

323 1528 496 1578 pitesque
532 1539 663 1563 omnes
699 1526 867 1563 Romam
904 1527 952 1564 ad
987 1527 1222 1578 propinquos
1258 1527 1437 1565 restituit,

325 1592 439 1631 Quod
467 1590 533 1628 ubi
560 1592 640 1641 regi
668 1592 892 1628 nunciatum
919 1597 990 1635 est,
1011 1592 1134 1642 primo
1162 1592 1337 1628 incensus
1366 1591 1437 1634 ira,

325 1662 495 1692 oratores
517 1655 685 1692 Romam
706 1655 811 1692 misit
837 1655 884 1692 ad
904 1655 1081 1692 Cloeliam
1106 1655 1277 1691 obsidem
1302 1654 1438 1707 depos-

325 1721 483 1757 cendam
499 1736 510 1767 3
550 1719 641 1757 alias
669 1720 772 1757 haud
799 1720 929 1769 magni
957 1719 1108 1757 facere:
1140 1718 1276 1755 deinde
1303 1719 1343 1755 in
1372 1719 1438 1757 ad·

323 1785 564 1822 mirationem
592 1797 735 1829 versus,
763 1797 872 1834 supra
902 1785 1051 1821 Coclites
1078 1784 1284 1832 Muciosque
1318 1783 1439 1820 dicere

324 1849 521 1898 idfucinus
538 1861 620 1893 esse,
641 1854 680 1885 et
706 1861 783 1900 prae
806 1860 845 1885 se
863 1847 975 1892 ferre,
996 1848 1304 1897 quemadmodum,
1322 1848 1353 1884 si
1369 1859 1438 1884 non

323 1915 476 1950 dedatur
497 1914 602 1956 obses,
626 1926 694 1962 pro
719 1918 824 1962 rupto
847 1925 884 1950 se
899 1912 1022 1962 foedus
1047 1912 1272 1954 habiturum;
1299 1913 1350 1947 sz'c
1377 1912 1438 1948 de-

324 1979 453 2021 ditam,
491 1979 701 2014 inviolatam
736 1979 786 2014 ad
820 1989 899 2013 suos
932 1978 1169 2013 remissumm.
1236 1974 1438 2024 Utrimque

323 2040 498 2078 constitit
526 2039 640 2076 fides:
673 2045 712 2076 et
733 2038 900 2076 Romani
928 2038 1063 2089 pignus
1092 2037 1195 2089 pacis
1225 2049 1272 2073 ex
1297 2036 1439 2073 foedere

323 2105 596 2141 restituerunt:
636 2109 675 2140 et
710 2103 810 2155 apud
844 2114 971 2152 regem
1002 2101 1206 2138 Etruscum
1241 2112 1320 2137 non
1355 2106 1440 2138 tuta

322 2168 459 2213 solum,
490 2169 554 2206 sed
580 2168 771 2205 honorata
798 2167 1068 2219 etiam‚lvirtus
1096 2165 1195 2202 fuit:
1228 2164 1437 2202 laudatam-

321 2246 395 2283 que
413 2234 598 2283 virginem
625 2239 732 2284 parte
755 2231 929 2270 obsidum
957 2243 997 2268 se
1020 2230 1162 2267 donare
1189 2229 1308 2267 dixit:
1341 2229 1436 2280 ipsa,

323 2309 419 2349 quos
447 2297 574 2343 vellet,
610 2296 765 2348 legeret.
820 2295 1022 2334 Productis
1055 2292 1245 2338 omnibus,
1282 2291 1439 2342 elegisse
