1573 2598
302 149 387 202 536
759 160 802 188 T.
828 159 961 190 1.1v11

301 248 419 292 mani,
449 247 533 284 tolli
565 247 613 285 ab
645 254 753 297 tergo
786 248 995 285 Samnitem
1027 248 1177 285 hostem
1206 248 1384 286 volebant
1397 264 1409 296 ς

300 319 430 349 tamen
449 325 517 363 per
535 312 732 362 quosdam,
747 313 902 363 privatis
922 312 1097 363 hospitiis
1123 314 1411 351 necessitudini-

298 375 446 426 busque
474 376 716 427 conjunctos,
744 377 884 414 indicia
912 375 1188 426 conjurationis
1218 376 1299 427 ejus
1327 377 1410 423 Rot-

297 452 400 479 mam
427 447 673 478 emanarunt:
698 440 893 491 jussisque
912 447 1000 478 ante
1025 445 1174 491 tempus
1194 441 1411 478 consulibus

297 504 472 542 abdicare
498 518 537 542 se
556 506 795 554 magistratu,
817 518 893 555 quo
919 505 1102 542 maturius
1128 505 1219 541 novi
1237 505 1410 543 consules

295 569 472 606 adversus
492 576 640 606 tantam
665 568 805 606 molem
829 568 920 605 belli
940 574 1171 612 crearentur,
1190 568 1325 618 religio
1351 571 1410 607 in-

294 634 421 678 cessit,
452 634 500 671 ab
529 635 596 678 eis,
617 646 780 684 quorum
808 634 1039 671 inminutum
1067 634 1268 684 imperium
1296 640 1409 678 esset,

294 697 451 734 comitia
481 697 626 734 haberi.
682 697 819 747 Itaque
851 698 1110 746 interregnum
1142 698 1302 734 initum:
1335 699 1411 735 duo

101 766 142 797 U.
155 766 192 798 C.
208 761 501 811 415.interreges
519 761 687 805 fuerunt,
707 762 766 800 M.
784 760 956 798 Valerius
973 774 1017 798 ac
1035 761 1093 798 M.
1112 761 1266 799 Fabius.
1316 762 1409 799 Cre-

99 809 140 842 A‘
153 810 191 842 C·
208 816 348 864 337'ati
373 825 562 870 consules,
581 826 628 864 T.
646 825 815 862 Manlius
840 825 1057 875 Torquatus
1077 826 1246 869 tertium,
1265 825 1309 863 P.
1328 825 1409 862 De-

292 892 371 928 cius
397 890 500 928 Mus.
555 891 617 927 Eo
643 903 745 926 anno
763 888 1038 933 Alexandrum,
1065 889 1174 939 Epiri
1199 902 1341 939 regem,
1367 891 1409 928 in

290 954 445 993 Italiam
471 955 628 993 classem
655 954 845 1005 adpulisse
864 960 1039 991 constat:
1073 953 1174 1003 quod
1198 953 1354 998 bellum,
1375 956 1408 992 si

288 1020 413 1070 prima
431 1020 522 1056 satis
542 1032 725 1071 prospera
740 1018 918 1063 fuissent,
937 1019 1040 1056 haud
1058 1018 1170 1056 dubie
1189 1018 1236 1056 ad
1260 1018 1406 1057 Roma-

288 1096 361 1121 nos
390 1085 634 1135 pervenisset.
689 1084 836 1123 Eadem
865 1091 955 1122 aetas
981 1097 1107 1122 rerum
1134 1084 1273 1135 Magni
1289 1085 1408 1124 Alex-

291 1147 400 1185 andri
419 1155 499 1185 est:
531 1161 658 1198 quem,
678 1161 808 1186 sorore
826 1148 940 1200 hujus
960 1154 1101 1194 ortum,
1120 1149 1161 1186 in
1188 1148 1263 1186 alio
1281 1155 1408 1187 tractu

290 1211 409 1256 orbis,
436 1213 622 1250 invictum
648 1213 757 1250 bellis
778 1212 976 1264 juvenem,
995 1213 1152 1253 fortuna
1177 1212 1314 1252 morbo
1342 1227 1408 1252 ex·

290 1275 438 1314 stinxit.
497 1277 676 1315 Ceterum
705 1277 888 1322 Romani,
919 1278 991 1315 etsi
1019 1277 1184 1316 defectio
1216 1279 1407 1317 sociorum

287 1341 531 1395 nominisque
562 1339 694 1382 Latini
727 1343 832 1381 haud
859 1342 976 1382 dubia
1003 1349 1107 1391 erat,
1137 1349 1281 1390 tamen,
1309 1349 1408 1387 tam-

288 1423 403 1460 quam
422 1411 469 1448 de
488 1408 737 1454 Samnitibus,
756 1421 835 1446 non
855 1409 902 1447 de
929 1421 984 1454 se,
1004 1422 1133 1448 curam
1153 1418 1323 1461 agerent,
1343 1412 1410 1451 de-

72 1483 198 1515 Decem
290 1488 371 1513 cem
391 1476 578 1526 principes
598 1475 826 1512 Latinorum
844 1474 1013 1512 Romam
1036 1482 1304 1521 evocaverunt,
1323 1477 1408 1528 qui-

72 1529 264 1602 lggrclig'ffim
289 1539 360 1577 bus
393 1541 636 1591 imperarent,
663 1552 746 1589 quae
775 1539 926 1577 vellent.
983 1540 1170 1578 Praetores
1202 1547 1282 1578 tum
1311 1541 1404 1579 duos

73 1613 216 1645 Romam
231 1623 264 1644 e-
291 1604 449 1644 Latium
476 1604 659 1648 habebat,
678 1603 725 1641 L.
745 1605 917 1642 Annium
945 1604 1118 1642 Setinum
1147 1610 1184 1642 et
1201 1604 1250 1643 L.
1269 1605 1407 1644 Numi-

74 1658 189 1690 ηοω·
292 1670 390 1706 sium
411 1670 679 1712 Circeiensem,
708 1668 820 1705 ambo
841 1681 886 1705 ex
913 1667 1073 1706 coloniis
1099 1667 1310 1706 Romanis:
1341 1683 1409 1721 per

293 1747 404 1783 quOS,
425 1740 561 1784 praeter
587 1734 758 1782 Signiam
782 1733 1036 1782 Velitrasque,
1057 1740 1095 1770 et
1120 1734 1218 1784 ipsas
1239 1733 1409 1771 colonias

291 1798 504 1843 Romanas,
525 1798 655 1835 Volsci
684 1799 801 1835 etiam
828 1798 943 1835 exciti
973 1798 1019 1834 ad
1048 1811 1153 1834 arma
1182 1805 1312 1835 erant:
1344 1812 1408 1836 eos

291 1864 521 1901 nominatim
540 1864 691 1900 evocari
711 1863 866 1913 placuit.
923 1862 1040 1900 Haud
1059 1863 1231 1912 cuiquam
1252 1863 1408 1900 dubium

293 1936 388 1974 erat,
410 1941 522 1980 super
541 1942 616 1979 qua
634 1942 673 1966 re
693 1929 929 1966 adcirentur:
962 1929 1102 1977 itaque,
1123 1928 1287 1965 concilio
1305 1930 1408 1979 prius

292 1992 442 2036 habito,
479 1999 674 2044 praetores,
714 2005 827 2042 quam
862 1991 1028 2029 Romam
1068 1991 1408 2042 proficiscerentur,

291 2063 470 2095 evocatos
508 2069 548 2093 se
585 2056 632 2094 ab
669 2063 804 2093 senatu
839 2057 979 2094 docent
1023 2055 1218 2098 Romano,
1256 2062 1295 2091 et
1325 2068 1409 2105 quae

291 2128 420 2160 actum
443 2122 490 2159 iri
509 2133 636 2161 secum
663 2121 833 2164 credant,
853 2121 1033 2172 quidnam
1052 2120 1100 2157 ad
1118 2133 1163 2157 ea
1189 2120 1409 2170 responderi

293 2185 459 2238 placeat,
480 2184 660 2222 referunt.

350 2249 419 2287 IV.
457 2249 586 2289 Quum
622 2248 725 2286 aliud
768 2247 832 2286 alii
869 2253 1080 2291 censerent,
1117 2253 1199 2285 tum
1234 2247 1406 2284 Annius:

300 2313 530 2362 Quamquam
559 2315 634 2362 ipse
660 2325 725 2362 ego
751 2314 873 2357 retuli,
894 2314 982 2362 quid
1007 2313 1212 2362 responderi
1237 2313 1410 2361 placeret,
