1573 2598
330 152 416 209 436
786 165 832 195 τ.
855 165 989 196 mvn

137 256 414 293 unam-non
448 253 598 303 ingrata
633 251 769 298 solum,
802 253 868 291 sed
903 255 1025 291 invisa
1059 255 1189 300 etiam,
1222 255 1465 295 reddiderit.=

138 304 520 356 *·⁹·³⁸¹·H0mines
556 330 676 369 prope
702 319 999 368 quadringentos
1035 319 1258 370 produxisse
1286 320 1438 365 dicitur,

330 384 466 434 quibus
486 383 568 419 sine
586 382 734 419 foenore
754 395 936 433 expensas
963 384 1141 433 pecunias
1160 382 1323 428 tulisset,
1343 397 1439 433 quo-

329 461 413 486 rum
440 448 544 484 bona
562 447 703 490 venire,
729 459 822 496 quos
851 447 937 483 duci
966 447 1136 484 addictos
1166 448 1440 498 prohibuisset.

330 513 392 551 Ad
426 512 522 554 haec,
552 511 690 547 decora
716 523 866 560 quoque
894 510 983 547 belli
1011 524 1093 548 non
1120 524 1439 549 commemorasse

331 584 496 620 tantum,
527 575 590 611 sed
619 575 820 624 protulisse
849 575 963 612 etiam
992 576 1285 627 conspicienda3
1317 575 1440 627 spolia

332 641 503 678 hostium
531 651 714 675 caesorum
748 639 796 675 ad
831 639 1002 688 triginta,
1033 641 1133 676 dona
1169 641 1442 691 imperatorum

331 706 381 743 ad
410 704 684 754 quadraginta:
723 703 764 739 in
793 703 928 752 quibus
961 705 1128 753 insignes
1159 705 1249 741 duas
1277 704 1440 741 murales

331 781 508 812 coronas,
523 768 658 804 civicas
679 773 780 803 octo.
836 768 895 804 Ad
913 768 994 804 haec
1013 774 1180 804 servatos
1201 781 1248 804 ex
1266 767 1440 804 hostibus

331 835 431 872 cives
460 833 684 884 produxisse
700 848 710 877 3
750 832 849 868 inter
877 845 972 880 quos
1003 833 1046 868 C.
1073 833 1273 869 Servilium
1300 834 1441 882 magis·
1473 850 1476 851 ⁷

331 905 434 936 trum
463 897 631 946 equitum
660 895 855 931 absentem
883 896 1148 931 nominatum:
1186 903 1224 931 et
1252 909 1369 945 quum
1397 908 1442 933 ea

333 973 498 1013 quoque,
519 973 602 1010 quae
623 958 724 996 beuo
747 965 854 1007 gesta
881 966 1020 1002 essent,
1047 972 1116 1008 pro
1138 959 1292 1008 fastigio
1318 973 1443 997 rerum

333 1027 506 1063 oratione
526 1025 642 1061 etiam
659 1023 874 1072 magnifica,
894 1023 997 1059 facta
1015 1024 1123 1060 dictis
1144 1024 1343 1072 aequando‚
1363 1037 1442 1061 me-

333 1095 531 1132 morasset,
558 1088 720 1125 nudasse
745 1094 876 1137 pectus
900 1088 1049 1136 insigne
1075 1088 1314 1124 cicatricibus
1340 1087 1443 1125 bello
1477 1104 1481 1107 ⁷

334 1154 525 1203 acceptis;
566 1159 604 1188 et
632 1152 864 1194 idemtidem,
896 1151 1127 1201 Capitolium
1155 1157 1344 1201 spectans„
1373 1151 1444 1189 .Ῐοὁ

334 1231 419 1254 vem
446 1217 627 1265 Deosque
664 1215 757 1252 alios
796 1215 998 1251 devocasse
1031 1216 1078 1252 ad
1110 1215 1292 1251 auxilium
1320 1215 1443 1253 fortu-

334 1294 468 1319 narum
497 1292 671 1316 suarum:
706 1285 956 1330 precatusque
985 1291 1079 1321 esse,
1109 1286 1165 1322 ut,
1196 1291 1308 1328 quam
1336 1292 1443 1316 men·

335 1352 411 1382 tem
434 1345 506 1382 sibi
530 1343 787 1394 Capitolinam
809 1356 934 1380 arcem
962 1343 1178 1393 protegenti
1207 1343 1254 1378 ad
1283 1342 1445 1381 salutem

335 1408 466 1460 populi
490 1408 659 1444 Romani
688 1407 892 1449 dedissent,
917 1419 1001 1443 eam
1028 1406 1172 1457 populo
1196 1405 1376 1443 Romano
1404 1407 1445 1443 in

336 1488 405 1512 suo
433 1475 647 1510 discrimine
677 1474 834 1509 darent:
875 1479 912 1508 et
942 1485 1068 1508 orasse
1097 1471 1266 1520 singulos
1296 1472 1445 1508 univer-

337 1551 487 1587 sosque,
508 1544 549 1573 ut
569 1536 800 1587 Capitolium
821 1543 934 1584 atque
957 1548 1080 1571 arcem
1103 1535 1309 1577 intuentes,
1330 1541 1373 1571 ut
1398 1535 1445 1571 ad

335 1602 441 1639 Deos
464 1599 683 1637 inmortales
702 1601 813 1642 versi,
841 1599 885 1634 de
915 1611 954 1634 se
976 1598 1206 1648 judicarent.
1262 1597 1310 1634 Iu
1331 1599 1444 1635 Cam-

336 1679 386 1718 po
406 1665 552 1702 Martio
581 1677 696 1714 quum
725 1663 965 1699 centuriatim
993 1661 1154 1712 populus
1184 1662 1378 1705 citaretur,
1404 1669 1444 1699 et

337 1741 437 1773 reus,
465 1729 512 1765 ad
532 1727 765 1778 Capitolium
793 1738 926 1762 manus
955 1726 1128 1768 tendens,
1149 1724 1196 1761 ab
1226 1725 1444 1762 hominibus

338 1793 386 1830 ad
413 1792 517 1829 Deos
547 1803 675 1842 preces
705 1791 924 1835 avertisset5
962 1789 1136 1839 adparuit
1164 1788 1340 1832 tribunis,
1371 1789 1445 1826 nisi

338 1856 470 1893 oculos
498 1867 648 1905 quoque
675 1854 874 1891 hominum
903 1852 1127 1890 liberassent
1156 1851 1203 1888 ab
1236 1853 1332 1888 tanti
1366 1864 1444 1888 mc-

339 1921 460 1957 moria
485 1919 645 1961 decoris,
670 1930 878 1966 numquam
907 1916 989 1952 fore
1014 1916 1052 1952 in
1080 1915 1352 1965 praeoccupatis
1380 1915 1446 1951 bc-

339 1983 476 2020 neficio
510 1983 643 2019 animis
677 1995 766 2018 vero
799 1982 945 2018 crimini
983 1980 1120 2017 locum.
1181 1979 1242 2016 Ita
1277 1980 1451 2029 prodicta

341 2047 415 2090 die,
443 2047 482 2083 iu
507 2045 737 2082 Poetelinum
767 2045 891 2081 lucum
922 2050 1029 2080 extra
1058 2049 1207 2093 portam
1236 2042 1451 2080 Nomenta-

342 2122 444 2154 nam,
484 2110 581 2146 unde
620 2115 843 2157 conspectus
882 2109 920 2142 in
952 2106 1185 2156 Capitolium
1222 2119 1300 2143 non
1338 2114 1457 2150 esset„

127 2182 320 2213 Damnatur.
343 2173 547 2211 concilium
565 2171 696 2223 populi
715 2171 897 2207 indictum
917 2178 995 2206 est:
1029 2169 1081 2206 ibi
1101 2170 1241 2206 crimen
1263 2169 1393 2213 valuit,
1415 2175 1454 2206 et

344 2238 546 2275 obstinatis
573 2237 707 2273 animis
730 2236 837 2272 triste
856 2234 1056 2285 judicium,
1078 2234 1314 2283 invisumque
1338 2235 1453 2270 etiam

337 2301 545 2354 judicibuS,
565 2301 721 2339 factum.
776 2301 874 2337 Sunt
893 2300 957 2350 qui
985 2311 1051 2351 per
1074 2299 1303 2343 duumviros,
1325 2298 1389 2349 qui
1408 2297 1453 2335 de
