1573 2598
313 423 671 478 EPITOME
715 424 940 475 LIBRI
983 425 1054 477 II.

129 701 393 782 BRUTUS
413 698 649 748 jurejurando
682 698 857 748 populum
892 698 1096 741 adstrinxit,
1132 697 1243 734 nemi-

217 779 296 803 uem
322 777 470 814 regnare
492 765 616 801 Romce
641 775 827 811 passuros:
861 763 1093 809 Tarquinium
1122 762 1242 798 Colla-

131 832 257 873 tinum,
280 830 451 876 collegam
474 840 589 869 suum,
614 831 761 875 propter
785 825 1006 873 adfinitatem
1033 825 1244 872 Tarquinio-

129 909 209 933 rum
231 900 441 944 suspectum,
471 894 582 940 co'c'git
603 893 786 928 consulatu
807 903 842 926 se
860 891 1033 934 abdicare,
1051 896 1087 927 et
1104 892 1246 928 civitate

131 959 275 994 cedere:
311 957 400 992 bona
426 968 549 1004 regum
577 957 685 1003 diripi
702 953 834 1001 jussit:
863 966 989 1001 ugrum
1018 954 1135 990 Marti
1163 966 1246 990 con-

130 1024 292 1065 secravit,
323 1024 383 1071 qui
411 1021 564 1069 Campus
589 1021 747 1056 Martius
772 1021 975 1056 nominatus
1001 1025 1080 1056 est:
1107 1021 1244 1057 adoles-

132 1090 245 1122 centes
268 1083 409 1125 nobiles,
436 1085 473 1118 in
501 1081 622 1130 quibus
645 1093 724 1118 suos
757 1095 893 1130 quoque
924 1088 959 1119 et
981 1084 1110 1119 sororis
1129 1083 1245 1133 filios,

131 1149 218 1196 quia
243 1145 512 1193 conjuraverant
539 1145 582 1180 de
607 1146 813 1193 recipiendis
840 1145 989 1193 regibuS,
1020 1146 1134 1182 securi
1161 1156 1245 1193 per-

130 1215 265 1250 cussit:
290 1223 387 1248 servo
407 1211 527 1252 indici,
548 1211 604 1245 cui
628 1209 787 1245 Vindicio
803 1208 1031 1258 nomenfuit,
1050 1210 1248 1246 libertatem

131 1281 254 1317 dedit:
282 1290 323 1314 ea:
344 1275 442 1323 cujus
465 1276 603 1311 nomine
623 1275 779 1310 vindicta
800 1278 851 1309 est
874 1274 1069 1321 adpellata.
1129 1274 1249 1316 Quum

131 1346 296 1381 adversus
313 1354 422 1390 reges,
444 1341 516 1389 qui,
538 1340 727 1376 contractis
745 1338 940 1376 Veientium
955 1344 991 1377 et
1015 1341 1248 1389 Tarquinien-

130 1414 223 1449 sium
251 1411 371 1458 copiis,
401 1408 529 1443 bellum
559 1406 766 1447 intulerant,
797 1406 986 1440 exercitum
1015 1406 1181 1448 duxisset,
1212 1407 1250 1442 in

131 1479 206 1514 acie
227 1488 307 1514 cum
327 1475 477 1514 Arunte,
495 1472 579 1521 filio
599 1471 761 1519 Superbi,
784 1475 1021 1506 commortuus
1048 1476 1122 1508 est:
1150 1484 1248 1509 eum--

133 1550 198 1587 que
215 1542 387 1574 matronae
404 1547 535 1572 annum
558 1535 734 1570 luxerunt.
790 1534 835 1569 P.
860 1533 1022 1569 Valerius
1048 1535 1169 1570 consul
1197 1535 1246 1570 le-

129 1613 210 1649 gem
239 1601 281 1636 de
313 1599 563 1648 provocatione
591 1598 639 1632 acl
664 1596 840 1644 populum
877 1596 971 1632 tulit.
1030 1595 1250 1644 Capitolium

133 1665 336 1701 dedicatum
370 1668 431 1698 est.
488 1663 659 1703 Porsena,
693 1673 756 1696 rex
786 1660 1023 1704 Clusinorum,
1060 1660 1148 1696 bello
1179 1672 1249 1708 pro

140 1726 341 1774 Tarquiniis
366 1729 538 1772 mrscepto,
569 1736 676 1772 quum
706 1724 756 1758 acl
782 1722 992 1759 Janiculum
1018 1723 1176 1764 venisset,
1206 1733 1250 1758 ne

140 1793 289 1830 Tiberim
326 1792 503 1833 transiret,
540 1791 671 1825 virtute
701 1787 845 1823 Coclitis
872 1786 1020 1822 Horatii
1051 1786 1250 1835 prohibitus

131 1863 184 1898 est
199 1875 210 1901 3
239 1858 313 1905 qui,
344 1857 429 1892 dum
456 1856 520 1891 alii
543 1859 688 1903 pontem
713 1854 896 1890 sublicium
921 1855 1134 1898 rescindunt,
1157 1855 1251 1892 solus

135 1922 304 1958 Etruscos
322 1920 488 1956 sustinuit
499 1936 512 1962 ‚-
541 1924 588 1961 et,
610 1922 720 1966 ponte
744 1922 863 1965 rupt0‚
883 1922 1044 1953 armatus
1062 1930 1098 1953 se
1120 1919 1156 1954 in
1169 1918 1250 1969 flu-

133 1996 213 2021 men
233 1984 344 2026 misit,
363 1987 398 2018 et
416 1983 464 2018 ad
486 1994 566 2018 suos
592 1982 758 2017 tranavit.
813 1981 979 2017 Alterum
1007 1982 1150 2017 accessit
1177 1982 1250 2017 vir-

134 2052 231 2099 tutis
255 2049 452 2096 exemplum
485 2060 508 2083 a
538 2046 661 2083 Mucio
676 2063 689 2082 .·
724 2047 797 2094 qui,
831 2057 939 2094 quum
969 2046 1018 2081 ad
1042 2045 1249 2094 feriendum

136 2113 330 2150 Porsenam
358 2115 476 2147 castra
499 2110 650 2146 hostium
671 2111 847 2152 intrasset,
868 2110 979 2145 occiso
999 2107 1125 2150 scriba,
1147 2119 1250 2156 quem

132 2189 252 2226 regem
278 2188 348 2213 esse
369 2177 537 2225 putabat,
564 2175 838 2224 comprehensus,
864 2175 1054 2223 inpositam
1078 2174 1251 2211 altaribus

134 2252 294 2282 manum,
319 2241 357 2276 in
375 2240 496 2288 quibus
520 2238 758 2288 sacrificatum
784 2243 875 2281 erat,
899 2239 998 2274 exuri
1020 2249 1146 2286 passus
1172 2242 1223 2273 est
1234 2253 1248 2281 ,-

132 2308 305 2356 dixitque,
331 2305 419 2342 tales
449 2309 617 2343 trecentos
639 2316 709 2343 esse
733 2303 933 2354 conjuratos
955 2305 992 2341 in
1016 2308 1162 2341 mortem
1189 2306 1246 2354 ip-
