1573 2598
349 195 433 249 378
805 207 850 236 T.
875 208 1008 237 mvn

349 295 387 331 vi
406 295 585 344 agebant,
605 295 670 331 sed
689 295 876 346 precibus,
893 302 932 332 et
949 296 1049 332 inter
1066 307 1194 345 preces
1214 294 1334 332 multa
1351 294 1457 333 Deo-

350 371 433 394 rum
452 360 596 395 mentio
614 365 709 402 erat,
730 360 949 408 religiosum
973 359 1073 408 parti
1098 359 1272 395 maximae
1291 357 1364 395 fuit
1381 374 1388 394 :
1420 367 1460 396 et

350 421 473 470 Iegem
502 436 578 459 una
605 422 730 472 plures
759 423 879 459 tribus
913 423 1172 472 antiquarunt,
1199 435 1311 471 quam
1331 421 1460 472 jusse-

135 495 331 536 Antiquamr
351 492 451 522 runt.
507 487 690 535 Adeoque
719 499 764 522 ea
790 487 950 523 victoria
979 486 1066 522 laeta
1094 485 1271 522 Patribus
1301 485 1388 529 fuit,
1416 491 1461 522 ut

132 537 197 568 ¹⁸¹·
351 555 506 599 postero
543 550 617 593 die,
654 549 902 586 referentibus
940 548 1172 592 consulibus,
1213 556 1460 586 senatuscon-

350 612 492 649 sultum
511 614 630 657 fieret,
652 620 693 650 ut
711 615 792 662 agri
812 614 1012 649 Veientani
1033 619 1189 663 septena
1200 612 1339 663 jugera
1360 612 1463 663 plebi

349 677 607 713 dividerentur
622 694 632 723 3
665 691 734 714 nec
763 678 932 728 patribus
958 677 1111 714 familiae
1138 684 1302 720 tautum,
1330 677 1395 713 sed
1421 683 1463 714 ut

351 741 521 777 omnium
546 743 584 777 in
611 742 726 778 domo
751 741 955 778 liberorum
978 742 1145 790 capitum
1174 742 1272 777 ratio
1301 740 1462 778 habere-

348 809 411 839 tur
428 820 437 848 ;
470 804 683 853 vellentque
703 806 742 840 in
761 818 843 841 eam
863 818 967 854 spem
985 805 1124 841 liberos
1146 803 1290 841 tollere.

152 867 338 900 U.C.36-³.
403 867 561 905 XXXI.
591 869 651 904 Eo
681 882 835 905 munere
865 869 1029 905 delenita
1058 868 1181 918 plebe,
1213 867 1310 904 nihil
1339 874 1461 905 certa-

154 913 194 944 A'
209 912 246 942 C'
263 919 337 946 3⁸⁹⁶
349 936 430 969 tum
450 938 520 974 est,
542 944 617 980 quo
642 933 766 967 minus
786 932 1000 968 consularia
1026 932 1181 968 comitia
1205 931 1458 969 haberentur:

348 996 463 1030 creati
485 996 657 1031 consules
677 997 722 1032 L.
740 995 911 1032 Valerius
932 996 1098 1038 Potitus,
1117 994 1174 1032 M.
1196 995 1381 1038 RIanlius,
1401 995 1464 1032 cui

348 1059 568 1109 Capitolino
588 1066 721 1109 postea
741 1061 855 1095 etiarn
874 1059 947 1095 fuit
967 1072 1193 1108 cognomen.
1249 1058 1304 1095 Hi
1324 1072 1463 1096 cousu-

345 1123 400 1160 les
429 1120 590 1173 matgnos
621 1124 729 1159 ludos
759 1124 896 1167 fecere,
927 1137 1021 1173 quos
1050 1123 1107 1161 M.
1134 1123 1269 1159 Furius
1299 1123 1464 1160 dictator

347 1195 502 1223 voverat
523 1188 674 1223 Veienti
702 1188 814 1224 bello.
871 1188 1018 1224 Eodem
1047 1201 1149 1225 anno
1179 1188 1274 1224 aedes
1297 1187 1461 1224 Junonis

345 1249 522 1301 Reginae,
544 1252 591 1288 ab
622 1253 755 1288 eodem
784 1253 970 1289 dictatore
999 1253 1206 1301 eodemque
1235 1251 1336 1288 bello
1355 1257 1459 1295 vota,

348 1315 560 1351 dedicatur:
594 1317 897 1365 celebratamque
917 1317 1194 1353 dedicationem
1214 1316 1361 1364 ingenti
1380 1327 1462 1351 ma-

347 1385 544 1414 tronarum
577 1380 701 1415 studio
735 1380 900 1415 tradunt.
957 1379 1108 1416 Bellum
1140 1379 1242 1415 haud
1273 1391 1462 1415 memora-

347 1441 423 1478 bile
453 1444 489 1478 iu
511 1443 653 1492 Algido
682 1457 766 1480 cum
787 1444 924 1493 AEquis
951 1451 1101 1492 gestum
1127 1450 1198 1486 est,
1218 1443 1310 1478 fusis
1339 1442 1463 1478 hosti-

347 1505 417 1542 bus
437 1508 539 1554 prius
561 1520 669 1555 pene,
692 1521 804 1556 quam
830 1521 962 1544 manus
983 1513 1235 1543 consererent.
1293 1506 1461 1550 Valerio,

347 1570 448 1618 quod
481 1573 781 1620 perseverantior
811 1572 994 1607 credendis
1024 1572 1063 1606 in
1091 1571 1184 1618 fuga
1211 1570 1297 1613 fuit,
1327 1572 1462 1606 trium-

346 1634 443 1682 phus
461 1650 470 1678 3
503 1634 666 1677 Manlio,
689 1642 729 1670 ut
749 1648 864 1670 ovans
890 1622 1146 1683 ingrederetur
1168 1633 1311 1675 urbem,
1333 1633 1460 1669 decre-

347 1705 427 1734 tum
458 1706 525 1735 est.
583 1700 729 1736 Eodem
759 1713 860 1736 anno
890 1713 1030 1736 novum
1058 1700 1200 1736 bellum
1229 1712 1313 1735 cum
1334 1698 1460 1735 Volsi-

347 1763 541 1799 niensibus
580 1773 779 1799 exortum:
820 1768 895 1812 quo
929 1772 1083 1813 propter
1112 1764 1250 1799 famem
1280 1762 1460 1812 pestilen-

348 1825 516 1874 tiamque
540 1827 579 1862 in
603 1839 695 1875 agro
716 1827 908 1869 Romano,
933 1840 979 1863 ex
1003 1828 1173 1863 siccitate
1199 1826 1461 1874 caloribusque

132 1894 333 1925 Volsiniense
350 1891 474 1926 nimiis
496 1898 632 1932 ortam,
654 1892 839 1927 exercitus
861 1891 944 1927 (luci
972 1892 1164 1940 nequivit:
1197 1891 1246 1927 ob
1267 1903 1348 1940 quae
1369 1889 1462 1926 Vol-

133 1938 270 1968 bellurn.
350 1954 546 1996 sinienses,
574 1954 830 2003 Salpinatibus
858 1954 1044 2004 adjunctis
1075 1954 1251 2003 superbia
1274 1953 1377 1995 elati,
1405 1952 1461 1988 ul-

349 2023 409 2051 tro
430 2029 540 2064 agros
561 2017 757 2053 Romanos
779 2019 1028 2054 incursavere.
1084 2017 1235 2053 Bellum
1259 2016 1346 2052 iude
1366 2016 1460 2052 duo-

348 2080 418 2115 bus
456 2081 604 2130 populis
638 2081 833 2117 indictum.
891 2082 934 2117 C.
954 2081 1077 2117 Julius
1108 2093 1242 2117 censor
1272 2080 1458 2116 decessit:

135 2142 318 2190 MCorne-
351 2144 387 2179 in
426 2144 505 2194 ejus
545 2144 668 2181 locum
699 2144 755 2181 M.
784 2145 983 2181 Cornelius
1022 2144 1241 2181 subfectus:
1283 2157 1365 2193 quae
1402 2156 1460 2180 res

132 2185 308 2259 ἐῒξςξὲῗξὲ
311 2195 323 2214 r
350 2216 484 2259 postea
509 2208 684 2258 religioni
710 2209 804 2254 fuit;
839 2211 927 2258 quia
945 2222 991 2245 eo
1010 2209 1129 2246 lustro
1150 2209 1274 2245 Roma
1295 2214 1352 2244 est
1371 2220 1460 2258 cap-

343 2261 411 2312 Δτὰς
444 2285 514 2308 nec
541 2273 674 2309 deinde
702 2287 877 2321 umquam
905 2274 942 2309 in
966 2273 1150 2310 demortui
1176 2273 1299 2309 locum
1327 2283 1460 2308 censor

349 2335 569 2373 subiicitur:
610 2335 902 2386 consulibusque
931 2337 1066 2375 morbo
1095 2336 1273 2388 inplicitis
1303 2335 1459 2387 placuit,
