1573 2598
344 126 501 156 mBER
528 124 648 155 V111.
680 122 789 153 CAP.
814 123 972 152 xxut.
1135 109 1220 166 565

99 217 219 256 altero
240 218 413 254 exercitu
433 214 685 258 Samnitibus,
706 213 739 250 si
759 225 833 261 qua
852 224 892 248 se
919 216 1130 254 moverent,
1150 210 1219 247 ob·
1233 213 1326 245 U.C.
1341 217 1418 244 4⁶19.

99 283 260 333 positus.
307 280 426 317 Fama
445 285 573 316 autem
594 282 688 322 erat,
709 276 916 313 defectioni
937 276 1222 325 Campanorum
1233 259 1273 290 A·
1287 258 1325 288 C·
1342 263 1417 288 ³²4*

101 346 330 382 inminentes
362 346 582 381 admoturos
613 349 762 387 castra5
800 340 853 377 ibi
884 340 1072 390 optimum
1099 340 1224 375 visum

103 409 285 447 Cornelio
305 410 445 446 stativa
472 407 628 445 habere.
684 406 745 444 Ab
767 411 930 455 utroque
950 403 1120 447 consule,
1142 403 1225 440 exi-

102 487 217 524 guam
246 486 351 525 spem
379 474 484 526 pacis
514 485 600 510 cum
630 471 864 510 Samnitibus
893 482 988 515 esse,
1017 470 1157 506 certior
1182 467 1226 505 fit

103 546 272 576 senatus.

160 601 323 640 XXIII.
343 600 547 645 Publilius,
565 601 639 638 duo
659 600 780 638 millia
797 599 1043 636 Nolanorum
1061 597 1225 635 militum
1239 604 1414 637 Samnium

105 672 145 704 et
173 673 339 716 quatuor
367 666 612 708 Samnitium,
640 666 761 713 magis
791 662 957 700 Nol-anis
983 661 1226 711 cogentibus,
1239 656 1438 691 suspectum,

106 745 221 782 quam
239 731 439 768 voluntate
459 730 697 773 Graecorum,
725 735 880 778 recepta
898 727 1136 778 Palaepolim,
1155 727 1228 763 mi-

105 801 230 833 serat:
263 794 479 837 Cornelius,
511 793 700 829 delectum
728 793 916 828 indictum
945 805 968 828 a
994 792 1229 840 magistrati-

108 858 196 902 bus,
226 859 444 895 universum
476 857 672 893 Samnium
703 862 884 899 erectum,
915 868 959 892 ac
985 856 1130 892 vicinos
1159 867 1232 906 po·-

111 922 238 973 pu108,
268 922 545 964 Privernatem,
572 919 890 968 Fundanumque,
911 925 948 956 et
967 919 1229 963 FormIanum,

112 987 214 1023 haud
247 985 426 1035 ambigue
455 985 665 1021 sollicitari.
722 983 784 1020 Ob
819 984 900 1020 haec
933 997 1050 1034 quum
1075 977 1231 1033 'legatos

113 1051 215 1088 mitti
235 1049 440 1101 placuisset
458 1049 562 1100 prius
583 1048 630 1085 acl
650 1048 854 1092 Samnites,
871 1061 985 1097 quam
1003 1047 1145 1084 bellum
1165 1048 1229 1084 fie-
1244 1053 1353 1102 Legati
1367 1053 1407 1083 ad

113 1121 195 1161 ret3
228 1126 453 1164 responsum
473 1113 642 1149 redditur
660 1112 708 1149 ab
736 1112 969 1148 Samnitibus
989 1112 1112 1150 ferox.
1159 1112 1231 1150 Ul·
1243 1097 1416 1128 sammoes'

111 1185 174 1216 tro
210 1178 442 1215 incusabant
490 1177 650 1227 injurias
685 1175 974 1213 Romanorum:
1016 1189 1140 1226 neque
1186 1168 1232 1214 eo

113 1242 370 1292 negligentius
400 1254 458 1285 ea,
482 1254 564 1291 quae
594 1242 686 1291 ipsis
707 1240 986 1290 objicerentur,
1003 1242 1234 1291 purgabant.

113 1308 231 1346 Haud
256 1308 331 1344 ullo
355 1307 501 1356 publico
531 1307 680 1342 consilio
708 1307 888 1342 auriliove
909 1305 1037 1352 juvari
1071 1307 1236 1344 Graecos:

116 1385 180 1410 nec
198 1373 412 1409 Fundanum
435 1372 710 1408 Formianumve
734 1384 757 1408 a
780 1383 817 1407 se
836 1372 1074 1408 sollicitatos:
1103 1374 1237 1422 quippe

115 1439 265 1474 minime
288 1438 462 1486 poenitere
478 1449 515 1473 se
533 1438 665 1482 uirium
682 1448 844 1479 suarum,
864 1437 896 1472 si
921 1436 1050 1472 bellum
1076 1427 1236 1485 plac-eal.

118 1502 285 1539 Ceterum
313 1514 384 1538 non
410 1513 511 1549 posse
543 1502 784 1543 dissimulare,
814 1512 908 1549 aegre
938 1502 1021 1549 pata·
1053 1502 1235 1538 civitatem

117 1567 353 1609 Samnitiu-m,
373 1567 469 1614 quod
487 1567 682 1614 Fregellas,
711 1579 752 1602 ex
779 1566 912 1602 Volscis
930 1571 1055 1614 captas
1074 1567 1233 1603 dirutas-

117 1634 186 1680 que
211 1631 256 1667 ab
283 1642 332 1674 se,
362 1632 559 1667 restituerit
580 1630 766 1667 Romanus
793 1631 963 1679 populus,
991 1631 1240 1679 coloniamque

118 1696 158 1732 in
191 1695 413 1731 Samnitium
448 1707 538 1743 agro
573 1697 780 1743 inposuerit,
819 1707 927 1743 quam
963 1696 1080 1731 coloni
1116 1707 1238 1732 eorum

122 1760 302 1808 Fregellas
329 1760 524 1808 adpellem.
581 1760 678 1796 Eam
704 1772 740 1795 se
766 1761 1018 1796 contumeliam
1046 1758 1239 1806 injuriam-

121 1837 201 1873 que,
232 1825 270 1860 ni
294 1824 359 1860 sili
388 1824 433 1860 ab
461 1826 515 1868 iis,
543 1826 603 1873 qui
620 1824 793 1872 fecerint,
824 1825 1004 1866 dematur,
1026 1825 1119 1873 ipsos
1142 1826 1242 1861 omni

123 1890 157 1924 vi
187 1889 395 1936 depulsuros
419 1900 501 1924 esse.
559 1888 688 1927 Quum
705 1887 903 1923 Romanus
926 1887 1073 1936 legatus
1095 1888 1142 1924 ad
1161 1888 1239 1924 dis-

124 1951 353 2002 ceptandum
382 1964 446 1988 eos
477 1951 524 1988 ad
550 1964 768 1987 communes
799 1952 922 1988 socios
953 1958 1067 2001 atque
1096 1952 1239 1989 amicos

122 2022 295 2052 vocaret:
331 2017 428 2058 Quid
445 2018 612 2065 perplexe
628 2019 766 2065 agimus
780 2018 801 2051 Ρ
832 2016 968 2065 inquit.
1009 2017 1146 2053 Nostra
1163 2029 1242 2053 cer·

126 2084 277 2124 tumim,
300 2082 468 2125 Romani,
490 2095 561 2119 non
587 2082 694 2118 verba
723 2083 936 2129 legatorum,
965 2093 1030 2117 nec·
1058 2082 1242 2118 hominum

126 2148 313 2194 quisq-uam
338 2148 570 2195 disceptator,
598 2148 661 2183 sed
689 2156 836 2194 campus
864 2146 1083 2194 Campana-5,
1110 2147 1146 2182 z'n
1172 2159 1244 2195 quo

127 2212 407 2247 concurrendum
434 2217 498 2256 est,
529 2217 564 2249 et
591 2225 710 2255 arma,
741 2217 776 2247 et
804 2213 998 2247 communis
1026 2211 1130 2247 Mars
1159 2212 1245 2248 belli

126 2274 301 2312 decernet.
348 2275 510 2313 Proinde
533 2278 630 2314 inter
650 2276 815 2326 Capuam
833 2275 1107 2324 Suessulamque
1125 2280 1245 2312 castra
