1573 2598
271 154 360 201 540
733 163 781 194 τ.
804 164 937 196 mvn

94 254 138 284 U.
149 253 185 285 C,
202 248 379 286 41⁵.riter
406 249 470 293 sit,
490 249 588 288 Bene
606 250 720 289 habet.
766 253 840 290 Dii
862 255 967 303 pium
984 266 1124 292 movere
1141 256 1284 294 bellum.
1329 257 1400 295 Est

93 297 184 329 A.C.
201 303 425 351 ³³⁷·caeleste
450 317 609 352 numen!
639 328 686 360 es,
718 329 849 366 magne
870 319 1045 368 Jupiter!
1074 320 1174 357 haud
1189 321 1339 370 frustra
1365 328 1400 359 te

279 383 427 428 patrem
445 380 570 417 Deum
588 378 838 431 hominumque
856 384 926 421 Imc
941 385 1023 421 sede
1039 387 1268 423 sacravimus.
1300 387 1399 429 Quid

284 447 440 489 cessatis,
463 446 632 490 Quirites,
658 459 800 496 vosque,
827 450 958 486 Patres
982 452 1185 499 conscripti,
1208 463 1312 488 arma
1336 463 1400 489 ca·

279 521 369 557 pere
404 511 492 548 Diis
520 511 697 548 ducibus?
728 513 791 549 Sic
824 518 960 551 stratas
998 515 1153 562 legiones
1183 515 1401 552 Latinorum

284 574 389 618 dabo,
416 577 717 623 quemadmodum
743 578 901 625 legatum
917 577 1101 625 jacentem
1123 580 1262 617 videtis.
1317 579 1400 616 Ad-

285 649 397 674 sensu
426 639 558 689 populi
586 646 746 690 excepta
776 653 853 679 vox
879 643 1044 679 consulis
1074 649 1225 680 tantum
1251 643 1400 680 ardon’s

284 702 420 738 animis
447 702 553 745 fecit,
583 709 625 739 ut
653 703 800 752 legatos
828 706 1109 755 proficiscentes
1138 720 1230 744 cura
1256 707 1398 756 magis-

284 771 451 803 tratuum
477 767 612 815 magiS,
633 768 699 816 qui
717 766 829 817 jussu
858 769 1024 806 consulis
1054 770 1395 820 prosequebantur,

284 843 396 881 quam
408 830 474 880 jus
493 832 676 880 gentium,
697 831 744 868 ab
764 833 822 869 ira
845 833 1051 882 inpetuque
1072 835 1272 871 hominum
1289 842 1397 883 tege·

282 901 352 932 ret.
383 895 588 932 Consensit
602 901 640 932 et
654 903 806 933 senatus
821 896 963 933 bellum
979 912 986 932 ;
1020 897 1282 947 consulesque,
1298 899 1396 935 duo-

282 959 353 996 bus
374 961 522 1010 scriptis
537 959 765 997 exercitibus
782 973 850 1010 per
866 960 1017 997 Marsos
1038 961 1293 1012 Pelignosque
1306 975 1399 1013 pro-

283 1022 388 1067 fecti,
410 1023 591 1074 adjuncto
612 1024 839 1061 Samnitium
855 1025 1038 1068 exercitu,
1052 1025 1099 1062 ad
1115 1025 1299 1075 Capuam,
1319 1039 1399 1076 quo

68 1078 196 1151 {Qum
277 1087 362 1138 jam
380 1088 512 1125 Latini
531 1089 700 1137 sociique
720 1095 990 1132 convenerant,
1013 1095 1137 1125 castra
1155 1089 1296 1126 locant.
1334 1090 1396 1127 Ibi

127 1132 232 1155 'num'
283 1152 322 1187 in
343 1152 469 1201 quiete
491 1152 643 1200 utrique
669 1151 816 1188 consuli
841 1152 971 1188 eadem
991 1152 1128 1188 dicitur
1151 1153 1232 1190 visa
1256 1156 1400 1205 speeies

282 1217 353 1268 viri
372 1215 543 1266 majoriS,
562 1229 674 1265 quam
694 1229 762 1267 pro
785 1216 954 1253 humano
976 1217 1124 1260 habitu,
1146 1220 1397 1266 augustioris-

65 1281 235 1322 Spectrum
285 1293 371 1330 que,
398 1280 580 1317 dicentis:
613 1281 672 1316 Ex
701 1292 775 1317 una
806 1282 883 1317 acie
913 1282 1178 1330 imperatorem,
1209 1294 1251 1318 ex
1283 1284 1401 1320 altera

64 1329 270 1410 ffissigffee‘em
284 1346 476 1381 exercitum
493 1345 580 1380 Diis
596 1344 755 1380 manibus
778 1346 957 1393 matrique
979 1346 1097 1382 Terrae
1114 1346 1233 1382 deberi
1243 1363 1256 1390 ,-
1284 1349 1402 1384 utrius

67 1414 192 1445 consuli
207 1416 255 1446 vi·
283 1412 455 1446 exercitus
482 1411 676 1457 imperator
705 1409 859 1456 legiones
888 1409 1054 1453 hostium,
1076 1422 1252 1460 superque
1277 1424 1338 1448 eas
1363 1424 1400 1449 se

65 1467 152 1490 mm·
283 1474 487 1517 devovisset,
517 1471 591 1519 ejus
614 1473 743 1521 populi
755 1474 944 1521 partisque
966 1475 1154 1510 victoriam
1170 1473 1271 1523 sore.
1311 1474 1400 1513 Hos

282 1538 347 1574 ubi
376 1544 585 1574 nocturnos
615 1537 715 1572 visus
735 1536 835 1572 inter
863 1549 903 1572 se
932 1537 1105 1573 consules
1126 1538 1393 1585 contulerunt5

281 1601 425 1652 placuit
444 1600 733 1637 averruncandae
757 1600 885 1636 Deum
911 1601 975 1637 irae
1003 1602 1175 1638 victimas
1196 1603 1311 1639 caedi:
1343 1604 1396 1639 si-

280 1666 361 1703 mul
390 1673 446 1710 ut,
480 1666 510 1702 si
544 1666 640 1702 extis
674 1665 820 1709 eadem,
840 1678 923 1715 quae
954 1678 1089 1702 somno
1120 1667 1202 1702 visa
1229 1666 1396 1711 fuerant,

281 1732 613 1783 portenderentur,
651 1731 832 1768 alteruter
869 1731 1068 1768 consulum
1103 1731 1185 1768 fata
1219 1732 1396 1782 inpleret.

282 1795 361 1833 Ubi
380 1807 562 1846 responsa
580 1795 794 1845 aruspicum
820 1795 1000 1832 insidenti
1017 1794 1102 1845 jam
1121 1796 1250 1832 animo
1268 1796 1399 1834 tacitae

280 1860 456 1909 religioni
480 1865 738 1908 congruerunt
751 1875 762 1905 3
794 1866 891 1903 tum,
911 1859 1090 1896 adhibitis
1112 1859 1248 1908 legatis
1272 1859 1396 1897 tribu-

280 1925 427 1973 nisque,
459 1930 496 1960 et
529 1923 696 1974 imperiis
725 1923 854 1960 Deum
885 1923 1082 1975 propalam
1119 1924 1316 1974 expositis,
1345 1936 1399 1960 ne

280 1999 382 2023 mors
402 1986 616 2023 voluntaria
641 1986 806 2023 consulis
827 1988 1035 2023 exercitum
1061 1988 1100 2023 in
1120 1988 1200 2023 acie
1219 1994 1393 2031 terreret,

282 2057 503 2102 comparant
522 2052 621 2087 inter
643 2063 697 2095 se,
718 2058 772 2095 ut,
793 2051 841 2088 ab
863 2058 946 2088 utra
965 2059 1073 2102 parte
1093 2051 1223 2088 cedere
1248 2050 1396 2087 Roma·

280 2128 351 2153 nus
371 2116 557 2153 exercitus
577 2117 768 2166 coepisset,
789 2115 875 2152 inde
894 2128 933 2151 se
953 2115 1083 2152 consul
1105 2115 1305 2151 devoveret
1323 2127 1398 2165 pro

282 2180 424 2231 populo
450 2179 628 2217 Romano
647 2180 951 2229 Quiritibusque.
991 2181 1192 2228 Agitatum
1219 2179 1334 2216 etiam
1353 2180 1398 2216 in.

284 2246 444 2283 consilio
469 2253 540 2289 est,
571 2252 626 2290 ut,
657 2247 687 2282 si
717 2245 867 2296 quando
897 2258 1075 2296 umquam
1104 2258 1235 2282 severo
1273 2244 1395 2282 ullum

282 2311 444 2362 imperio
466 2309 606 2348 bellum
636 2311 941 2348 administratum
964 2316 1078 2353 esset,
1097 2316 1188 2346 tunc
1209 2309 1266 2345 uti
1285 2309 1397 2346 disci—

1516 82 1527 108 ,⁴-

1523 225 1538 237 ,ί
1516 160 1537 218 φ”.ἷ

1523 495 1538 512 ”-“·
1528 452 1540 487 -u-
1520 294 1541 433 „›‚'*-A>'e'„
1518 280 1521 282 ’

1524 700 1543 735 u·
1535 685 1541 691 .
1518 520 1545 667 ‘gua-“⁶⁴'*
