1573 2598
362 124 518 155 unna
541 122 660 154 vm.
691 121 800 151 cAr.
822 121 944 150 xxv.
1122 108 1207 163 569

97 227 212 251 mano
240 213 341 251 bello
370 213 526 250 fortuna
550 224 636 248 eum
665 210 864 254 abstinuit,
894 215 1034 253 tamen,
1055 208 1145 259 quia
1168 209 1208 245 in
1220 214 1263 245 U.
1276 213 1313 244 C.
1327 219 1403 246 429.

98 278 214 316 Italia
232 278 330 315 bella
348 279 480 327 gessit,
500 277 629 329 paucis
650 276 788 314 dixisse
808 275 898 311 satis
915 274 977 310 sit.

1221 258 1259 288 A.
1275 257 1311 288 C.
1325 262 1403 288 323.

151 342 283 379 XXV.
312 342 462 379 Eodem
481 354 582 378 anno
607 339 883 377 lectisternium
902 337 1052 380 Romae,
1073 336 1208 386 quinto
1223 342 1388 373 Quintum

97 412 186 458 post
211 407 405 443 conditam
432 406 578 450 urbem,
604 405 752 448 iisdem,
773 403 909 452 quibus
930 407 1033 446 ante,
1053 401 1208 452 placan-

98 470 152 506 dis
173 470 347 507 habitum
366 476 424 507 est
448 470 547 506 Diis.
604 469 709 505 Novi
738 467 872 504 deinde
902 465 1074 503 consules
1097 464 1212 516 jussu

95 534 228 584 populi
258 548 373 584 quum
403 535 608 578 misissent,
642 534 707 583 qui
735 532 947 569 indicerent
976 530 1210 567 Samnitibus

96 598 239 635 bellum
252 615 263 645 3
290 606 328 635 et
346 599 419 650 ipsi
438 597 583 649 majore
603 604 758 642 conatu,
775 609 888 646 quam
906 596 1082 633 adversus
1104 594 1212 631 Grae-

98 676 176 706 cos,
198 669 336 699 cuncta
354 663 565 713 parabant,
599 669 637 699 et
656 662 730 699 alia
747 675 849 698 nova
866 660 963 698 nihil
981 667 1063 696 tum
1082 659 1212 695 animo

94 727 170 763 tale
190 727 424 775 agitantibus
444 733 684 763 accesserunt
711 726 863 763 auxilia.
918 724 1068 762 Lucani
1097 729 1212 773 atque

95 790 225 841 Apuli,
245 790 381 840 quibus
412 790 588 840 gentibus
614 789 711 827 nihil
734 790 782 826 ad
800 802 883 826 eam
902 789 1002 825 diem
1021 801 1108 824 cum
1124 787 1210 823 Ro-

94 867 211 891 mano
231 855 373 905 populo
390 855 528 898 fuerat,
550 855 590 891 in
615 855 727 892 fidem
746 859 945 897 venerunt,
965 865 1072 889 arma
1088 852 1212 889 viros-

93 930 168 968 que
196 919 243 955 ad
271 919 412 956 bellum
441 918 690 970 pollicentes:
722 919 866 956 foedere
890 931 983 967 ergo
1011 917 1052 955 in
1077 916 1211 953 amici-

93 983 187 1019 tiam
207 984 366 1034 accepti.
421 984 571 1021 Eodem
590 990 762 1036 tempore
780 985 896 1021 etiam
914 984 954 1020 in
973 982 1130 1019 Samnio
1147 992 1208 1019 res

93 1059 274 1098 prospere
295 1055 420 1098 gesta:
452 1049 528 1086 tria
546 1050 688 1100 oppida
706 1050 745 1086 in
764 1054 995 1101 potestatem
1008 1051 1209 1090 venerunt,

95 1112 239 1156 Allifae,
260 1112 423 1157 Callifae,
443 1112 634 1152 Ruffrium
651 1130 659 1152 z
691 1115 862 1164 aliusque
887 1126 978 1163 ager
999 1113 1123 1164 primo
1142 1111 1211 1147 ad-

91 1182 210 1213 ventu
228 1177 428 1214 consulum
446 1177 562 1227 longe
580 1178 732 1229 lateque
751 1186 809 1216 est
826 1184 1077 1229 pervastatus,
1118 1175 1210 1212 Hoc

88 1239 193 1277 bello
221 1247 301 1278 tam
328 1254 509 1293 prospere
531 1244 750 1287 commisso,
780 1242 891 1280 alteri
911 1253 1062 1292 quoque
1089 1237 1210 1282 bello,

90 1313 168 1352 quo
200 1303 327 1341 Graeci
358 1304 647 1351 obsidebantur,
675 1306 761 1357 jam
789 1306 875 1342 finis
901 1305 1059 1342 aderat:
1102 1315 1210 1346 nam,

89 1373 344 1417 praeterquam
364 1370 481 1415 quod,
503 1370 722 1418 inter-septis
750 1369 998 1404 munimentis
1022 1367 1209 1410 hostium,

90 1441 178 1480 pars
212 1429 314 1480 parti
345 1429 515 1467 abscissa
549 1436 645 1475 erat,
678 1431 844 1468 foediora
878 1430 1075 1479 aliquanto
1109 1426 1226 1465 intra‘

91 1506 221 1531 muros
241 1495 303 1538 iis,
323 1494 460 1544 quibus
483 1496 606 1532 hostis
631 1495 847 1540 territabat,
872 1494 1141 1546 patiebantur:
1173 1499 1213 1531 et

91 1557 197 1595 velut
215 1559 319 1609 capti
343 1572 368 1596 a
389 1560 639 1610 suismetipsis
660 1560 860 1611 praesidiiS,
880 1559 1039 1608 indigna
1059 1558 1144 1608 jam
1161 1558 1210 1595 li-

90 1621 191 1658 beris
221 1635 373 1672 quoque
402 1636 446 1660 ac
475 1623 719 1675 conjugibus,
747 1630 786 1661 et
806 1637 890 1674 quae
919 1629 1116 1674 captarum
1146 1635 1210 1659 ur-

91 1684 199 1722 bium
219 1692 390 1722 extrema
407 1692 510 1731 sunt,
533 1687 790 1738 patiebantur.
847 1687 984 1737 Itaque
1009 1699 1139 1737 quum,
1170 1692 1209 1724 et

93 1762 116 1786 a
133 1749 304 1787 Tarento
324 1756 362 1787 et
382 1764 405 1788 a
424 1751 674 1796 Samnitibus,
693 1752 797 1789 fama
815 1758 928 1796 esset,
948 1764 1049 1788 nova
1067 1750 1211 1789 auxilia

90 1819 264 1858 ventura,
286 1815 514 1852 Samnitium
534 1815 634 1866 pIuS,
664 1829 779 1866 quam
796 1815 952 1859 vellent,
981 1816 1083 1852 intra
1110 1828 1208 1852 moe-

90 1878 155 1914 nia
173 1891 255 1915 esse
274 1878 475 1916 rebantur:
506 1879 805 1918 Tarentinorum
819 1879 1077 1930 juventutem,
1099 1880 1207 1916 Grae-

89 1942 123 1979 ci
149 1942 320 1987 Graecos,
350 1943 451 1980 haud
478 1944 603 1981 minus
633 1958 699 1996 per
725 1957 819 1995 quos
844 1944 1006 1981 Samniti
1029 1944 1206 1980 Nolano-

88 2019 176 2055 que,
197 2019 310 2056 quam
330 2013 373 2043 ut
391 2007 578 2045 Romanis
598 2009 773 2046 hostibus
794 2010 1028 2052 resisterent,
1048 2021 1205 2058 exspec-

89 2070 238 2109 tabant.
293 2072 494 2109 Postremo
522 2072 753 2110 levissimum
782 2073 968 2110 malorum
987 2071 1130 2110 deditio
1156 2073 1204 2110 ad

90 2132 289 2171 Romanos
307 2136 400 2174 visa.
458 2137 657 2174 Charilaus
687 2144 724 2174 et
752 2138 982 2188 Nymphius,
1012 2135 1202 2188 principes

91 2197 268 2241 civitatis,
297 2202 578 2238 communicato
606 2202 706 2238 inter
734 2214 773 2238 se
800 2201 974 2244 consilio,
1001 2206 1126 2250 partes
1153 2201 1203 2239 ad

88 2271 167 2297 rem
186 2261 369 2311 agendam
390 2263 561 2308 divisere,
583 2271 624 2302 ut
644 2264 739 2303 alter
758 2265 805 2302 ad
827 2265 1098 2317 imperatorem
1115 2262 1199 2301 R0=

1219 386 1372 416 lectister-

1220 438 1327 460 nium.
