<?xml version="1.0" encoding="UTF-8"?>
<!DOCTYPE html PUBLIC "-//W3C//DTD XHTML 1.0 Transitional//EN"
    "http://www.w3.org/TR/xhtml1/DTD/xhtml1-transitional.dtd">
<html xmlns="http://www.w3.org/1999/xhtml" xml:lang="en" lang="en">
 <head>
  <title>
</title>
<meta http-equiv="Content-Type" content="text/html;charset=utf-8" />
  <meta name='ocr-system' content='tesseract 3.04.00' />
  <meta name='ocr-capabilities' content='ocr_page ocr_carea ocr_par ocr_line ocrx_word'/>
</head>
<body>
  <div class='ocr_page' id='page_1' title='image "./historiarumquaes01livyuoft/historiarumquaes01livyuoft_0599.png"; bbox 0 0 1573 2598; ppageno 0'>
   <div class='ocr_carea' id='block_1_1' title="bbox 347 120 1205 175">
    <p class='ocr_par' dir='ltr' id='par_1_1' title="bbox 347 120 1205 175">
     <span class='ocr_line' id='line_1_1' title="bbox 347 120 1205 175; baseline -0.007 -9"><span class='ocrx_word' id='word_1_1' title='bbox 347 137 502 166; x_wconf 70' lang='lat' dir='ltr'><em>mnan</em></span> <span class='ocrx_word' id='word_1_2' title='bbox 524 135 644 165; x_wconf 84' lang='lat' dir='ltr'><em>vm.</em></span> <span class='ocrx_word' id='word_1_3' title='bbox 677 134 784 163; x_wconf 78' lang='lat' dir='ltr'><em>cAP.</em></span> <span class='ocrx_word' id='word_1_4' title='bbox 807 133 965 162; x_wconf 85' lang='lat' dir='ltr'><strong>xxxv.</strong></span> <span class='ocrx_word' id='word_1_5' title='bbox 1123 120 1205 175; x_wconf 83' lang='lat'><em>583</em></span> 
     </span>
    </p>
   </div>
   <div class='ocr_carea' id='block_1_2' title="bbox 99 221 1402 300">
    <p class='ocr_par' dir='ltr' id='par_1_2' title="bbox 99 221 1402 300">
     <span class='ocr_line' id='line_1_2' title="bbox 99 221 1402 300; baseline -0.005 -40"><span class='ocrx_word' id='word_1_6' title='bbox 99 224 354 260; x_wconf 85' lang='lat' dir='ltr'><em>contentionis</em></span> <span class='ocrx_word' id='word_1_7' title='bbox 382 223 504 266; x_wconf 78' lang='lat' dir='ltr'><em>obliti,</em></span> <span class='ocrx_word' id='word_1_8' title='bbox 533 221 781 274; x_wconf 83' lang='lat' dir='ltr'>procumbere</span> <span class='ocrx_word' id='word_1_9' title='bbox 808 221 855 258; x_wconf 88' lang='lat' dir='ltr'><em>ad</em></span> <span class='ocrx_word' id='word_1_10' title='bbox 883 234 1019 270; x_wconf 88' lang='lat' dir='ltr'><em>genua,</em></span> <span class='ocrx_word' id='word_1_11' title='bbox 1051 227 1089 257; x_wconf 88' lang='lat' dir='ltr'><em>et</em></span> <span class='ocrx_word' id='word_1_12' title='bbox 1113 221 1208 258; x_wconf 85' lang='lat' dir='ltr'><em>iram</em></span> <span class='ocrx_word' id='word_1_13' title='bbox 1221 226 1402 300; x_wconf 38' lang='lat'><em>{832}</em></span> 
     </span>
    </p>
   </div>
   <div class='ocr_carea' id='block_1_3' title="bbox 96 284 1215 1163">
    <p class='ocr_par' dir='ltr' id='par_1_3' title="bbox 96 284 1215 1163">
     <span class='ocr_line' id='line_1_3' title="bbox 103 284 1207 336; baseline -0.003 -13"><span class='ocrx_word' id='word_1_14' title='bbox 103 287 294 336; x_wconf 86' lang='lat' dir='ltr'><em>deprecari</em></span> <span class='ocrx_word' id='word_1_15' title='bbox 321 288 528 324; x_wconf 79' lang='lat' dir='ltr'><em>dictatoris.</em></span> <span class='ocrx_word' id='word_1_16' title='bbox 583 286 682 323; x_wconf 89' lang='lat' dir='ltr'><em>Tum</em></span> <span class='ocrx_word' id='word_1_17' title='bbox 704 285 880 327; x_wconf 89' lang='lat' dir='ltr'><em>dictator,</em></span> <span class='ocrx_word' id='word_1_18' title='bbox 911 284 1061 321; x_wconf 86' lang='lat' dir='ltr'><em>silentio</em></span> <span class='ocrx_word' id='word_1_19' title='bbox 1089 284 1207 327; x_wconf 82' lang='lat' dir='ltr'><em>facto,</em></span> 
     </span>
     <span class='ocr_line' id='line_1_4' title="bbox 103 349 1207 398; baseline -0.001 -13"><span class='ocrx_word' id='word_1_20' title='bbox 103 350 200 386; x_wconf 83' lang='lat' dir='ltr'><strong><em>Bene</em></strong></span> <span class='ocrx_word' id='word_1_21' title='bbox 219 350 334 392; x_wconf 78' lang='lat' dir='ltr'><em>habet,</em></span> <span class='ocrx_word' id='word_1_22' title='bbox 356 351 492 398; x_wconf 87' lang='lat' dir='ltr'><em>inquit,</em></span> <span class='ocrx_word' id='word_1_23' title='bbox 509 350 689 391; x_wconf 79' lang='lat' dir='ltr'><em>Quirites:</em></span> <span class='ocrx_word' id='word_1_24' title='bbox 717 350 802 385; x_wconf 86' lang='lat' dir='ltr'><em>vicit</em></span> <span class='ocrx_word' id='word_1_25' title='bbox 822 349 1011 396; x_wconf 73' lang='lat' dir='ltr'><em>disciplina</em></span> <span class='ocrx_word' id='word_1_26' title='bbox 1023 349 1207 390; x_wconf 45' lang='lat' dir='ltr'><em>militar&amp;</em></span> 
     </span>
     <span class='ocr_line' id='line_1_5' title="bbox 97 411 1209 461; baseline 0 -14"><span class='ocrx_word' id='word_1_27' title='bbox 97 414 184 448; x_wconf 85' lang='lat' dir='ltr'><em>vicit</em></span> <span class='ocrx_word' id='word_1_28' title='bbox 208 414 352 461; x_wconf 80' lang='lat' dir='ltr'><em>imperii</em></span> <span class='ocrx_word' id='word_1_29' title='bbox 379 413 558 459; x_wconf 72' lang='lat' dir='ltr'><em>uwjestas,</em></span> <span class='ocrx_word' id='word_1_30' title='bbox 578 424 655 460; x_wconf 82' lang='lat' dir='ltr'><em>quae</em></span> <span class='ocrx_word' id='word_1_31' title='bbox 682 414 720 448; x_wconf 78' lang='lat' dir='ltr'><em>in</em></span> <span class='ocrx_word' id='word_1_32' title='bbox 749 412 952 447; x_wconf 73' lang='lat' dir='ltr'><em>discrimine</em></span> <span class='ocrx_word' id='word_1_33' title='bbox 968 411 1140 459; x_wconf 80' lang='lat' dir='ltr'><em>fuerunt,</em></span> <span class='ocrx_word' id='word_1_34' title='bbox 1162 424 1209 447; x_wconf 79' lang='lat' dir='ltr'><em>an</em></span> 
     </span>
     <span class='ocr_line' id='line_1_6' title="bbox 99 477 1209 525; baseline 0 -13"><span class='ocrx_word' id='word_1_35' title='bbox 99 478 178 513; x_wconf 83' lang='lat' dir='ltr'><em>ulla</em></span> <span class='ocrx_word' id='word_1_36' title='bbox 193 483 275 525; x_wconf 85' lang='lat' dir='ltr'><em>post</em></span> <span class='ocrx_word' id='word_1_37' title='bbox 294 478 385 514; x_wconf 82' lang='lat' dir='ltr'><em>hanc</em></span> <span class='ocrx_word' id='word_1_38' title='bbox 403 480 498 514; x_wconf 89' lang='lat' dir='ltr'><em>diem</em></span> <span class='ocrx_word' id='word_1_39' title='bbox 513 482 636 514; x_wconf 85' lang='lat' dir='ltr'><em>essent.</em></span> <span class='ocrx_word' id='word_1_40' title='bbox 677 477 760 513; x_wconf 84' lang='lat' dir='ltr'><em>Non</em></span> <span class='ocrx_word' id='word_1_41' title='bbox 776 488 875 512; x_wconf 75' lang='lat' dir='ltr'><em>noxoe</em></span> <span class='ocrx_word' id='word_1_42' title='bbox 893 478 1061 512; x_wconf 78' lang='lat' dir='ltr'><em>eximitur</em></span> <span class='ocrx_word' id='word_1_43' title='bbox 1083 477 1126 517; x_wconf 92' lang='lat' dir='ltr'><em>Q.</em></span> <span class='ocrx_word' id='word_1_44' title='bbox 1139 477 1209 512; x_wconf 90' lang='lat' dir='ltr'><em>Fa-</em></span> 
     </span>
     <span class='ocr_line' id='line_1_7' title="bbox 101 540 1209 589; baseline 0 -13"><span class='ocrx_word' id='word_1_45' title='bbox 101 540 192 584; x_wconf 84' lang='lat' dir='ltr'><em>bius,</em></span> <span class='ocrx_word' id='word_1_46' title='bbox 224 544 285 589; x_wconf 84' lang='lat' dir='ltr'><em>qui</em></span> <span class='ocrx_word' id='word_1_47' title='bbox 313 548 439 578; x_wconf 85' lang='lat' dir='ltr'><em>contra</em></span> <span class='ocrx_word' id='word_1_48' title='bbox 467 543 623 579; x_wconf 79' lang='lat' dir='ltr'><em>edictu-m</em></span> <span class='ocrx_word' id='word_1_49' title='bbox 651 541 877 588; x_wconf 80' lang='lat' dir='ltr'><em>imperatoris</em></span> <span class='ocrx_word' id='word_1_50' title='bbox 902 542 1102 588; x_wconf 80' lang='lat' dir='ltr'><em>pugnavit;</em></span> <span class='ocrx_word' id='word_1_51' title='bbox 1134 542 1209 583; x_wconf 89' lang='lat' dir='ltr'><em>sed,</em></span> 
     </span>
     <span class='ocr_line' id='line_1_8' title="bbox 98 604 1212 652; baseline 0.001 -14"><span class='ocrx_word' id='word_1_52' title='bbox 98 615 200 640; x_wconf 68' lang='lat' dir='ltr'><em>noxae</em></span> <span class='ocrx_word' id='word_1_53' title='bbox 215 605 418 647; x_wconf 78' lang='lat' dir='ltr'><em>damnatus,</em></span> <span class='ocrx_word' id='word_1_54' title='bbox 435 607 591 641; x_wconf 80' lang='lat' dir='ltr'><em>donatur</em></span> <span class='ocrx_word' id='word_1_55' title='bbox 608 606 741 652; x_wconf 81' lang='lat' dir='ltr'><em>populo</em></span> <span class='ocrx_word' id='word_1_56' title='bbox 761 604 925 639; x_wconf 80' lang='lat' dir='ltr'><em>Romano</em></span> <span class='ocrx_word' id='word_1_57' title='bbox 938 620 949 646; x_wconf 88' lang='lat'><em>,-</em></span> <span class='ocrx_word' id='word_1_58' title='bbox 969 605 1126 639; x_wconf 79' lang='lat' dir='ltr'><em>donatur</em></span> <span class='ocrx_word' id='word_1_59' title='bbox 1145 607 1212 640; x_wconf 83' lang='lat' dir='ltr'><em>tri-</em></span> 
     </span>
     <span class='ocr_line' id='line_1_9' title="bbox 99 666 1212 716; baseline 0.001 -14"><span class='ocrx_word' id='word_1_60' title='bbox 99 667 247 704; x_wconf 81' lang='lat' dir='ltr'><em>buniciae</em></span> <span class='ocrx_word' id='word_1_61' title='bbox 261 671 447 715; x_wconf 80' lang='lat' dir='ltr'><em>potestati,</em></span> <span class='ocrx_word' id='word_1_62' title='bbox 465 670 684 716; x_wconf 79' lang='lat' dir='ltr'><em>precari-um,</em></span> <span class='ocrx_word' id='word_1_63' title='bbox 703 679 774 703; x_wconf 79' lang='lat' dir='ltr'><em>‘non</em></span> <span class='ocrx_word' id='word_1_64' title='bbox 783 666 936 712; x_wconf 82' lang='lat' dir='ltr'><em>justum,</em></span> <span class='ocrx_word' id='word_1_65' title='bbox 956 668 1131 703; x_wconf 80' lang='lat' dir='ltr'><em>auxilium</em></span> <span class='ocrx_word' id='word_1_66' title='bbox 1146 667 1212 716; x_wconf 83' lang='lat' dir='ltr'><em>fc·</em></span> 
     </span>
     <span class='ocr_line' id='line_1_10' title="bbox 100 731 1213 779; baseline 0.001 -13"><span class='ocrx_word' id='word_1_67' title='bbox 100 732 206 767; x_wconf 81' lang='lat' dir='ltr'><em>renti.</em></span> <span class='ocrx_word' id='word_1_68' title='bbox 268 731 364 773; x_wconf 85' lang='lat' dir='ltr'><em>Vive,</em></span> <span class='ocrx_word' id='word_1_69' title='bbox 397 732 440 772; x_wconf 87' lang='lat' dir='ltr'><em>Q.</em></span> <span class='ocrx_word' id='word_1_70' title='bbox 467 731 570 773; x_wconf 58' lang='lat' dir='ltr'><em>fabi,</em></span> <span class='ocrx_word' id='word_1_71' title='bbox 589 731 742 779; x_wconf 82' lang='lat' dir='ltr'><em>felic-ior</em></span> <span class='ocrx_word' id='word_1_72' title='bbox 767 731 832 766; x_wconf 84' lang='lat' dir='ltr'><em>hoc</em></span> <span class='ocrx_word' id='word_1_73' title='bbox 862 743 1027 767; x_wconf 73' lang='lat' dir='ltr'><em>consensu</em></span> <span class='ocrx_word' id='word_1_74' title='bbox 1057 733 1213 767; x_wconf 80' lang='lat' dir='ltr'><em>civitatis</em></span> 
     </span>
     <span class='ocr_line' id='line_1_11' title="bbox 100 794 1211 843; baseline 0 -13"><span class='ocrx_word' id='word_1_75' title='bbox 100 795 151 830; x_wconf 82' lang='lat' dir='ltr'><em>ad</em></span> <span class='ocrx_word' id='word_1_76' title='bbox 169 795 339 830; x_wconf 86' lang='lat' dir='ltr'><em>tuendum</em></span> <span class='ocrx_word' id='word_1_77' title='bbox 358 799 404 836; x_wconf 86' lang='lat' dir='ltr'><em>te,</em></span> <span class='ocrx_word' id='word_1_78' title='bbox 420 806 538 841; x_wconf 83' lang='lat' dir='ltr'><em>quam,</em></span> <span class='ocrx_word' id='word_1_79' title='bbox 562 807 634 843; x_wconf 82' lang='lat' dir='ltr'><em>qua</em></span> <span class='ocrx_word' id='word_1_80' title='bbox 657 795 783 843; x_wconf 84' lang='lat' dir='ltr'><em>paullo</em></span> <span class='ocrx_word' id='word_1_81' title='bbox 802 799 886 830; x_wconf 78' lang='lat' dir='ltr'><em>ante</em></span> <span class='ocrx_word' id='word_1_82' title='bbox 906 794 1118 837; x_wconf 74' lang='lat' dir='ltr'><em>exsultabas,</em></span> <span class='ocrx_word' id='word_1_83' title='bbox 1139 796 1211 831; x_wconf 83' lang='lat' dir='ltr'><em>vic·</em></span> 
     </span>
     <span class='ocr_line' id='line_1_12' title="bbox 101 858 1213 908; baseline 0.001 -14"><span class='ocrx_word' id='word_1_84' title='bbox 101 861 223 895; x_wconf 77' lang='lat' dir='ltr'><em>toria:</em></span> <span class='ocrx_word' id='word_1_85' title='bbox 248 861 340 901; x_wconf 82' lang='lat' dir='ltr'><em>vive,</em></span> <span class='ocrx_word' id='word_1_86' title='bbox 360 860 398 895; x_wconf 83' lang='lat' dir='ltr'><em>id</em></span> <span class='ocrx_word' id='word_1_87' title='bbox 406 858 558 907; x_wconf 85' lang='lat' dir='ltr'><em>facinus</em></span> <span class='ocrx_word' id='word_1_88' title='bbox 578 872 696 902; x_wconf 84' lang='lat' dir='ltr'><em>ausus,</em></span> <span class='ocrx_word' id='word_1_89' title='bbox 717 858 815 905; x_wconf 85' lang='lat' dir='ltr'><em>cujus</em></span> <span class='ocrx_word' id='word_1_90' title='bbox 834 860 898 895; x_wconf 84' lang='lat' dir='ltr'><em>tibi</em></span> <span class='ocrx_word' id='word_1_91' title='bbox 921 872 965 895; x_wconf 86' lang='lat' dir='ltr'><em>ne</em></span> <span class='ocrx_word' id='word_1_92' title='bbox 984 871 1114 907; x_wconf 84' lang='lat' dir='ltr'><em>parens</em></span> <span class='ocrx_word' id='word_1_93' title='bbox 1133 860 1213 908; x_wconf 83' lang='lat' dir='ltr'><em>qui·</em></span> 
     </span>
     <span class='ocr_line' id='line_1_13' title="bbox 101 922 1212 972; baseline 0.001 -14"><span class='ocrx_word' id='word_1_94' title='bbox 101 923 196 965; x_wconf 83' lang='lat' dir='ltr'><em>dem,</em></span> <span class='ocrx_word' id='word_1_95' title='bbox 216 924 246 959; x_wconf 85' lang='lat' dir='ltr'><em>si</em></span> <span class='ocrx_word' id='word_1_96' title='bbox 271 924 395 959; x_wconf 89' lang='lat' dir='ltr'><em>eodem</em></span> <span class='ocrx_word' id='word_1_97' title='bbox 423 924 497 959; x_wconf 81' lang='lat' dir='ltr'><em>loco</em></span> <span class='ocrx_word' id='word_1_98' title='bbox 515 922 664 972; x_wconf 80' lang='lat' dir='ltr'><em>suisset,</em></span> <span class='ocrx_word' id='word_1_99' title='bbox 686 936 753 971; x_wconf 88' lang='lat' dir='ltr'><em>quo</em></span> <span class='ocrx_word' id='word_1_100' title='bbox 771 922 855 971; x_wconf 84' lang='lat' dir='ltr'><em>fuit</em></span> <span class='ocrx_word' id='word_1_101' title='bbox 883 923 926 960; x_wconf 94' lang='lat' dir='ltr'><em>L.</em></span> <span class='ocrx_word' id='word_1_102' title='bbox 947 924 1134 971; x_wconf 81' lang='lat' dir='ltr'><em>Papirius,</em></span> <span class='ocrx_word' id='word_1_103' title='bbox 1153 936 1212 960; x_wconf 84' lang='lat' dir='ltr'><em>ve·</em></span> 
     </span>
     <span class='ocr_line' id='line_1_14' title="bbox 100 988 1214 1036; baseline 0.003 -14"><span class='ocrx_word' id='word_1_104' title='bbox 100 988 200 1023; x_wconf 80' lang='lat' dir='ltr'><em>nia-m</em></span> <span class='ocrx_word' id='word_1_105' title='bbox 217 988 380 1025; x_wconf 80' lang='lat' dir='ltr'><em>dedisset.</em></span> <span class='ocrx_word' id='word_1_106' title='bbox 413 988 572 1031; x_wconf 84' lang='lat' dir='ltr'><em>Mecum,</em></span> <span class='ocrx_word' id='word_1_107' title='bbox 592 992 634 1024; x_wconf 86' lang='lat' dir='ltr'><em>ut</em></span> <span class='ocrx_word' id='word_1_108' title='bbox 651 988 757 1030; x_wconf 82' lang='lat' dir='ltr'><em>voles,</em></span> <span class='ocrx_word' id='word_1_109' title='bbox 774 989 957 1024; x_wconf 82' lang='lat' dir='ltr'><em>reverteris</em></span> <span class='ocrx_word' id='word_1_110' title='bbox 977 990 1013 1023; x_wconf 78' lang='lat' dir='ltr'><em>in</em></span> <span class='ocrx_word' id='word_1_111' title='bbox 1027 989 1188 1036; x_wconf 82' lang='lat' dir='ltr'><em>gratiam</em></span> <span class='ocrx_word' id='word_1_112' title='bbox 1201 1003 1214 1025; x_wconf 90' lang='lat'><em>:</em></span> 
     </span>
     <span class='ocr_line' id='line_1_15' title="bbox 96 1053 1212 1102; baseline 0.002 -14"><span class='ocrx_word' id='word_1_113' title='bbox 96 1053 234 1101; x_wconf 83' lang='lat' dir='ltr'><em>populo</em></span> <span class='ocrx_word' id='word_1_114' title='bbox 254 1053 432 1096; x_wconf 83' lang='lat' dir='ltr'><em>Romano,</em></span> <span class='ocrx_word' id='word_1_115' title='bbox 454 1055 512 1090; x_wconf 79' lang='lat' dir='ltr'><em>cui</em></span> <span class='ocrx_word' id='word_1_116' title='bbox 531 1055 645 1090; x_wconf 84' lang='lat' dir='ltr'><em>vitam</em></span> <span class='ocrx_word' id='word_1_117' title='bbox 667 1054 777 1097; x_wconf 86' lang='lat' dir='ltr'><em>debes,</em></span> <span class='ocrx_word' id='word_1_118' title='bbox 797 1054 890 1090; x_wconf 72' lang='lat' dir='ltr'><em>nihil</em></span> <span class='ocrx_word' id='word_1_119' title='bbox 907 1053 1023 1101; x_wconf 78' lang='lat' dir='ltr'><em>majus</em></span> <span class='ocrx_word' id='word_1_120' title='bbox 1037 1055 1212 1102; x_wconf 66' lang='lat' dir='ltr'><em>praestite-</em></span> 
     </span>
     <span class='ocr_line' id='line_1_16' title="bbox 100 1116 1215 1163; baseline 0.002 -12"><span class='ocrx_word' id='word_1_121' title='bbox 100 1116 166 1157; x_wconf 79' lang='lat' dir='ltr'><em>ris,</em></span> <span class='ocrx_word' id='word_1_122' title='bbox 193 1128 301 1163; x_wconf 82' lang='lat' dir='ltr'><em>quam</em></span> <span class='ocrx_word' id='word_1_123' title='bbox 325 1118 355 1152; x_wconf 83' lang='lat' dir='ltr'><em>si</em></span> <span class='ocrx_word' id='word_1_124' title='bbox 383 1116 441 1152; x_wconf 80' lang='lat' dir='ltr'><em>hic</em></span> <span class='ocrx_word' id='word_1_125' title='bbox 470 1117 532 1153; x_wconf 88' lang='lat' dir='ltr'><em>tibi</em></span> <span class='ocrx_word' id='word_1_126' title='bbox 561 1118 636 1154; x_wconf 87' lang='lat' dir='ltr'><em>dies</em></span> <span class='ocrx_word' id='word_1_127' title='bbox 658 1119 746 1153; x_wconf 84' lang='lat' dir='ltr'><em>satis</em></span> <span class='ocrx_word' id='word_1_128' title='bbox 772 1119 976 1153; x_wconf 79' lang='lat' dir='ltr'><em>documenti</em></span> <span class='ocrx_word' id='word_1_129' title='bbox 993 1118 1145 1160; x_wconf 82' lang='lat' dir='ltr'><em>dederit,</em></span> <span class='ocrx_word' id='word_1_130' title='bbox 1172 1121 1215 1153; x_wconf 79' lang='lat' dir='ltr'><em>ut</em></span> 
     </span>
    </p>
   </div>
   <div class='ocr_carea' id='block_1_4' title="bbox 103 1179 1225 1229">
    <p class='ocr_par' dir='ltr' id='par_1_4' title="bbox 103 1179 1225 1229">
     <span class='ocr_line' id='line_1_17' title="bbox 103 1179 1225 1229; baseline 0.002 -15"><span class='ocrx_word' id='word_1_131' title='bbox 103 1179 193 1215; x_wconf 80' lang='lat' dir='ltr'><em>belzo</em></span> <span class='ocrx_word' id='word_1_132' title='bbox 211 1191 255 1215; x_wconf 89' lang='lat' dir='ltr'><em>ac</em></span> <span class='ocrx_word' id='word_1_133' title='bbox 277 1191 368 1227; x_wconf 87' lang='lat' dir='ltr'><em>pace</em></span> <span class='ocrx_word' id='word_1_134' title='bbox 386 1181 468 1228; x_wconf 83' lang='lat' dir='ltr'><em>pati</em></span> <span class='ocrx_word' id='word_1_135' title='bbox 496 1181 657 1229; x_wconf 82' lang='lat' dir='ltr'><em>legitima</em></span> <span class='ocrx_word' id='word_1_136' title='bbox 679 1182 969 1229; x_wconf 66' lang='lat' dir='ltr'><em>⁴imperia-possis.</em></span> <span class='ocrx_word' id='word_1_137' title='bbox 1025 1181 1154 1220; x_wconf 84' lang='lat' dir='ltr'><em>Quum</em></span> <span class='ocrx_word' id='word_1_138' title='bbox 1173 1192 1225 1217; x_wconf 76' lang='lat' dir='ltr'><em>sev</em></span> 
     </span>
    </p>
   </div>
   <div class='ocr_carea' id='block_1_5' title="bbox 103 1240 1213 1419">
    <p class='ocr_par' dir='ltr' id='par_1_5' title="bbox 103 1240 1213 1419">
     <span class='ocr_line' id='line_1_18' title="bbox 103 1240 1213 1293; baseline 0.001 -15"><span class='ocrx_word' id='word_1_139' title='bbox 103 1240 200 1278; x_wconf 88' lang='lat' dir='ltr'><em>nihil</em></span> <span class='ocrx_word' id='word_1_140' title='bbox 225 1242 364 1278; x_wconf 80' lang='lat' dir='ltr'><em>morari</em></span> <span class='ocrx_word' id='word_1_141' title='bbox 396 1243 618 1290; x_wconf 87' lang='lat' dir='ltr'><em>magistrum</em></span> <span class='ocrx_word' id='word_1_142' title='bbox 638 1244 806 1292; x_wconf 85' lang='lat' dir='ltr'><em>equitum</em></span> <span class='ocrx_word' id='word_1_143' title='bbox 825 1244 1126 1293; x_wconf 84' lang='lat' dir='ltr'><em>pronunciasset,</em></span> <span class='ocrx_word' id='word_1_144' title='bbox 1148 1244 1213 1279; x_wconf 89' lang='lat' dir='ltr'><em>de-</em></span> 
     </span>
     <span class='ocr_line' id='line_1_19' title="bbox 105 1306 1211 1357; baseline 0.001 -16"><span class='ocrx_word' id='word_1_145' title='bbox 105 1318 274 1355; x_wconf 86' lang='lat' dir='ltr'><em>gressum</em></span> <span class='ocrx_word' id='word_1_146' title='bbox 300 1320 386 1343; x_wconf 90' lang='lat' dir='ltr'><em>eum</em></span> <span class='ocrx_word' id='word_1_147' title='bbox 413 1306 555 1356; x_wconf 87' lang='lat' dir='ltr'><em>templo</em></span> <span class='ocrx_word' id='word_1_148' title='bbox 578 1306 686 1342; x_wconf 87' lang='lat' dir='ltr'><em>laetus</em></span> <span class='ocrx_word' id='word_1_149' title='bbox 705 1314 873 1349; x_wconf 85' lang='lat' dir='ltr'><em>senatus,</em></span> <span class='ocrx_word' id='word_1_150' title='bbox 893 1306 1017 1343; x_wconf 79' lang='lat' dir='ltr'><em>laetior</em></span> <span class='ocrx_word' id='word_1_151' title='bbox 1035 1306 1211 1357; x_wconf 89' lang='lat' dir='ltr'><em>populus,</em></span> 
     </span>
     <span class='ocr_line' id='line_1_20' title="bbox 104 1369 1212 1419; baseline 0.002 -15"><span class='ocrx_word' id='word_1_152' title='bbox 104 1369 337 1413; x_wconf 85' lang='lat' dir='ltr'><em>circumfusi,</em></span> <span class='ocrx_word' id='word_1_153' title='bbox 367 1383 411 1406; x_wconf 90' lang='lat' dir='ltr'><em>ac</em></span> <span class='ocrx_word' id='word_1_154' title='bbox 443 1369 676 1418; x_wconf 79' lang='lat' dir='ltr'><em>gratulantes</em></span> <span class='ocrx_word' id='word_1_155' title='bbox 706 1370 795 1405; x_wconf 86' lang='lat' dir='ltr'><em>hinc</em></span> <span class='ocrx_word' id='word_1_156' title='bbox 821 1370 1004 1418; x_wconf 78' lang='lat' dir='ltr'><em>magistro</em></span> <span class='ocrx_word' id='word_1_157' title='bbox 1028 1371 1212 1419; x_wconf 86' lang='lat' dir='ltr'><em>equitum,</em></span> 
     </span>
    </p>
   </div>
   <div class='ocr_carea' id='block_1_6' title="bbox 102 1431 1256 1483">
    <p class='ocr_par' dir='ltr' id='par_1_6' title="bbox 102 1431 1256 1483">
     <span class='ocr_line' id='line_1_21' title="bbox 102 1431 1256 1483; baseline 0.001 -16"><span class='ocrx_word' id='word_1_158' title='bbox 102 1431 193 1468; x_wconf 86' lang='lat' dir='ltr'><em>hinc</em></span> <span class='ocrx_word' id='word_1_159' title='bbox 213 1432 404 1476; x_wconf 82' lang='lat' dir='ltr'><em>dictatori,</em></span> <span class='ocrx_word' id='word_1_160' title='bbox 424 1433 646 1482; x_wconf 85' lang='lat' dir='ltr'><em>prosequuti</em></span> <span class='ocrx_word' id='word_1_161' title='bbox 671 1439 778 1469; x_wconf 86' lang='lat' dir='ltr'><em>sunt:</em></span> <span class='ocrx_word' id='word_1_162' title='bbox 811 1433 1075 1481; x_wconf 88' lang='lat' dir='ltr'><em>firmatumque</em></span> <span class='ocrx_word' id='word_1_163' title='bbox 1094 1433 1214 1483; x_wconf 85' lang='lat' dir='ltr'><em>impe·</em></span> <span class='ocrx_word' id='word_1_164' title='bbox 1250 1449 1256 1454; x_wconf 45' lang='lat' dir='ltr'><strong><em>s</em></strong></span> 
     </span>
    </p>
   </div>
   <div class='ocr_carea' id='block_1_7' title="bbox 102 1495 1214 1671">
    <p class='ocr_par' dir='ltr' id='par_1_7' title="bbox 102 1495 1214 1671">
     <span class='ocr_line' id='line_1_22' title="bbox 102 1495 1214 1545; baseline 0.001 -14"><span class='ocrx_word' id='word_1_165' title='bbox 102 1495 387 1531; x_wconf 63' lang='lat' dir='ltr'><em>rium‘militare</em></span> <span class='ocrx_word' id='word_1_166' title='bbox 407 1495 509 1531; x_wconf 83' lang='lat' dir='ltr'><em>haud</em></span> <span class='ocrx_word' id='word_1_167' title='bbox 537 1496 660 1531; x_wconf 89' lang='lat' dir='ltr'><em>minus</em></span> <span class='ocrx_word' id='word_1_168' title='bbox 690 1495 859 1544; x_wconf 89' lang='lat' dir='ltr'><em>periculo</em></span> <span class='ocrx_word' id='word_1_169' title='bbox 887 1496 936 1535; x_wconf 87' lang='lat' dir='ltr'><em>Q.</em></span> <span class='ocrx_word' id='word_1_170' title='bbox 956 1495 1080 1538; x_wconf 90' lang='lat' dir='ltr'><em>Fabii,</em></span> <span class='ocrx_word' id='word_1_171' title='bbox 1100 1508 1214 1545; x_wconf 86' lang='lat' dir='ltr'><em>quam</em></span> 
     </span>
     <span class='ocr_line' id='line_1_23' title="bbox 103 1557 1212 1608; baseline 0.002 -15"><span class='ocrx_word' id='word_1_172' title='bbox 103 1558 289 1608; x_wconf 87' lang='lat' dir='ltr'><em>supplicio</em></span> <span class='ocrx_word' id='word_1_173' title='bbox 314 1557 520 1594; x_wconf 84' lang='lat' dir='ltr'><em>miserabili</em></span> <span class='ocrx_word' id='word_1_174' title='bbox 550 1557 801 1594; x_wconf 74' lang='lat' dir='ltr'><em>adolescentis</em></span> <span class='ocrx_word' id='word_1_175' title='bbox 826 1558 979 1602; x_wconf 89' lang='lat' dir='ltr'><em>Manlii,</em></span> <span class='ocrx_word' id='word_1_176' title='bbox 1003 1558 1212 1596; x_wconf 83' lang='lat' dir='ltr'><em>videbatur.</em></span> 
     </span>
     <span class='ocr_line' id='line_1_24' title="bbox 102 1621 1213 1671; baseline 0.001 -14"><span class='ocrx_word' id='word_1_177' title='bbox 102 1621 219 1658; x_wconf 87' lang='lat' dir='ltr'><em>Forte</em></span> <span class='ocrx_word' id='word_1_178' title='bbox 236 1623 291 1657; x_wconf 88' lang='lat' dir='ltr'><em>ita</em></span> <span class='ocrx_word' id='word_1_179' title='bbox 309 1634 355 1657; x_wconf 88' lang='lat' dir='ltr'><em>eo</em></span> <span class='ocrx_word' id='word_1_180' title='bbox 374 1634 476 1657; x_wconf 86' lang='lat' dir='ltr'><em>anno</em></span> <span class='ocrx_word' id='word_1_181' title='bbox 496 1622 635 1664; x_wconf 85' lang='lat' dir='ltr'><em>evenit,</em></span> <span class='ocrx_word' id='word_1_182' title='bbox 652 1628 707 1664; x_wconf 88' lang='lat' dir='ltr'><em>ut,</em></span> <span class='ocrx_word' id='word_1_183' title='bbox 724 1623 1034 1671; x_wconf 81' lang='lat' dir='ltr'><em>quotiescumque</em></span> <span class='ocrx_word' id='word_1_184' title='bbox 1050 1623 1213 1659; x_wconf 88' lang='lat' dir='ltr'><em>dictator</em></span> 
     </span>
    </p>
   </div>
   <div class='ocr_carea' id='block_1_8' title="bbox 102 1684 1219 1728">
    <p class='ocr_par' dir='ltr' id='par_1_8' title="bbox 102 1684 1219 1728">
     <span class='ocr_line' id='line_1_25' title="bbox 102 1684 1219 1728; baseline 0.003 -8"><span class='ocrx_word' id='word_1_185' title='bbox 102 1684 149 1721; x_wconf 85' lang='lat' dir='ltr'><em>ab</em></span> <span class='ocrx_word' id='word_1_186' title='bbox 170 1686 338 1721; x_wconf 81' lang='lat' dir='ltr'><em>exercitu</em></span> <span class='ocrx_word' id='word_1_187' title='bbox 365 1686 533 1728; x_wconf 84' lang='lat' dir='ltr'><em>recessit,</em></span> <span class='ocrx_word' id='word_1_188' title='bbox 553 1685 681 1721; x_wconf 89' lang='lat' dir='ltr'><em>hostes</em></span> <span class='ocrx_word' id='word_1_189' title='bbox 708 1687 747 1722; x_wconf 91' lang='lat' dir='ltr'><em>in</em></span> <span class='ocrx_word' id='word_1_190' title='bbox 771 1687 925 1723; x_wconf 87' lang='lat' dir='ltr'><em>Samnio</em></span> <span class='ocrx_word' id='word_1_191' title='bbox 945 1694 1186 1723; x_wconf 84' lang='lat' dir='ltr'><em>moverentur</em></span> <span class='ocrx_word' id='word_1_192' title='bbox 1199 1702 1219 1724; x_wconf 17' lang='grc' dir='ltr'><em>ιγ</em></span> 
     </span>
    </p>
   </div>
   <div class='ocr_carea' id='block_1_9' title="bbox 101 1748 1214 2174">
    <p class='ocr_par' dir='ltr' id='par_1_9' title="bbox 101 1748 1214 2174">
     <span class='ocr_line' id='line_1_26' title="bbox 103 1748 1212 1799; baseline 0.002 -15"><span class='ocrx_word' id='word_1_193' title='bbox 103 1754 270 1784; x_wconf 83' lang='lat' dir='ltr'><em>ceterum</em></span> <span class='ocrx_word' id='word_1_194' title='bbox 289 1748 328 1783; x_wconf 89' lang='lat' dir='ltr'><em>in</em></span> <span class='ocrx_word' id='word_1_195' title='bbox 347 1748 467 1783; x_wconf 88' lang='lat' dir='ltr'><em>oculis</em></span> <span class='ocrx_word' id='word_1_196' title='bbox 485 1748 699 1799; x_wconf 89' lang='lat' dir='ltr'><em>exemplum</em></span> <span class='ocrx_word' id='word_1_197' title='bbox 724 1756 805 1785; x_wconf 90' lang='lat' dir='ltr'><em>erat</em></span> <span class='ocrx_word' id='word_1_198' title='bbox 833 1751 882 1788; x_wconf 87' lang='lat' dir='ltr'><em>Q.</em></span> <span class='ocrx_word' id='word_1_199' title='bbox 902 1750 1041 1786; x_wconf 85' lang='lat' dir='ltr'><em>Fabius</em></span> <span class='ocrx_word' id='word_1_200' title='bbox 1060 1750 1117 1786; x_wconf 91' lang='lat' dir='ltr'><em>M.</em></span> <span class='ocrx_word' id='word_1_201' title='bbox 1133 1750 1212 1786; x_wconf 89' lang='lat' dir='ltr'><em>Va-</em></span> 
     </span>
     <span class='ocr_line' id='line_1_27' title="bbox 103 1810 1214 1862; baseline 0.003 -16"><span class='ocrx_word' id='word_1_202' title='bbox 103 1810 198 1847; x_wconf 89' lang='lat' dir='ltr'><em>lerio</em></span> <span class='ocrx_word' id='word_1_203' title='bbox 217 1810 358 1860; x_wconf 83' lang='lat' dir='ltr'><em>legato,</em></span> <span class='ocrx_word' id='word_1_204' title='bbox 377 1813 442 1860; x_wconf 91' lang='lat' dir='ltr'><em>qui</em></span> <span class='ocrx_word' id='word_1_205' title='bbox 468 1813 600 1847; x_wconf 84' lang='lat' dir='ltr'><em>castris</em></span> <span class='ocrx_word' id='word_1_206' title='bbox 626 1819 799 1862; x_wconf 80' lang='lat' dir='ltr'><em>praeerat,</em></span> <span class='ocrx_word' id='word_1_207' title='bbox 820 1826 868 1849; x_wconf 86' lang='lat' dir='ltr'><em>ne</em></span> <span class='ocrx_word' id='word_1_208' title='bbox 887 1826 999 1862; x_wconf 87' lang='lat' dir='ltr'><em>quam</em></span> <span class='ocrx_word' id='word_1_209' title='bbox 1021 1813 1097 1849; x_wconf 88' lang='lat' dir='ltr'><em>vim</em></span> <span class='ocrx_word' id='word_1_210' title='bbox 1122 1814 1214 1849; x_wconf 88' lang='lat' dir='ltr'><em>hos-</em></span> 
     </span>
     <span class='ocr_line' id='line_1_28' title="bbox 101 1874 1212 1922; baseline 0.003 -13"><span class='ocrx_word' id='word_1_211' title='bbox 101 1874 198 1909; x_wconf 86' lang='lat' dir='ltr'><em>tium</em></span> <span class='ocrx_word' id='word_1_212' title='bbox 227 1875 362 1922; x_wconf 83' lang='lat' dir='ltr'><em>magis,</em></span> <span class='ocrx_word' id='word_1_213' title='bbox 383 1887 495 1922; x_wconf 88' lang='lat' dir='ltr'><em>quam</em></span> <span class='ocrx_word' id='word_1_214' title='bbox 522 1881 667 1911; x_wconf 88' lang='lat' dir='ltr'><em>trucem</em></span> <span class='ocrx_word' id='word_1_215' title='bbox 693 1875 888 1912; x_wconf 81' lang='lat' dir='ltr'><em>dictatoris</em></span> <span class='ocrx_word' id='word_1_216' title='bbox 914 1877 1022 1919; x_wconf 87' lang='lat' dir='ltr'><em>iram,</em></span> <span class='ocrx_word' id='word_1_217' title='bbox 1049 1877 1212 1913; x_wconf 89' lang='lat' dir='ltr'><em>timeret.</em></span> 
     </span>
     <span class='ocr_line' id='line_1_29' title="bbox 103 1935 1211 1986; baseline 0.002 -14"><span class='ocrx_word' id='word_1_218' title='bbox 103 1935 253 1984; x_wconf 88' lang='lat' dir='ltr'><em>Itaque,</em></span> <span class='ocrx_word' id='word_1_219' title='bbox 273 1936 565 1973; x_wconf 85' lang='lat' dir='ltr'><em>frumentatores</em></span> <span class='ocrx_word' id='word_1_220' title='bbox 580 1950 708 1986; x_wconf 88' lang='lat' dir='ltr'><em>quum,</em></span> <span class='ocrx_word' id='word_1_221' title='bbox 725 1939 970 1974; x_wconf 88' lang='lat' dir='ltr'><em>circumventi</em></span> <span class='ocrx_word' id='word_1_222' title='bbox 987 1951 1032 1974; x_wconf 87' lang='lat' dir='ltr'><em>ex</em></span> <span class='ocrx_word' id='word_1_223' title='bbox 1052 1939 1211 1981; x_wconf 88' lang='lat' dir='ltr'><em>insidiis,</em></span> 
     </span>
     <span class='ocr_line' id='line_1_30' title="bbox 102 1999 1212 2050; baseline 0.003 -16"><span class='ocrx_word' id='word_1_224' title='bbox 102 1999 189 2035; x_wconf 86' lang='lat' dir='ltr'><em>caesi</em></span> <span class='ocrx_word' id='word_1_225' title='bbox 215 1999 306 2034; x_wconf 86' lang='lat' dir='ltr'><em>loco</em></span> <span class='ocrx_word' id='word_1_226' title='bbox 328 2000 459 2048; x_wconf 87' lang='lat' dir='ltr'><em>iniquo</em></span> <span class='ocrx_word' id='word_1_227' title='bbox 485 2007 622 2043; x_wconf 82' lang='lat' dir='ltr'><em>essent,</em></span> <span class='ocrx_word' id='word_1_228' title='bbox 644 2001 827 2037; x_wconf 85' lang='lat' dir='ltr'><em>creditum</em></span> <span class='ocrx_word' id='word_1_229' title='bbox 852 2001 966 2050; x_wconf 84' lang='lat' dir='ltr'><em>vulgo</em></span> <span class='ocrx_word' id='word_1_230' title='bbox 986 2008 1056 2044; x_wconf 88' lang='lat' dir='ltr'><em>est,</em></span> <span class='ocrx_word' id='word_1_231' title='bbox 1077 2001 1212 2038; x_wconf 92' lang='lat' dir='ltr'><em>subve-</em></span> 
     </span>
     <span class='ocr_line' id='line_1_31' title="bbox 103 2061 1211 2112; baseline 0.002 -15"><span class='ocrx_word' id='word_1_232' title='bbox 103 2061 178 2097; x_wconf 85' lang='lat' dir='ltr'><em>niri</em></span> <span class='ocrx_word' id='word_1_233' title='bbox 197 2062 250 2099; x_wconf 90' lang='lat' dir='ltr'><em>eis</em></span> <span class='ocrx_word' id='word_1_234' title='bbox 270 2061 317 2097; x_wconf 82' lang='lat' dir='ltr'><em>ab</em></span> <span class='ocrx_word' id='word_1_235' title='bbox 338 2061 464 2110; x_wconf 84' lang='lat' dir='ltr'><em>legato</em></span> <span class='ocrx_word' id='word_1_236' title='bbox 483 2064 666 2112; x_wconf 88' lang='lat' dir='ltr'><em>potuisse,</em></span> <span class='ocrx_word' id='word_1_237' title='bbox 688 2065 726 2110; x_wconf 75' lang='lat' dir='ltr'><em>ni</em></span> <span class='ocrx_word' id='word_1_238' title='bbox 745 2065 868 2100; x_wconf 85' lang='lat' dir='ltr'><em>tristia</em></span> <span class='ocrx_word' id='word_1_239' title='bbox 888 2065 1011 2101; x_wconf 88' lang='lat' dir='ltr'><em>edicta</em></span> <span class='ocrx_word' id='word_1_240' title='bbox 1029 2064 1211 2100; x_wconf 82' lang='lat' dir='ltr'><em>exhorru-</em></span> 
     </span>
     <span class='ocr_line' id='line_1_32' title="bbox 105 2123 1213 2174; baseline 0.005 -16"><span class='ocrx_word' id='word_1_241' title='bbox 105 2123 208 2160; x_wconf 84' lang='lat' dir='ltr'><em>isset.</em></span> <span class='ocrx_word' id='word_1_242' title='bbox 262 2124 322 2160; x_wconf 87' lang='lat' dir='ltr'><em>Ea</em></span> <span class='ocrx_word' id='word_1_243' title='bbox 340 2137 490 2174; x_wconf 89' lang='lat' dir='ltr'><em>quoque</em></span> <span class='ocrx_word' id='word_1_244' title='bbox 516 2126 571 2162; x_wconf 86' lang='lat' dir='ltr'><em>ira</em></span> <span class='ocrx_word' id='word_1_245' title='bbox 589 2125 770 2162; x_wconf 86' lang='lat' dir='ltr'><em>alienavit</em></span> <span class='ocrx_word' id='word_1_246' title='bbox 795 2140 818 2163; x_wconf 91' lang='lat' dir='ltr'><em>a</em></span> <span class='ocrx_word' id='word_1_247' title='bbox 843 2128 1027 2163; x_wconf 83' lang='lat' dir='ltr'><em>dictatore</em></span> <span class='ocrx_word' id='word_1_248' title='bbox 1049 2127 1213 2164; x_wconf 88' lang='lat' dir='ltr'><em>militum</em></span> 
     </span>
    </p>
   </div>
   <div class='ocr_carea' id='block_1_10' title="bbox 106 2188 1212 2290">
    <p class='ocr_par' dir='ltr' id='par_1_10' title="bbox 106 2188 1212 2290">
     <span class='ocr_line' id='line_1_33' title="bbox 106 2188 1212 2243; baseline 0.004 -18"><span class='ocrx_word' id='word_1_249' title='bbox 106 2188 267 2233; x_wconf 86' lang='lat' dir='ltr'><em>animos,</em></span> <span class='ocrx_word' id='word_1_250' title='bbox 280 2188 364 2240; x_wconf 86' lang='lat' dir='ltr'><em>jam</em></span> <span class='ocrx_word' id='word_1_251' title='bbox 389 2197 477 2227; x_wconf 88' lang='lat' dir='ltr'><em>ante</em></span> <span class='ocrx_word' id='word_1_252' title='bbox 496 2191 679 2233; x_wconf 86' lang='lat' dir='ltr'><em>infensos,</em></span> <span class='ocrx_word' id='word_1_253' title='bbox 701 2192 802 2240; x_wconf 92' lang='lat' dir='ltr'><em>quod</em></span> <span class='ocrx_word' id='word_1_254' title='bbox 821 2191 1057 2243; x_wconf 84' lang='lat' dir='ltr'><em>inplacabilis</em></span> <span class='ocrx_word' id='word_1_255' title='bbox 1076 2191 1212 2233; x_wconf 79' lang='lat' dir='ltr'><em>Q.Fa-</em></span> 
     </span>
     <span class='ocr_line' id='line_1_34' title="bbox 600 2254 714 2290; baseline -0.009 0"><span class='ocrx_word' id='word_1_256' title='bbox 600 2254 630 2290; x_wconf 91' lang='lat' dir='ltr'>C</span> <span class='ocrx_word' id='word_1_257' title='bbox 651 2267 671 2290; x_wconf 89' lang='lat' dir='ltr'><em>c</em></span> <span class='ocrx_word' id='word_1_258' title='bbox 691 2254 714 2289; x_wconf 88' lang='grc'>4</span> 
     </span>
    </p>
   </div>
   <div class='ocr_carea' id='block_1_11' title="bbox 1545 726 1573 2598">
    <p class='ocr_par' dir='ltr' id='par_1_11' title="bbox 1545 726 1573 2598">
     <span class='ocr_line' id='line_1_35' title="bbox 1545 726 1573 2598; baseline 0 0"><span class='ocrx_word' id='word_1_259' title='bbox 1545 726 1573 2598; x_wconf 95' lang='lat' dir='ltr'><em> </em></span> 
     </span>
    </p>
   </div>
   <div class='ocr_carea' id='block_1_12' title="bbox 1568 475 1573 604">
    <p class='ocr_par' dir='ltr' id='par_1_12' title="bbox 1568 475 1573 604">
     <span class='ocr_line' id='line_1_36' title="bbox 1568 475 1573 538; baseline 0 0"><span class='ocrx_word' id='word_1_260' title='bbox 1568 475 1573 538; x_wconf 77' lang='grc' dir='ltr'><strong><em>ἒ</em></strong></span> 
     </span>
     <span class='ocr_line' id='line_1_37' title="bbox 1568 578 1571 592; baseline 0 0"><span class='ocrx_word' id='word_1_261' title='bbox 1568 578 1571 592; x_wconf 82' lang='grc' dir='ltr'><strong>ἰ</strong></span> 
     </span>
     <span class='ocr_line' id='line_1_38' title="bbox 1568 595 1571 604; baseline 0 0"><span class='ocrx_word' id='word_1_262' title='bbox 1568 595 1571 604; x_wconf 86' lang='grc'><em>.</em></span> 
     </span>
    </p>
   </div>
  </div>
 </body>
</html>
