1573 2598
84 608 282 639 Communia

84 661 173 682 sacra
189 651 284 681 Rom.

85 701 117 724 et
133 695 260 725 Latino—

86 747 171 769 rum.

299 181 356 234 64
749 193 795 223 τ.
818 194 952 225 mvn

298 294 371 331 que
397 281 575 325 habitari,
595 292 718 330 neque
740 283 838 320 arari
865 282 922 321 fas
943 290 1037 329 erat,
1057 297 1137 323 non
1163 288 1285 337 mag-is
1312 290 1415 340 quod

297 352 385 397 post
410 359 559 382 murum
583 351 695 390 esset,
726 359 840 396 quam
868 349 970 398 quod
997 362 1125 387 murus
1150 357 1242 402 post
1264 353 1318 397 id,
1342 367 1415 405 po-

297 410 474 447 moerium
501 409 670 446 Romani
707 410 972 460 adpellarunt:
1012 420 1050 450 et
1082 414 1123 450 in
1154 415 1258 452 urbis
1291 417 1415 454 incre-

297 479 428 510 mento
461 485 621 523 semper,
651 480 834 522 quantum
862 477 1006 513 moenia
1039 490 1264 527 processura
1291 487 1414 526 erant,

297 542 448 574 tantum
465 537 618 573 termini
637 537 677 573 hi
697 540 906 576 consecrati
925 540 1228 590 proferebantur.

352 600 478 638 XLV.
506 601 633 638 Aucta
651 601 804 638 civitate
822 603 1083 652 magnitudine
1103 606 1220 650 urbis,
1240 607 1415 646 formatis

300 665 475 702 omnibus
502 665 603 701 domi
626 671 664 701 et
687 666 734 702 ad
755 665 845 703 belli
864 674 901 703 et
924 668 971 704 ad
998 670 1101 719 pacis
1125 684 1227 715 usus,
1247 685 1296 709 ne
1318 685 1417 710 sem—

301 742 367 780 per
386 729 499 766 armis
519 741 609 779 opes
630 729 928 779 adquirerentur,
950 724 1110 770 consilio
1132 747 1271 784 augere
1297 737 1417 787 impe-

301 796 398 832 rium
417 801 575 832 conatus
596 801 666 838 est,
688 795 799 831 simul
827 803 866 832 et
893 797 1048 847 aliquod
1075 799 1211 836 addere
1239 801 1324 838 nrbi
1353 802 1418 839 de-

302 877 378 902 cus.
434 864 522 901 Jam
558 870 639 900 tum
672 871 751 900 erat
786 864 958 901 inclitum
986 865 1122 902 Dianae
1151 866 1328 916 Ephesiae
1360 865 1419 903 fa-

303 941 415 964 num:
448 928 485 964 id
508 928 760 964 communiter
785 941 808 964 a
833 928 1047 965 civitatibus
1069 930 1171 966 Asiae
1194 929 1338 966 factum
1361 930 1419 967 fa-

302 1005 365 1029 ma
391 991 551 1029 ferebat.
607 991 736 1030 Quum
759 1004 984 1028 consensum
1013 992 1194 1042 Deosque
1222 994 1421 1030 consocia-

302 1063 364 1093 tos
383 1056 553 1092 laudaret
572 1055 665 1090 mire
687 1055 836 1091 Servius
859 1055 959 1091 inter
984 1068 1157 1105 proceres
1176 1055 1420 1101 Latinorum,

304 1133 388 1157 cum
418 1119 553 1169 quibus
583 1118 733 1168 publice
757 1119 1008 1168 privatimque
1029 1120 1197 1170 hospitia
1216 1120 1421 1158 amicitias·

303 1198 376 1235 que
409 1185 454 1221 de
490 1183 676 1220 industria
704 1181 888 1232 junxerat
903 1199 913 1229 5
946 1197 1045 1235 saepe
1081 1185 1253 1221 iterando
1291 1185 1421 1222 eadem

304 1248 468 1300 perpulit
504 1248 672 1289 tandem,
712 1253 753 1282 ut
782 1246 918 1284 Romae
954 1247 1086 1284 fanum
1115 1248 1252 1285 Dianae
1289 1248 1419 1300 populi

305 1314 436 1351 Latini
455 1326 540 1349 cum
559 1311 701 1363 populo
715 1311 894 1348 Romano
914 1311 1094 1349 facerent.
1149 1313 1209 1349 Ea
1228 1320 1309 1349 erat
1328 1326 1420 1349 con-

304 1379 434 1422 fessio,
455 1384 568 1428 caput
591 1389 716 1413 rerum
734 1376 901 1413 Romam
927 1389 1021 1420 esse,
1042 1377 1088 1414 de
1116 1390 1192 1427 quo
1219 1378 1333 1414 toties
1360 1390 1419 1414 ar-

304 1444 374 1480 mis
401 1449 586 1479 certatum
609 1441 745 1478 fuerat.
802 1441 847 1477 Id
876 1454 1103 1491 quamquam
1133 1441 1314 1478 omissum
1336 1440 1419 1492 jam

305 1521 351 1545 ex
374 1508 544 1544 omnium
568 1519 656 1543 cura
673 1506 915 1549 Latinorum,
937 1506 986 1542 ob
1012 1519 1091 1542 rem
1115 1507 1228 1542 toties
1257 1505 1420 1543 infeliei-

305 1578 363 1608 ter
391 1577 578 1607 tentatam
610 1570 737 1612 armis,
768 1569 989 1614 videbatur3
1021 1570 1087 1606 uni
1121 1582 1160 1605 se
1193 1582 1239 1605 ex
1270 1569 1419 1606 Sabinis

303 1636 382 1673 fors
413 1636 502 1672 dare
529 1636 610 1671 visa
637 1640 694 1670 est
722 1635 871 1684 privato
902 1634 1062 1670 consilio
1087 1635 1234 1684 imperii
1263 1646 1421 1684 recupe-

303 1700 424 1737 randi.
480 1699 559 1735 Bos
578 1699 619 1734 in
639 1697 788 1734 Sabinis
807 1703 899 1734 nata
918 1698 1067 1734 cuidam
1090 1696 1342 1748 patrifamiliae
1361 1697 1420 1734 di-

303 1764 415 1807 citur,
448 1762 620 1799 miranda
654 1761 915 1809 magnitudine
952 1774 995 1797 ac
1032 1762 1167 1811 specie.
1223 1760 1319 1798 Fixa
1353 1773 1424 1811 per

304 1827 440 1864 multas
462 1834 590 1863 aetates
611 1838 754 1862 cornua
772 1825 810 1861 in
823 1824 1011 1862 vestibulo
1030 1824 1161 1875 templi
1180 1824 1315 1861 Dianae
1335 1837 1420 1861 mo-

302 1899 526 1928 numentum
548 1892 582 1927 ei
603 1890 707 1927 fuere
729 1890 924 1927 miraculo.
981 1889 1142 1932 Habita,
1168 1897 1210 1925 ut
1239 1895 1333 1932 erat,
1360 1901 1418 1926 res

300 1957 466 2007 prodigii
494 1956 579 1992 loco
609 1961 688 1991 est:
721 1962 760 1990 et
789 1955 958 1993 cecinere
977 1960 1095 1997 vates,
1120 1953 1225 2004 cujus
1255 1953 1418 1990 civitatis

301 2034 385 2058 eam
404 2022 494 2057 civis
513 2019 650 2056 Dianae
670 2018 904 2062 immolasset,
926 2018 980 2055 ibi
998 2018 1081 2054 fore
1106 2018 1328 2068 imperium3
1361 2017 1418 2054 id-

301 2097 374 2134 que
403 2097 552 2121 carmen
590 2091 811 2133 pervenerat
840 2084 887 2121 ad
917 2084 1128 2120 antistitem
1160 2083 1240 2120 fani
1267 2083 1418 2121 Dianae.

302 2149 479 2193 Sabinus,
507 2155 549 2185 ut
575 2149 696 2199 prima
721 2155 810 2198 apta
835 2148 914 2185 dies
940 2148 1124 2184 sacrificio
1143 2149 1223 2184 visa
1248 2154 1319 2191 est,
1346 2147 1420 2184 bo-

300 2227 385 2250 vem
413 2213 578 2250 Romam
607 2219 732 2249 actam
768 2213 920 2249 deducit
957 2213 1005 2248 ad
1035 2212 1166 2249 fanum
1194 2212 1345 2256 Dianae,
1379 2218 1417 2249 et

299 2286 390 2318 aute
424 2292 528 2316 aram
564 2278 709 2314 statuit.
765 2277 825 2314 Ibi
863 2278 1021 2315 antistes
1050 2277 1263 2321 Romanus,
1301 2289 1416 2327 quum

299 2355 386 2381 eum
422 2343 645 2394 magnitudo
673 2343 836 2381 victimae
864 2342 1056 2381 celebrata
1082 2342 1187 2381 fama
1220 2342 1415 2386 movisset,
