1573 2598
367 193 447 225 210
819 193 863 220 Τ.
889 192 1025 220 LIVII

150 278 192 308 'U-
210 277 246 307 C·
264 283 336 309 ³0³·
363 282 504 332 peritos
533 278 659 328 legum
689 279 969 327 peregrinarum
993 278 1040 314 ad
1060 277 1256 315 condenda
1277 292 1376 317 nova
1387 279 1477 331 jura

148 320 335 354 A'C‘449‘
365 347 447 382 usui
479 344 561 380 fore
590 342 805 380 credebant.
862 342 1090 392 Supplevere
1119 343 1232 378 ceteri
1269 356 1481 381 numerum.

365 409 507 444 Graves
528 418 678 456 quoqne
698 412 807 441 aetate
825 405 964 441 electos
984 405 1198 441 novissimis
1218 406 1404 456 suffragiis
1424 407 1480 443 fe-

363 478 466 515 runt,
487 483 563 519 quo
582 469 705 505 minus
724 469 902 504 ferociter
921 469 1082 505 aliorum
1108 469 1212 505 scitis
1237 470 1480 506 adversaren-

365 541 439 570 tur.
499 533 690 581 Regimen
725 533 844 567 totius
880 533 1123 580 magistratus
1161 544 1276 581 penes
1314 533 1480 582 Appium

147 601 320 632 Decemvi·
368 604 448 635 erat
476 598 604 633 favore
633 596 778 646 plebis:
819 596 986 644 adeoque
1015 608 1156 631 novum
1185 596 1258 632 sibi
1286 596 1482 644 ingenium

147 654 259 718 mrsu?
275 653 332 674 ³¹¹⁸
366 662 552 703 induerat,
574 667 616 695 ut
643 658 830 709 plebicola
851 650 1005 708 repente
1025 659 1222 708 omnisque
1242 672 1341 695 anrae
1359 672 1480 709 popu-

365 726 453 762 laris
480 730 654 773 captator
675 723 862 766 evade‘ret,
892 735 962 773 pro
989 723 1087 759 truci
1115 735 1289 772 saevoque
1317 723 1482 760 insecta-

364 797 448 826 tore
476 787 609 838 plebis.
665 786 827 823 Decimo
851 787 910 822 die
929 785 993 836 jus
1019 786 1162 836 populo
1188 786 1327 836 singuli
1349 786 1484 823 redde·

363 853 484 889 bant:
518 865 563 888 eo
593 851 652 887 die
680 863 794 901 penes
824 851 1044 900 praefectum
1066 849 1163 900 juris
1190 850 1310 886 fasces
1338 850 1482 886 ‹luode-

365 917 439 952 eim
468 921 601 951 erant:
631 914 787 962 collegis
815 925 952 949 novem
981 913 1120 962 singuli
1149 914 1297 950 accensi
1325 913 1483 963 adpare-

364 980 484 1016 bant:
517 985 555 1014 et
582 979 622 1014 in
651 978 763 1014 unica
789 977 993 1013 concordia
1021 978 1120 1013 inter
1147 978 1248 1027 ipsos
1279 977 1361 1026 (qui
1389 989 1483 1014 con·
1536 1008 1539 1010 .

367 1055 497 1079 sensus
527 1041 683 1092 privatis
712 1041 900 1076 interdum
930 1040 1074 1076 inutilis
1104 1041 1219 1087 esset)
1243 1052 1390 1076 summa
1417 1040 1484 1077 ad·
1534 1059 1549 1099 <2

150 1096 247 1170 {12ng
260 1106 331 1170 ἓξ·
367 1118 496 1142 versus
519 1104 612 1141 alios
638 1104 792 1152 aequitas
817 1110 909 1140 erat.
963 1102 1241 1140 Moderationis
1267 1115 1399 1140 eorum
1422 1116 1484 1140 ar-

151 1182 294 1213 cemvffi,
370 1174 593 1219 gumentum
629 1167 803 1218 exemplo
839 1169 950 1204 unius
986 1168 1040 1203 rei
1076 1176 1244 1211 notasse,
1275 1167 1365 1203 satis
1399 1167 1483 1205 erit.

364 1234 494 1273 Quum
523 1233 603 1267 sine
631 1231 903 1281 provocatione
926 1231 1044 1266 creati
1072 1236 1210 1274 essent,
1238 1230 1390 1266 defosso
1418 1242 1482 1266 ca-

364 1297 515 1339 davere,
546 1295 647 1330 domi
678 1293 777 1343 apud
805 1293 848 1329 P.
877 1293 1054 1336 Sestium,
1083 1294 1251 1343 patriciae
1280 1293 1403 1342 gentis
1426 1293 1483 1329 vi-

364 1372 461 1402 rum,
482 1358 652 1401 invento,
673 1357 898 1407 prolatoque
924 1357 963 1393 in
983 1357 1221 1400 concionem,
1244 1358 1282 1393 in
1309 1369 1349 1394 re
1368 1355 1484 1407 juxta

364 1422 568 1459 manifesta
603 1429 716 1471 atque
754 1422 888 1464 atroci,
927 1421 971 1457 C.
993 1420 1123 1456 -Julius
1161 1421 1348 1456 decemvir
1383 1421 1483 1457 diem

366 1486 491 1522 Sestio
520 1485 629 1528 dixit,
660 1491 698 1521 et
727 1491 926 1520 accusator
953 1484 1000 1520 ad
1027 1483 1210 1534 populum
1237 1485 1396 1527 exstitit,
1417 1496 1484 1520 cu-

358 1548 423 1599 jus
453 1549 506 1584 rei
528 1548 649 1598 judex
675 1548 866 1596 legitimus
896 1556 1003 1584 erat:
1036 1549 1269 1597 decessitque
1285 1547 1374 1598 jure
1399 1559 1483 1590 suo,

365 1618 410 1647 ut
445 1612 613 1647 demtum
649 1611 695 1647 de
723 1612 760 1647 vi
788 1612 1031 1660 magistratus
1060 1610 1191 1661 populi
1220 1610 1387 1647 libertati
1415 1611 1485 1647 ad-

358 1674 509 1725 jiceret.

419 1737 615 1774 XXXIV.
645 1738 775 1778 Quum
802 1744 996 1787 promtum
1023 1739 1097 1774 hoc
1119 1737 1185 1787 jus
1204 1737 1306 1774 velut
1331 1751 1377 1774 ex
1396 1750 1485 1775 ora-

368 1802 454 1838 culo
490 1803 753 1852 incorruptum
790 1803 931 1852 pariter
960 1802 1007 1838 ab
1036 1803 1095 1838 his
1125 1804 1261 1838 summi
1290 1802 1483 1851 infimique

366 1865 524 1909 ferrent,
549 1873 629 1901 tum
658 1865 804 1915 legibus
834 1866 1039 1902 condendis
1067 1879 1183 1915 opera
1208 1865 1389 1902 dabatur:
1422 1866 1481 1901 in·

369 1930 548 1978 gentique
576 1931 775 1966 hominum
804 1931 1089 1979 exspectatione
1117 1930 1321 1979 propositis
1351 1930 1482 1966 decem

367 1992 521 2035 tabulis,
551 1993 733 2043 populum
762 1993 809 2028 ad
837 1994 1061 2029 concionem
1091 1993 1394 2028 advocaverunt:
1427 1998 1481 2035 et,

149 2051 338 2123 ξξὶἲῗεξᾶ·
369 2058 461 2104 quod
487 2057 625 2099 bonum,
644 2057 826 2106 fcmstum,
843 2056 1009 2105 felixque
1032 2058 1244 2104 reipublicae,
1273 2058 1368 2105 ipsis,
1397 2057 1482 2092 libe-

148 2145 229 2175 μω
241 2137 355 2166 ferunt.
368 2123 484 2169 risque
509 2133 627 2157 eorum
653 2126 750 2162 esset,
778 2123 840 2162 ire,
864 2126 899 2157 et
927 2122 1038 2169 legere
1063 2122 1152 2167 leges
1176 2122 1376 2169 propositas
1397 2119 1483 2170 jus·

368 2197 460 2221 sere.
519 2185 580 2228 Se,
601 2191 772 2233 quantum
792 2187 908 2221 elecem
931 2186 1111 2222 hominum
1136 2186 1283 2233 ingeniis
1304 2186 1483 2232 provideri

362 2251 536 2297 potuerit,
557 2250 711 2286 omnibus
727 2252 871 2285 summis
890 2250 1082 2299 infimisque
1092 2248 1180 2295 jura
1199 2260 1360 2297 aequasse.
1394 2249 1483 2285 Plus

331 2359 336 2365 x
364 2312 498 2360 pollere
532 2313 725 2350 multorum
763 2315 903 2360 ingenia
940 2314 1165 2361 consiliaque.
1225 2313 1411 2349 Versarent
1445 2313 1482 2349 in

1519 2112 1573 2598 Wsswsswv‘
1559 2074 1569 2091 ι,
1540 2011 1566 2026 -·
