1573 2598
149 311 194 342 U.
210 310 247 341 C.
264 317 338 345 294.

147 355 189 386 A.
201 354 241 385 C.
259 361 333 386 458.

157 944 269 983 Pugna
285 942 339 972 ad-

145 996 263 1018 ,versus
279 985 361 1016 Her-

155 1031 304 1061 denium.

162 1455 306 1486 Valerius

161 1508 224 1529 cos.
242 1507 328 1529 occi·

160 1543 257 1572 ditur.

168 1969 314 2008 Recupe-

167 2018 252 2042 ratur
265 2012 326 2041 Ca-

168 2054 330 2096 pitolium.

366 215 446 259 19²
677 261 688 269 ν
833 216 878 244 Τ.
903 213 1036 244 mvn

362 302 446 341 luce
474 302 681 345 venientes,
711 301 843 352 procul
871 303 1034 352 speciem
1067 299 1236 338 hostium
1271 301 1475 353 praebuere.

363 367 482 417 AEqui
512 373 577 403 aut
602 365 732 402 Volsci
756 367 885 403 venire
910 367 979 403 visi
1008 372 1119 402 sunt:
1151 365 1299 410 deinde,
1328 366 1394 404 ubi
1411 380 1476 405 va·

364 445 434 468 nus
453 438 575 467 terror
595 428 703 473 abiit,
724 432 869 481 accepti
895 430 934 466 in
954 430 1100 474 urbem,
1120 430 1270 479 agmine
1295 431 1335 467 in
1353 431 1480 468 forum

363 495 619 531 descendunt:
653 493 705 530 ibi
727 492 811 544 jam
832 494 876 531 P.
895 493 1083 537 Valerius,
1113 494 1246 530 relicto
1275 494 1323 531 ad
1349 501 1480 546 porta-

364 571 447 595 rum
479 557 653 608 praesidia
681 556 840 606 collega,
871 557 1084 594 instruebat
1113 559 1245 595 aciem.
1301 558 1481 595 Auctori-

365 628 423 659 tas
443 623 512 658 viri
534 627 717 665 moverat,
738 622 984 665 adfirmantis,
1008 623 1188 671 Capitolio
1207 628 1429 672 recuperato,
1449 627 1485 659 et

366 688 451 724 urbe
466 691 614 735 pacata,
633 688 665 722 si
683 688 819 723 edoceri
835 699 872 723 se
888 689 1023 730 sissent,
1041 699 1119 735 quae
1135 686 1247 735 fraus
1272 689 1316 725 ab
1338 688 1486 724 tribunis

367 753 507 788 occulta
524 752 562 787 in
582 751 657 798 lege
673 749 850 799 ferretur,
871 764 1058 788 memorem
1075 763 1111 787 se
1133 751 1307 797 majorum
1327 765 1484 794 suorum,

367 825 557 850 memorem
581 814 807 861 cognominis,
834 813 928 861 qaod
951 814 1078 861 populi
1103 813 1242 849 colendi
1268 814 1364 849 velat
1388 813 1487 849 here·

369 877 504 913 ditaria
531 889 618 913 cura.
643 877 708 912 sibi
735 889 756 911 α
784 874 975 922 majoribus
1004 876 1143 911 tradita
1170 880 1270 918 esset,
1300 876 1489 911 concilium

368 939 480 986 plebis
512 950 583 974 non
614 938 869 985 impediturum.
926 937 1043 973 Hunc
1080 937 1212 973 ducem
1251 937 1384 979 secuti,
1421 948 1489 973 ne-

372 1002 576 1052 quidquam
597 1001 888 1038 reclamantibus
913 1001 1090 1044 tribunis,
1111 1001 1149 1036 in
1173 1000 1311 1036 clivum
1330 1000 1487 1050 Capito-

372 1066 493 1103 linum
521 1066 672 1114 erigunt
701 1065 842 1101 aciem:
876 1064 1096 1114 adjungitur
1124 1071 1163 1101 et
1190 1058 1407 1101 Tusculana
1435 1064 1489 1101 le-

375 1131 461 1180 gio:
501 1137 645 1167 certare
682 1130 775 1165 socii
804 1129 991 1178 civesque,
1028 1130 1102 1166 utri
1134 1135 1363 1180 recuperatae
1393 1130 1488 1166 arcis

375 1207 485 1231 suum
510 1194 622 1230 decus
648 1192 843 1229 facerent:
875 1193 951 1229 dux
974 1199 1131 1243 uterque
1147 1205 1235 1229 suos
1255 1193 1490 1229 adhortatur.

374 1259 581 1309 Trepidare
610 1264 694 1294 tum
726 1258 881 1294 hostes:
913 1270 983 1294 nec
1015 1257 1082 1294 ulli
1112 1259 1202 1295 satis
1234 1259 1303 1301 rei,
1336 1263 1491 1308 praeter-

374 1337 489 1374 quam
507 1323 610 1366 loco,
631 1322 744 1359 fidere
760 1336 767 1357 ε
799 1321 1075 1372 trepidantibus
1095 1321 1264 1358 inferunt
1283 1322 1391 1370 signa
1409 1320 1492 1356 Ro-

375 1389 480 1425 mani
499 1388 679 1436 sociique.
716 1385 805 1423 Jam
825 1386 863 1422 in
884 1385 1112 1422 vestibulum
1131 1390 1379 1436 perruperant
1396 1391 1493 1421 tem·

375 1452 445 1504 pli,
466 1465 581 1502 quum
599 1451 643 1489 P.
663 1450 850 1495 Valerius,
870 1451 968 1487 inter
989 1451 1172 1502 primores
1192 1462 1358 1501 pugnam
1378 1449 1494 1493 ciens,

378 1517 616 1553 interficitur.
672 1514 715 1551 P.
742 1514 968 1551 Volumnius
999 1514 1206 1551 consularis
1235 1513 1330 1550 vidit
1358 1512 1495 1549 caden-

377 1588 481 1618 tem:
512 1581 558 1624 is,
589 1580 678 1616 dato
706 1580 864 1628 negotio
894 1580 984 1623 suis,
1014 1585 1057 1616 ut
1085 1591 1224 1630 corpus
1255 1577 1495 1626 obtegerent,

380 1645 461 1695 ipse
482 1645 522 1680 in
545 1643 673 1680 locum
690 1644 885 1692 vicemque
905 1644 1069 1681 consulis
1089 1643 1276 1695 provolat.
1331 1642 1416 1679 Prae
1435 1654 1496 1678 ar-

381 1709 472 1745 dore
504 1707 710 1758 inpetuque
742 1714 858 1743 tantae
890 1708 945 1744 rei
976 1720 1108 1744 sensus
1140 1719 1220 1745 non
1248 1706 1418 1758 pervenit
1450 1705 1497 1742 ad

380 1773 566 1810 militem:
604 1772 708 1822 prius
737 1772 841 1816 vicit,
871 1784 985 1821 quam
1012 1785 1053 1809 se
1088 1784 1258 1824 pugnare
1294 1770 1376 1807 sine
1403 1769 1498 1807 duce

381 1838 552 1875 sentiret.
606 1836 724 1873 Multi
752 1836 923 1874 exsulum
953 1838 1055 1875 caede
1084 1851 1153 1875 sua
1180 1837 1371 1874 foedavere
1400 1842 1498 1873 tem-

382 1903 511 1953 plum3
542 1901 651 1938 multi
670 1902 745 1938 vivi
765 1902 865 1952 capti
881 1918 892 1948 3
924 1901 1144 1940 Herdonius
1165 1901 1399 1939 interfectus.
1437 1899 1500 1936 Ita

385 1966 617 2016 Capitolium
647 1972 922 2015 recuperatum.
978 1966 1040 2002 De
1069 1966 1240 2017 captiviS,
1271 1971 1314 2001 ut
1341 1964 1499 2014 quisque

384 2032 480 2068 liber
501 2038 567 2067 aut
591 2043 717 2067 servus
744 2038 856 2075 esset,
878 2043 954 2067 suae
982 2031 1146 2068 fortunae
1175 2043 1199 2067 a
1219 2041 1369 2079 quoque
1397 2040 1500 2065 sum-

385 2103 467 2133 tum
490 2095 716 2146 supplicium
735 2101 804 2132 est.
859 2095 1084 2132 Tusculanis
1114 2094 1245 2144 gratiae
1275 2100 1392 2131 actae:
1424 2093 1500 2130 Ca-

385 2160 562 2212 pitolium
594 2166 797 2210 purgatum
834 2167 948 2210 atque
985 2159 1199 2197 lustratum.
1254 2158 1302 2196 In
1333 2156 1499 2196 consulis

385 2225 539 2262 domum
564 2224 691 2275 plebes
709 2225 952 2275 quadrantes,
974 2231 1015 2261 ut
1040 2225 1172 2262 funere
1192 2223 1376 2276 ampliore
1393 2223 1500 2260 effer-

386 2296 502 2332 retur,
517 2288 683 2338 jactasse
703 2290 834 2327 fertur.

439 2353 557 2392 XIX.
586 2353 686 2392 Pace
713 2361 835 2408 parta,
861 2355 1003 2393 instare
1031 2363 1112 2392 tum
1141 2353 1286 2392 tribuni
1309 2350 1500 2396 Patribus,
