1573 2598
66 335 268 367 Pestilentia.

91 775 136 806 U.
154 774 190 805 C.
207 781 282 807 344.

92 820 132 849 A.
149 818 186 848 C.
203 825 277 850 408.

102 862 216 901 Inopia

101 905 246 943 frugum.

96 1863 137 1894 U.
155 1863 192 1892 C.
209 1868 283 1893 345.

95 1908 134 1937 Α.
152 1905 187 1937 C.
206 1911 279 1939 407.

105 1990 233 2022 Bellum

102 2044 181 2083 cum
197 2034 255 2065 AE-

104 2087 189 2116 quis.

288 146 374 213 3²24
727 159 731 163 '
754 170 800 201 r.
824 170 958 202 mvn

287 259 359 294 tim
378 256 482 301 anni,
501 255 606 293 velut
622 269 781 307 pensum
798 259 964 295 nominis
983 258 1225 309 familiaeque,
1246 256 1403 297 seditio-

289 330 356 359 nes
376 322 532 372 agrariis
552 321 698 371 legibus
717 323 1003 373 promulgandis
1023 325 1158 369 cieret;
1186 323 1405 375 pestilentia

291 392 437 429 coorta,
457 385 643 422 minacior
668 391 797 422 tamen
820 400 933 436 quam
960 388 1224 437 perniciosior,
1255 389 1401 436 cogita-

291 451 415 487 tiones
434 450 633 486 hominum
652 462 675 485 a
692 449 778 486 foro
797 451 1140 501 certaminibusque
1165 451 1326 502 publicis
1355 450 1404 487 ad

293 515 447 551 domum
466 526 668 562 curamque
696 527 898 564 corporum
926 517 1215 553 nutriendorum
1243 515 1402 552 avertit:

292 569 603 626 minusqueeam
633 576 853 614 damnosam
881 578 1011 624 fuisse,
1039 593 1152 629 quam
1180 579 1317 615 seditio
1344 577 1405 614 fu-

292 648 379 678 tura
396 640 525 683 fuerit,
547 640 715 677 credunt.
776 641 971 679 Defuncta
988 644 1142 680 civitate
1159 642 1406 693 plurimorum

293 705 450 748 morbis,
469 705 666 755 perpaucis
685 704 896 748 funeribus,
915 707 1156 756 pestilentem
1176 718 1317 742 annum
1346 705 1404 740 iu-

295 769 385 819 opia
403 768 570 816 frugum,
592 767 769 816 neglecto
784 768 888 804 cultu
902 782 1094 817 agrorum,
1111 772 1171 817 (ut
1189 768 1407 819 plerumque

295 834 354 880 fit)
376 833 538 882 excepit,
567 832 624 868 M.
644 832 798 882 Papirio
817 833 1011 877 Atratino,
1033 835 1077 870 C.
1096 834 1243 870 Nautio
1270 832 1415 870 Rutilo>

294 897 525 935 consulibus.
581 897 669 933 Jam
697 896 837 940 fames,
861 910 973 946 quam
1002 898 1233 948 pestilentia,
1261 898 1408 933 tristior

295 968 400 998 erat:
432 962 486 1005 ni,
509 962 670 998 dimissis
695 962 794 998 circa
821 975 951 998 omnes
981 962 1142 1012 populos
1172 962 1321 1011 legatis,
1342 961 1406 1010 qui

293 1027 498 1063 Etruscum
528 1038 644 1068 mare,
665 1026 804 1074 quique
831 1025 1002 1063 Tiberim
1031 1026 1224 1069 adcolunt,
1255 1026 1301 1062 ad
1329 1025 1408 1062 fru-

293 1098 465 1129 mentum
484 1091 741 1133 mercandum‚
763 1103 923 1126 annonae
943 1091 1043 1127 foret
1062 1091 1299 1126 subventum.
1337 1090 1406 1125 Su-

293 1154 409 1205 perbe
429 1154 476 1193 ab
498 1154 744 1197 Samnitibus,
764 1155 828 1203 qui
849 1154 1019 1204 Capuam
1038 1153 1231 1190 habebant
1251 1153 1409 1189 Cumas-

295 1232 381 1268 que,
415 1219 531 1268 legati
563 1219 747 1268 prohibiti
781 1219 1008 1255 commercio
1045 1224 1134 1254 sunt
1151 1233 1158 1254 ι
1197 1224 1330 1254 contra
1364 1229 1408 1252 ea

294 1283 460 1331 benigne
496 1282 544 1318 ab
582 1282 795 1318 Siculorum
831 1282 1001 1331 tyrannis
1038 1280 1181 1331 adjuti:
1222 1281 1406 1318 maximos

295 1353 526 1383 commeatus
546 1358 693 1382 summo
721 1345 885 1382 Etruriae
914 1345 1040 1381 studio
1069 1345 1217 1381 Tiberis
1243 1345 1405 1381 devexit.

295 1409 545 1446 Solitudinem
574 1410 612 1445 in
642 1410 794 1445 civitate
815 1422 914 1457 aegra
934 1410 1078 1459 experti
1098 1408 1270 1445 consules
1291 1415 1378 1444 sunt
1395 1423 1402 1443 ε

294 1486 424 1523 quum,
454 1474 493 1509 in
522 1472 730 1521 legationes
759 1486 837 1509 non
867 1473 949 1523 plus
979 1473 1136 1522 singulis
1167 1473 1414 1510 senatoribus

294 1538 543 1580 invenientes,
561 1538 683 1573 coacti
703 1544 791 1573 sunt
807 1538 917 1574 binos
937 1539 1081 1587 equites
1101 1537 1275 1587 adjicere.
1304 1539 1407 1574 Prae-

292 1607 465 1651 terquam
484 1601 530 1638 ab
551 1602 684 1638 morbo
705 1615 945 1652 annonaque,
965 1602 1061 1638 nihil
1089 1615 1134 1639 eo
1163 1603 1319 1639 biennio
1348 1604 1405 1639 in-

292 1666 423 1703 testini
443 1667 635 1702 externive
654 1667 885 1702 incommodi
904 1666 977 1702 fuit
994 1681 1002 1701 :
1035 1674 1075 1702 at
1094 1666 1158 1703 ubi
1187 1666 1244 1702 hae
1265 1667 1405 1703 sollici-

292 1732 442 1768 tudines
463 1731 681 1775 discessere,
701 1732 843 1774 omnia,
864 1731 999 1780 quibus
1018 1731 1164 1768 turbari
1183 1731 1297 1768 solita
1324 1739 1405 1769 erat

294 1796 441 1838 civitas,
463 1795 564 1831 domi
585 1795 787 1839 discordia,
806 1795 899 1831 foris
916 1795 1062 1832 ‘bellum
1081 1803 1267 1832 exortum.

347 1859 460 1896 LIII.
488 1859 556 1895 Μ’.
577 1859 753 1903 AEmilio,
777 1860 820 1897 C.
838 1859 991 1896 Valerio
1008 1860 1142 1897 Potito
1172 1860 1411 1904 consulibus,

296 1920 438 1961 bellum
473 1923 591 1973 AEqui
627 1924 834 1974 parabant:
867 1924 1030 1967 Volscis,
1064 1938 1291 1974 quamquam
1325 1939 1405 1964 non

296 1989 451 2040 publico
494 1988 670 2032 consilio,
709 1989 989 2039 capessentibus
1034 2002 1150 2033 arma,
1187 1990 1409 2028 voluntariis

296 2054 468 2090 mercede
496 2054 633 2089 secutis
662 2053 847 2090 militiam.
903 2054 965 2089 Ad
984 2066 1144 2102 quorum
1170 2054 1308 2092 famam
1338 2057 1409 2093 ho-

298 2118 411 2153 stium
434 2115 528 2166 (jam
544 2117 643 2152 enim
659 2117 697 2152 in
713 2116 894 2152 Latinum
913 2116 1197 2166 Hernicumque
1211 2125 1410 2157 transcen-

297 2181 432 2218 derant
449 2181 599 2230 agrum)
621 2180 806 2217 delectum
833 2180 1038 2217 habentem
1057 2181 1249 2217 Valerium
1271 2195 1408 2220 cousu-

294 2243 370 2282 lem
388 2245 444 2282 M.
459 2244 623 2282 Maenius
643 2244 816 2282 tribunus
835 2244 971 2296 plebiS‚
992 2245 1085 2294 legis
1106 2247 1264 2294 agrariae
1293 2247 1405 2291 lator,

290 2322 412 2359 vquum
431 2309 632 2361 inpediret,
648 2309 869 2360 auxilioque
885 2309 1029 2346 tribuni
1047 2322 1161 2347 nemo
1181 2311 1319 2349 invitus
1348 2325 1408 2349 sa-
