1573 2598
147 272 189 301 U.
207 270 243 300 C.
260 274 332 300 260.

145 314 183 344 A.
203 313 238 344 C.
252 321 325 347 492.

126 1997 230 2029 Variae
243 2007 315 2028 sen-

126 2043 234 2072 tentiae
251 2041 283 2071 in

125 2091 251 2116 senatu.

365 170 443 200 122
622 186 627 190 -
812 171 859 200 T.
886 173 1017 201 LIVII

360 259 416 296 las
449 257 647 295 consulum
676 270 794 308 prope
826 260 1077 298 convolavere
1108 263 1285 299 minimus
1315 266 1473 315 quisque

360 329 452 360 natu
471 323 642 363 Pastum,
663 320 838 358 abdicare
863 323 1103 360 consulatum
1124 324 1320 374 jubenteS,
1343 335 1382 364 et
1406 329 1471 365 de-

357 399 499 438 ponere
535 385 748 435 imperium,
780 386 828 422 ad
864 387 966 435 quod
1000 388 1183 425 tuendum
1220 391 1367 427 animus
1405 392 1470 429 de.-

356 456 466 487 esset.

409 512 568 549 XXIX.
599 512 770 560 Utraque
804 525 844 548 re
876 513 967 549 satis
1000 520 1171 563 experta,
1201 521 1282 551 tum
1319 516 1471 554 demum

354 576 527 614 consules
550 591 557 611 z
598 577 656 612 Ne
686 577 898 623 prcedictum
932 579 1076 625 negetis,
1108 579 1237 614 Patres
1269 583 1469 629 conscripti,

354 643 454 677 adest
478 642 598 688 ingens
626 641 763 676 seditio.
820 641 1060 684 Postulamus,
1091 648 1130 678 ut
1158 645 1197 685 ii,
1228 646 1288 692 qui
1319 647 1472 681 maxime

353 707 534 754 ignaviam
562 706 758 752 increpant,
788 706 906 741 adsint
932 706 1029 742 nobis
1057 707 1257 744 habentibus
1284 710 1469 747 delectum.

353 771 529 806 Acerrimi
549 768 712 817 cujusque
731 768 890 811 arbitrio,
912 771 1053 817 quando
1071 772 1122 806 ita
1139 772 1271 818 placet,
1291 785 1365 809 rem
1383 787 1467 822 age-

350 845 439 871 mus.
494 833 672 869 Redeunt
692 834 731 869 in
749 833 917 869 tribuual
933 850 942 878 3
976 835 1084 870 citari
1103 836 1329 872 nominatim
1349 851 1467 874 unum

350 910 397 936 ex
422 899 481 941 iis,
502 899 565 947 qui
590 898 629 933 in
653 904 860 947 conspectu
887 904 1009 941 erant,
1035 898 1159 935 dedita
1178 913 1295 948 opera
1311 900 1466 951 jubent.

349 961 479 1001 Quum
497 966 615 1017 stgiret
633 962 786 1004 tacitus,
807 967 846 996 et
865 962 965 997 circa
984 974 1069 997 eum
1088 961 1233 1011 aliquot
1251 964 1464 1008 hominum,

347 1037 396 1062 ne
421 1026 521 1062 forte
540 1024 758 1067 violaretur,
786 1025 1020 1060 constitisset
1045 1024 1195 1073 globus,
1223 1026 1395 1065 lictorem
1417 1029 1465 1066 ad

347 1101 434 1133 Qum
463 1088 636 1126 consules
666 1089 849 1124 mittunt:
881 1102 958 1137 quo
986 1089 1152 1139 repulso,
1178 1098 1260 1127 tum
1279 1105 1382 1136 vero,
1409 1095 1462 1130 in-

348 1157 495 1204 dignum
509 1155 660 1204 facinus
677 1167 759 1197 esse,
781 1153 1033 1196 clamitantes,
1060 1155 1124 1203 qui
1144 1154 1300 1191 Pati-um
1325 1170 1462 1194 consu-

345 1220 443 1258 libus
463 1220 634 1262 aderant,
655 1219 833 1255 devolant
851 1219 897 1255 de
918 1219 1114 1262 tribunali,
1135 1225 1178 1255 ut
1202 1219 1327 1256 lictori
1353 1223 1461 1257 auxi-

345 1283 398 1321 lio
427 1290 562 1320 essent.
621 1283 693 1319 Sed
722 1283 768 1319 ab
799 1282 947 1326 lictore,
976 1283 1072 1319 nihil
1101 1283 1202 1320 aliud
1233 1297 1347 1333 quam
1376 1298 1461 1335 pre·-

344 1349 509 1386 hendere
534 1348 743 1398 prohibito,
764 1360 880 1396 quum
902 1359 1104 1383 conversus
1131 1348 1168 1383 in
1195 1347 1328 1384 Patres
1354 1349 1461 1399 inpe-

344 1418 406 1450 tus
435 1420 547 1455 esset,
575 1411 773 1448 consulum
802 1411 1013 1447 intercursu
1041 1411 1123 1446 rixa
1150 1410 1279 1447 sedata
1309 1418 1388 1448 est:
1419 1413 1460 1449 in

344 1488 420 1526 qua
444 1483 586 1519 tamen,
608 1477 688 1512 sine
710 1475 847 1525 lapide,
872 1475 953 1510 sine
978 1473 1070 1517 telo,
1091 1474 1174 1524 plus
1200 1474 1375 1512 clamoris
1400 1483 1459 1512 at-

343 1552 417 1590 que
439 1541 592 1583 irarum,
614 1553 726 1588 quam
746 1538 908 1589 injuriae,
928 1538 1063 1574 fuerat.
1122 1539 1296 1581 Senatus,
1317 1540 1459 1576 tumul-

341 1611 453 1641 tuose
470 1611 641 1647 vocatus,
667 1602 938 1639 tumultuosius
966 1601 1188 1645 consulitur,
1210 1603 1459 1651 quaestionem

341 1667 623 1718 postulantibus
660 1668 720 1709 iis,
755 1668 818 1716 qui
855 1665 994 1716 pulsati
1029 1666 1193 1709 fuerant,
1232 1667 1457 1705 decernente

341 1733 578 1771 ferocissimo
598 1744 762 1781 quoque,
778 1744 857 1767 non
877 1731 1073 1767 sententiis
1094 1732 1228 1779 magis,
1249 1744 1362 1780 quam
1381 1731 1457 1768 cla-

341 1809 448 1834 more
476 1803 515 1833 et
543 1797 714 1846 strepitu.
769 1795 956 1838 Tandem,
982 1808 1098 1844 quum
1127 1796 1191 1831 irae
1219 1796 1457 1840 resedissent,

342 1861 659 1911 exprobrantibus
689 1859 922 1902 consulibus,
951 1858 1072 1896 nihilo
1104 1859 1187 1909 plus
1216 1860 1388 1896 sanitatis
1417 1861 1456 1896 in

341 1926 460 1968 curia,
491 1939 603 1974 quam
640 1926 679 1961 in
715 1925 815 1967 foro,
851 1936 945 1965 esse,
976 1924 1108 1959 ordine
1145 1922 1289 1959 consuli
1327 1925 1456 1974 coepit.

341 1989 435 2026 Tres
454 1989 559 2026 fuere
581 1989 790 2025 sententiae.
846 1987 890 2023 P.
911 1987 1104 2035 Virginius
1126 2000 1205 2023 rem
1227 2000 1305 2024 non
1324 1988 1457 2037 vulga-

342 2053 433 2091 bat:
467 2055 510 2090 de
528 2056 570 2090 iis
595 2059 748 2095 tantum,
776 2054 848 2101 qui,
867 2052 982 2101 fidem
1009 2053 1118 2088 secuti
1138 2052 1181 2088 P.
1204 2051 1346 2088 Servilii
1374 2065 1456 2089 con-

341 2119 440 2161 sulis,
482 2118 616 2161 Volsco,
654 2119 837 2159 Aurunco,
876 2116 1075 2164 Sabinoque
1109 2117 1319 2153 militassent
1353 2117 1456 2160 bello,

342 2183 519 2230 agendum
548 2181 735 2218 censebat.
791 2180 837 2216 T.
857 2179 1024 2222 Lartius,
1045 2181 1127 2216 Non
1150 2182 1188 2216 icl
1215 2186 1349 2228 tempus
1372 2181 1471 2223 esse,⁴

341 2250 383 2282 ut
401 2247 528 2281 merita
547 2245 790 2289 tantummodo
809 2244 1083 2280 exsolverentur:
1113 2248 1224 2280 totam
1239 2244 1375 2292 plebem
1389 2257 1458 2281 aere

342 2310 458 2346 alieno
480 2310 673 2347 demersam
693 2319 762 2346 esse
774 2325 787 2346 .·
815 2320 878 2345 nec
901 2309 978 2344 sisti
996 2319 1111 2357 posse,
1131 2309 1169 2344 ni
1192 2307 1350 2346 omnibus
1372 2319 1456 2347 con-

1543 2202 1555 2233 ᾖ.

1543 2286 1547 2294 .

1535 2298 1546 2322 ζ

1540 2322 1545 2335 4
