1573 2598
101 233 143 265 U.
160 234 197 265 C.
214 241 287 267 245.

102 278 143 308 A.
159 277 195 308 C.
215 283 287 314 507.

94 2214 231 2247 Abdicat
246 2225 278 2247 se

95 2259 277 2291 consulatu.

312 145 369 188 90
768 149 812 178 T.
837 149 969 179 nvn

312 235 348 270 vi
373 236 544 284 repetisse.
602 236 712 272 Pulso
729 236 910 286 Superbo,
936 249 1042 286 penes
1071 237 1287 275 Collatinum
1313 241 1422 289 impe-

312 298 407 333 rium
441 299 519 334 ess‘e.
578 299 720 335 Nescire
753 301 961 348 Tarquinios
989 302 1149 349 priuatos
1182 302 1294 337 vivere
1309 317 1320 337 .-
1354 314 1425 338 non

309 363 452 410 placere
477 374 630 399 nomen:
652 365 889 411 periculosum
918 366 1072 402 libertati
1100 379 1178 402 esse.
1235 366 1312 403 Hic
1348 369 1424 418 pri-

312 436 376 460 mo
399 424 537 460 sensim
559 425 789 461 tentantium
813 427 959 463 animos
986 440 1109 465 sermo
1128 441 1194 479 per
1221 436 1344 466 totam
1372 431 1426 467 cia

311 479 468 526 vitatem
494 496 550 526 est
578 490 700 532 datus,
730 490 1005 541 sollicitamque
1034 494 1248 543 suspicione
1276 494 1425 544 plebem

311 555 452 592 Brutus
480 555 526 592 ad
553 555 776 592 concionem
798 562 921 593 vocat.
977 557 1038 594 Ibi
1064 559 1234 594 omnium
1261 560 1424 609 primum

304 617 570 668 jusjurandum
598 617 729 667 populi
756 619 903 656 recitat.
959 621 1144 657 Neminem
1169 634 1317 669 regnare
1336 634 1424 671 pas-

310 697 422 727 surae,
451 697 514 721 nec
541 696 610 720 esse
628 683 764 727 Romae,
793 685 886 720 unde
909 686 1107 733 periculum
1135 687 1292 723 libertati
1308 687 1424 736 foret.

312 747 359 783 Id
380 760 518 784 summa
536 760 600 795 ope
622 748 789 783 tuendum
807 758 899 784 esse:
925 760 1036 796 neque
1051 749 1165 785 ullam
1182 761 1270 792 rem,
1291 762 1368 798 quae
1385 763 1426 786 eo

307 811 499 857 pertineat,
533 811 829 846 contemnendam.
886 810 1041 862 Invitum
1072 823 1108 847 se
1135 814 1248 848 dicere
1276 813 1429 850 hominis·

311 883 434 907 caussa
446 888 458 908 .-
486 883 548 907 nec
573 873 750 908 dictio-nm
767 871 896 920 fnisse,
923 875 960 909 ni
985 876 1115 910 caritas
1132 876 1329 923 reipublicae
1345 878 1424 913 vin-

310 942 415 972 ceret.
470 937 553 973 Non
572 939 710 973 credere
723 939 898 986 populum
918 939 1131 983 Romanum,
1150 943 1301 978 solidam
1321 944 1430 980 libere

311 1007 422 1038 tatem
439 1008 684 1051 recuperatam
703 1014 782 1039 esse.
820 1002 973 1050 Regium
988 1016 1110 1051 genus,
1129 1007 1266 1053 regium
1284 1019 1422 1051 nomen,

308 1077 379 1102 non
405 1067 518 1102 solum
545 1067 580 1101 in
607 1066 762 1107 civitate,
780 1065 841 1100 sed
868 1067 976 1101 etiam
1004 1067 1040 1102 in
1067 1068 1215 1116 imperio
1242 1081 1321 1106 esse.
1377 1070 1433 1107 Id·

309 1133 465 1181 olficere,
485 1133 523 1168 id
540 1131 675 1167 obstare
693 1131 860 1167 libertati.
914 1130 1024 1167 Hunc
1042 1135 1094 1175 tu,
1120 1132 1258 1182 inquit,
1280 1139 1343 1171 tua
1359 1147 1431 1172 υο-”

310 1195 461 1237 luntate,
499 1194 543 1230 L.
577 1195 760 1242 Tarquini,
798 1204 935 1229 remove
967 1198 1110 1230 metum.
1180 1195 1420 1242 Meminimus,

297 1257 479 1306 fatemur,
500 1256 629 1304 ejecisti
647 1268 753 1304 reges.
803 1255 950 1291 Absolve
967 1256 1166 1305 beneficium
1185 1262 1296 1294 tuum.
1343 1259 1422 1294 Au-

298 1320 364 1369 fer
383 1320 463 1355 hinc
480 1320 615 1366 regium
633 1329 768 1354 nomen,
825 1317 896 1354 Res
915 1323 994 1355 tuas
1018 1319 1081 1355 tibi
1107 1331 1175 1355 non
1202 1321 1316 1356 solum
1339 1321 1420 1356 red-

309 1383 392 1418 dent
410 1383 498 1418 cives
518 1382 583 1423 tui,
604 1384 748 1415 auctore
772 1392 827 1416 me
837 1397 849 1424 ,-
877 1381 949 1423 sed,
969 1383 1000 1416 si
1024 1382 1111 1429 quid
1135 1383 1242 1424 deest,
1260 1383 1424 1432 munifice

308 1433 497 1491 augebunt.
552 1443 699 1478 Amicus
727 1443 807 1478 abi:
843 1455 991 1479 exonera
1023 1445 1200 1479 civitatem
1226 1456 1317 1480 vano
1333 1443 1422 1492 for-

306 1513 401 1547 sitan
418 1515 525 1547 metu.
580 1509 640 1546 Ita
656 1521 861 1557 persuasum
880 1514 930 1545 est
948 1510 1086 1552 animis,
1108 1521 1185 1545 cum
1203 1515 1306 1557 gente
1331 1512 1420 1547 Tar-

308 1574 431 1621 quinia
457 1584 604 1620 regnum
633 1571 712 1608 hinc
743 1571 932 1607 abiturum.
990 1570 1146 1607 Consuli
1183 1572 1305 1620 primo
1340 1578 1431 1609 tam-

306 1646 415 1670 novae
451 1634 506 1670 rei
545 1646 589 1669 ac
626 1633 758 1669 subitae
796 1634 994 1669 admiratio
1037 1633 1240 1669 incluserat
1275 1647 1421 1671 vocem.

307 1694 446 1732 Dicere
482 1694 615 1730 deinde
651 1695 895 1745 incipientem
929 1696 1111 1746 primores
1149 1696 1310 1731 civitatis
1348 1697 1421 1732 cir-

309 1761 549 1804 cumsistunt,
570 1761 700 1797 eadem
718 1760 845 1796 multis
865 1760 1038 1811 precibus
1058 1766 1181 1798 orant.
1232 1760 1286 1796 Et
1305 1761 1423 1798 ceteri

309 1824 459 1876 quidem
480 1823 684 1860 movebant
709 1824 854 1860 minus:
887 1830 1089 1874 postquam
1115 1824 1178 1874 Sp.
1204 1822 1420 1867 Lucretius,

309 1887 432 1938 major
468 1893 579 1924 aetate
616 1900 659 1924 ac
696 1888 892 1936 dignitate,
930 1900 1037 1923 socer
1072 1893 1252 1937 praeterea
1288 1887 1418 1937 ipsius,

310 1963 421 2000 agere
450 1951 565 1994 varie,
596 1950 763 2000 rogando
798 1950 951 1986 alternis
979 1950 1254 1998 suadendoque,
1289 1950 1420 2000 coepit,

310 2022 353 2052 ut
371 2016 469 2052 vinci
485 2027 524 2051 se
545 2027 730 2051 consensu
749 2015 910 2050 civitatis
930 2020 1140 2065 pateretur,
1172 2015 1307 2050 timens
1328 2027 1420 2052 con-

311 2077 382 2122 sul,
403 2090 451 2114 ne
470 2078 710 2128 postmodum
728 2078 874 2129 privato
897 2078 969 2114 sibi
998 2079 1126 2114 eadem
1150 2077 1215 2114 illa
1240 2091 1325 2114 cum
1350 2077 1420 2114 bo-

310 2153 445 2178 norum
466 2141 681 2184 amissione,
702 2141 899 2190 additaque
921 2140 994 2176 alia
1016 2140 1168 2190 insuper
1197 2140 1419 2189 ignominia,

310 2209 535 2251 acciderent,
569 2208 756 2244 abdicavit
789 2220 828 2243 se
864 2206 1080 2243 consulatu:
1123 2207 1308 2256 rebusque
1344 2207 1420 2242 suis

311 2271 486 2309 omnibus
511 2271 713 2309 Lavinium
740 2270 945 2315 translatis,
967 2272 1117 2308 civitate
1143 2272 1267 2309 cessit.
1321 2270 1419 2307 Bru-

1541 282 1554 495 [ἢ
