1573 2598
62 211 108 243 U.
123 211 160 242 C.
177 217 250 244 305.

61 256 103 286 Α.
120 255 157 287 C.
173 260 247 291 447.

61 1385 153 1416 Plebs
170 1385 203 1415 in

62 1429 199 1471 Sacrum

63 1479 211 1502 montem

62 1515 139 1547 abit.

257 279 325 315 *ad
349 277 493 320 urbem,
513 275 595 326 pari
619 281 810 325 potestate
830 276 1002 311 eumdem
1028 289 1227 313 numerum
1246 278 1293 315 ab
1313 281 1389 316 suis

247 1982 251 1986 .
280 1942 506 1978 modestiam
543 1949 694 1991 patrum
724 1954 878 1978 suorum
908 1941 1003 1977 nihil
1032 1941 1210 1977 violando
1239 1942 1391 1979 imitati.

278 125 360 169 232
731 122 778 153 T.
802 123 936 154 mvn

277 214 500 262 minensque
529 210 563 247 ei
591 211 788 261 potestati,
813 217 851 247 et
880 213 959 261 ipse
988 211 1106 262 prius,
1133 225 1246 262 quam
1273 204 1396 252 iretur

277 342 481 380 creandum
517 345 637 376 curat.
692 339 810 376 Porta
848 339 999 376 Collina
1035 340 1167 377 urbem
1203 342 1391 379 intravere

277 407 347 443 sub
380 406 512 455 signis,
546 404 744 453 mediaque
777 404 870 440 urbe
900 405 1052 452 agmine
1086 405 1125 440 in
1156 406 1391 443 Aventinum

275 476 463 522 pergunt:
496 468 564 512 ibi,
588 467 785 519 conjuncti
807 468 915 505 alteri
945 469 1143 512 exercitui,
1163 471 1299 519 viginti
1322 471 1391 507 tri-

276 534 388 578 bunis
422 532 585 569 militum
616 533 813 580 negotium
843 532 1042 576 dederunt,
1074 539 1115 568 ut
1145 546 1192 569 ex
1221 546 1290 570 suo
1319 547 1392 571 nu-

277 610 383 635 mero
409 598 504 633 duos
530 603 714 639 crearent,
743 597 807 645 qui
837 609 991 633 summae
1020 609 1145 633 rerum
1174 605 1392 648 praeessent.

276 661 335 699 M.
355 661 538 712 Oppium,
566 660 653 696 Sex.
675 659 880 696 Manilium
909 666 1052 697 creant.
1108 661 1256 706 Patres,
1287 661 1392 698 solli-

277 727 344 763 citi
365 726 411 762 de
433 738 580 762 summa
604 738 744 769 rerum,
765 738 880 774 quum
907 732 1058 762 senatus
1086 727 1255 775 quotidie
1278 734 1391 770 esset,

271 788 410 842 jurgiis
431 790 566 839 saepius
594 794 724 825 terunt
749 795 912 839 tempuS,
934 802 1046 838 quam
1071 789 1254 827 consiliis,
1311 791 1392 828 Sic·

278 855 328 890 cii
358 854 476 890 caedes
511 853 744 896 decemviris,
776 860 813 889 et
843 854 1022 904 Appiana
1049 854 1182 898 libido,
1213 860 1252 891 et
1280 855 1393 891 dede-

279 930 369 954 cora
387 916 532 953 militiae
551 916 843 966 objiciebantur.
880 916 1075 961 Placebat,
1092 916 1287 954 Valerium
1305 918 1393 955 Ho-

278 981 491 1029 ratiumque
521 980 575 1015 ire
603 979 643 1015 in
661 980 917 1015 Aventinum:
950 979 1005 1016 illi
1033 980 1227 1029 negabant
1255 993 1295 1017 se
1323 981 1393 1018 ali-

278 1050 337 1081 ter
364 1045 499 1088 ituros,
530 1057 643 1094 quam
672 1044 703 1080 si
733 1044 936 1080 decemviri
965 1043 1200 1094 deponerent
1227 1045 1394 1094 insignia

277 1109 522 1158 magistratus
542 1108 635 1159 ejus,
658 1121 734 1158 quo
754 1121 855 1145 anno
868 1108 952 1159 jam
970 1115 1058 1144 ante
1078 1109 1256 1146 abissent.
1311 1109 1392 1146 De-

278 1160 446 1217 cemviri,
477 1179 676 1222 querentes
707 1186 746 1209 se
775 1174 814 1209 in
844 1173 1015 1209 ordinem
1045 1174 1144 1222 cogi,
1174 1186 1254 1210 non
1287 1180 1390 1217 ante,

278 1249 392 1286 quam
419 1236 573 1286 perlatis
602 1235 765 1284 legibus,
787 1248 946 1286 quarum
964 1248 1096 1273 caussa
1115 1237 1230 1274 creati
1250 1243 1390 1281 essent,

278 1301 544 1352 deposituros'
536 1301 735 1350 imperium
756 1313 795 1336 se
815 1300 979 1338 aiebant.

332 1365 424 1402 LII.
453 1365 526 1401 Per
543 1364 600 1401 M.
621 1364 808 1408 Duilium,
830 1365 894 1414 qui
912 1365 1086 1401 tribunus
1112 1363 1232 1414 plebis
1253 1342 1391 1410 fuerat,

280 1430 419 1466 certior
454 1430 557 1466 facta
592 1428 712 1479 plebs,
753 1428 1063 1465 contentionibus
1101 1429 1259 1465 assiduis
1296 1429 1395 1466 nihil·

278 1494 453 1542 transigi,
484 1495 522 1529 in
554 1494 710 1529 Sacrum
738 1500 907 1529 montem
937 1506 983 1529 ex
1006 1493 1198 1528 Aventino
1227 1495 1387 1540 transit3

278 1558 501 1595 adfirmante
529 1557 676 1600 Duilio,
697 1571 766 1594 non
787 1560 903 1606 prius,
931 1571 1038 1606 quam
1060 1559 1172 1593 deseri
1195 1559 1313 1594 urbem
1338 1561 1391 1594 vi-

278 1624 399 1666 deant,
423 1635 544 1658 curam
573 1624 608 1658 in
637 1625 774 1658 animos
792 1623 946 1658 Patrum
969 1624 1210 1658 descensuram
1226 1639 1239 1659 .·
1267 1625 1392 1659 admo-

277 1689 438 1723 niturum
466 1686 619 1722 Sacrum
647 1692 801 1722 montem
831 1689 1035 1722 constantiae
1058 1686 1199 1734 plebis:
1230 1689 1391 1730 scituros,
1560 1684 1566 1744 1

278 1752 373 1798 quod
395 1752 470 1786 sine
493 1752 659 1785 restituta
681 1755 860 1798 potestate
886 1751 1002 1798 redigi
1026 1751 1061 1785 in
1089 1751 1312 1786 concordiam
1340 1763 1397 1787 res

277 1819 462 1863 nequeant.
519 1814 592 1850 Via
614 1813 875 1858 Nomentana,
908 1815 968 1850 cni
997 1820 1078 1849 tum
1103 1813 1292 1851 Ficulensi
1321 1827 1392 1850 no-

278 1890 366 1913 men
388 1877 475 1920 fuit,
495 1877 674 1928 profecti,
697 1884 819 1914 castra
843 1879 881 1914 in
904 1884 1035 1914 monte
1059 1878 1174 1913 Sacro
1193 1876 1388 1923 locavere;

282 2006 420 2043 Secuta
441 2006 648 2051 exercitum
677 2005 798 2056 plebs,
826 2006 945 2049 nullo,
973 2006 1037 2055 qui
1065 2018 1131 2055 per
1160 2012 1310 2042 aetatem
1339 2006 1393 2043 ire

280 2076 423 2120 posset,
457 2076 699 2107 retractante.
755 2069 1043 2118 Prosequuntur
1079 2069 1261 2120 conjuges
1298 2070 1394 2108 libe·

279 2134 400 2182 rique,
431 2135 573 2170 cuinam
598 2146 634 2169 se
661 2134 897 2182 relinquerent
925 2137 962 2171 in
989 2146 1031 2170 ea
1058 2135 1154 2179 urbe,
1176 2137 1211 2170 in
1237 2147 1307 2183 qua
1333 2147 1395 2172 nec

276 2199 470 2246 pudicitia,
500 2210 564 2234 nec
592 2198 731 2235 libertas
757 2204 883 2235 sancta
909 2204 1008 2242 esset,
1037 2198 1303 2235 miserabiliter
1330 2211 1394 2236 ro·

280 2261 460 2310 gitantes.
516 2262 646 2305 Quum
671 2269 778 2302 vasta
801 2263 937 2303 Romae
966 2264 1096 2302 omnia
1124 2264 1273 2302 insueta
1301 2263 1391 2301 soli-
