1573 2598
0 454 2 512 l

319 161 474 194 LIBER
499 165 569 195 VI·
603 165 710 194 CAP.
735 167 928 195 xxxlu.
1098 165 1181 212 453

67 253 187 293 munis
212 254 365 292 dedunt.
421 254 485 292 Ira
512 260 551 291 et
577 254 699 291 rabies
725 254 967 299 Latinorum,
995 255 1084 305 quia
1112 269 1181 294 nec
1194 263 1236 292 U.
1250 261 1380 297 C.37⁸.
1411 254 1414 258 '

67 318 265 356 Romanos
294 318 395 356 bello
424 319 573 363 laedere,
597 332 666 356 nec
687 319 847 356 Volscos
877 320 917 356 in
947 321 1060 356 armis
1090 322 1180 357 reti-
1195 307 1232 336 A·
1250 305 1290 337 C·
1305 310 1380 340 3⁷⁴⁸

68 395 158 420 nere
186 390 405 434 potuerant,
427 396 472 420 eo
498 385 636 434 erupit,
657 390 699 420 ut
725 384 914 421 Satricum
934 384 1080 428 urbem,
1101 398 1185 433 quae

67 447 349 498 receptaculum
384 449 547 499 primum
581 449 633 485 eis
671 448 835 485 adversae
873 461 1010 499 pugnae
1049 449 1186 493 fuerat,

68 511 151 560 igni
180 519 491 549 concremarent:
530 525 601 549 nec
630 511 733 549 aliud
769 518 912 549 tectum
943 512 1023 564 ejus
1057 526 1188 563 super-

69 574 144 612 fuit
173 575 290 620 urbis,
323 578 457 626 (quum
488 577 591 613 faces
629 577 772 627 pariter
799 578 914 614 sacris
944 577 1191 628 profanisque

72 637 291 688 injicerent)
327 653 440 690 quam
476 640 607 676 matris
644 640 809 677 Elatutae
842 640 1039 691 templum.
1096 640 1192 678 Inde

72 713 137 738 eos
168 716 238 739 nec
268 715 336 740 sua
361 703 509 753 religio,
537 717 608 740 nec
627 705 855 742 verecundia
873 705 1000 741 Deum
1027 706 1193 742 arcuisse

71 766 222 810 dicitur,
247 768 313 804 sed
331 781 406 805 vox
433 769 637 812 horrenda,
659 769 762 805 edita
788 769 933 819 templo
957 782 1043 805 curn
1071 769 1192 805 tristi-

70 829 141 867 bus
170 831 296 875 minis,
316 833 357 868 ni
385 832 569 868 nefandos
590 832 697 881 ignes
727 831 860 882 procul
889 831 1054 868 delubris
1084 845 1191 868 amo-

71 894 226 931 vissent.
283 895 464 932 Incensos
485 908 529 932 ea
548 895 652 932 rabie
679 896 828 946 inpetus
848 895 1057 932 Tusculum
1086 895 1188 939 tulit,
1201 893 1389 944 Tuseplffilffl

73 956 123 996 ob
153 959 261 1001 iram,
289 952 583 1007 quod,‘dese1·to
613 959 806 995 communi
836 959 998 995 concilio
1028 939 1357 1022 Latino-²23113²t²f2¹1¹.s¹1¹·S

74 1033 172 1065 rum,
193 1035 269 1058 non
294 1023 333 1058 in
360 1023 581 1058 societatem
607 1023 721 1058 modo
740 1022 971 1066 Romanam,
993 1023 1058 1060 sed
1078 1024 1193 1060 etiam

74 1087 114 1122 in
134 1087 340 1130 civitatem,
361 1100 401 1123 se
421 1088 623 1124 dedissent.
680 1087 906 1124 Patentibns
930 1089 1050 1139 portis
1077 1101 1192 1138 quum

75 1150 269 1201 inproviso
295 1152 529 1194 incidissent,
551 1152 674 1202 primo
702 1152 866 1188 clamore
889 1153 1071 1203 oppidum
1096 1166 1193 1203 prae-

73 1219 132 1250 ter
157 1227 282 1251 arcem
306 1222 458 1264 captum
479 1221 561 1250 est:
594 1216 634 1250 in
664 1228 790 1251 arcem
817 1217 997 1266 oppidani
1021 1216 1194 1266 refugere

75 1291 161 1314 cum
187 1278 414 1329 conjugibus
441 1292 484 1315 ac
510 1278 653 1322 liberis,
675 1280 909 1329 nunciosque
928 1280 1107 1323 Romam,
1129 1281 1194 1330 qui

76 1343 275 1379 certiorem
309 1343 354 1380 de
387 1356 456 1380 suo
490 1356 578 1379 casu
613 1349 786 1379 senatum
823 1344 1006 1388 facerent,
1045 1346 1194 1382 misere,

77 1406 194 1442 Haud
227 1407 392 1455 segnius,
423 1420 536 1456 quam
570 1407 641 1443 fide
670 1406 803 1458 populi
834 1407 1003 1444 Romani
1036 1409 1194 1457 dignum

76 1470 164 1513 suit,
195 1471 380 1507 exercitus
409 1471 617 1508 Tusculum
647 1471 793 1508 ductus.
849 1472 896 1509 L.
922 1473 1125 1512 Quinctius
1156 1479 1195 1509 et

78 1534 157 1571 Ser.
179 1534 364 1584 Sulpicius
385 1534 527 1571 tribuni
551 1534 714 1571 militum
740 1535 903 1573 duxere:
936 1536 1080 1573 clausas
1104 1549 1193 1587 por·
1231 1548 1237 1553 ²

78 1606 135 1634 tas
168 1598 339 1642 Tusculi,
371 1598 609 1648 Latinosque
642 1599 754 1635 simul
787 1600 1045 1637 obsidentium
1080 1607 1194 1651 atque

80 1662 321 1698 obsessorum
340 1663 467 1700 animo
485 1663 575 1699 hinc
595 1664 737 1700 moenia
755 1664 912 1700 Tusculi
932 1666 1029 1701 tueri
1048 1665 1192 1708 vident,

79 1726 183 1762 illinc
220 1739 343 1762 arcem
381 1726 603 1776 obpugnare
623 1743 633 1773 3
674 1734 815 1764 terrere
853 1742 929 1765 una
965 1742 1008 1765 ac
1044 1742 1193 1779 pavere.

79 1790 276 1826 Adventus
305 1790 571 1826 Romanorum
603 1797 815 1828 mutaverat
843 1794 1039 1842 utriusque
1075 1794 1235 1843 partisA
1255 1794 1414 1828 Romanis

80 1856 239 1892 animos.
295 1854 532 1891 Tusculanos
560 1867 607 1892 ex
632 1856 780 1904 ingenti
808 1863 913 1893 metu
941 1858 980 1893 in
1010 1870 1193 1894 summam
1207 1845 1383 1879 receptum.

81 1919 329 1963 alacritatem,
350 1919 512 1956 Latinos
533 1933 578 1956 ex
603 1933 722 1970 prope
742 1927 846 1958 certa
869 1921 1004 1958 fiducia
1023 1934 1113 1958 mox
1133 1935 1196 1959 ca-

79 1984 225 2035 piendae
255 1984 365 2027 arcis,
396 1984 575 2032 quoniam
608 1984 747 2033 oppido
781 1984 1009 2034 potirentur,
1044 1986 1083 2021 in
1116 1986 1196 2022 exi-

82 2060 194 2096 guam
223 2047 269 2084 de
297 2059 337 2083 se
365 2047 455 2096 ipsis
486 2059 590 2097 spem
611 2053 785 2083 verterat.
841 2047 1007 2084 Tollitur
1036 2061 1083 2086 cx
1112 2061 1198 2086 arce

83 2111 223 2147 clamor
253 2111 299 2148 ab
329 2110 577 2148 Tusculanis:
612 2111 798 2162 excipitur
828 2112 1023 2160 aliquanto
1053 2111 1198 2163 majore

84 2175 131 2213 ab
158 2176 325 2212 exercitu
350 2175 541 2212 Romano.
602 2175 803 2226 Uti-imque
832 2183 1016 2225 urgentur
1042 2176 1196 2214 Latini:

84 2251 154 2276 nec
183 2239 330 2288 inpetus
351 2239 668 2283 Tusculanorum,
700 2240 980 2277 decurrentium
1010 2253 1056 2276 cx
1090 2252 1201 2291 supe-

85 2304 184 2340 riore
203 2302 303 2347 loco,
321 2303 531 2341 sustinent:
557 2315 627 2341 nec
646 2302 859 2347 Romanos,
881 2303 1084 2342 subeuntes
1105 2316 1201 2342 moe=
