1573 2598
327 160 409 205 272
778 163 824 193 τ.
848 164 981 193 mvn

109 256 154 289 U.
170 255 207 287 C.
225 263 300 288 312.
323 250 434 302 pulus
461 248 648 299 suffragiis
673 249 854 300 praefecit.
911 249 1096 287 Censores
1119 251 1167 288 ab
1192 264 1233 288 re
1258 253 1435 305 adpellati

110 301 148 332 Α.
164 300 201 331 C.
217 306 293 332 440.
324 321 424 353 sunt·
1357 341 1361 346 ἰ

104 384 294 432 ᾼῐᾱεᾳιῐιιπι
377 367 452 416 ῘΧ.
479 377 585 415 Dum
613 377 694 414 haec
713 376 848 414 Romae
878 383 1075 426 geruntur,
1101 377 1218 428 legati
1240 379 1288 417 ab
1306 381 1434 427 Ardea

104 433 279 502 Ἐὲἓίἳέἰέ.
322 443 493 486 veniunt,
525 454 596 492 pro
626 442 826 478 veterrima
859 442 1042 478 societate
1073 449 1332 493 renovatoque
1358 445 1432 481 foe-

321 508 409 544 dere
433 506 591 549 recenti,
615 505 796 542 auxilium
823 518 942 556 prope
965 519 1102 543 eversae
1125 507 1209 544 urbi
1236 507 1432 558 inploran-

319 578 390 607 tes.
445 570 536 607 Frui
557 581 720 618 namque
749 581 856 619 pace,
883 570 1030 620 optimo
1056 569 1218 606 consilio
1247 584 1334 607 cum
1361 584 1431 621 po-

319 634 410 685 pulo
431 633 613 670 Romano
646 640 806 676 servata,
835 646 902 683 per
934 634 1115 669 intestina
1140 647 1245 670 arma
1274 647 1352 670 non
1384 634 1433 671 li-

319 699 424 744 cuit3
457 711 617 748 quorum
636 710 768 734 caussa
789 703 903 747 atque
927 697 1079 733 initium
1103 698 1266 734 traditur
1284 711 1332 735 ex
1349 711 1431 735 cer·

318 762 461 799 tamine
482 762 694 798 factionum
716 768 869 798 ortum:
900 773 983 810 quae
1004 760 1111 797 fuere
1133 767 1319 811 eruntque
1345 761 1431 811 plu-

317 825 421 862 ribus
457 825 607 876 populis
644 825 763 874 magis
801 825 933 867 exitio,
972 836 1085 873 quam
1120 823 1221 860 bella
1257 831 1428 867 externa,

316 901 430 938 quam
459 889 577 925 fames
606 888 790 930 morbive,
820 899 978 937 quaeque
1007 887 1082 922 alia
1114 887 1153 923 in
1181 886 1309 924 Deum
1337 889 1427 932 iras,

315 951 420 988 velut
438 951 572 988 ultima
593 951 832 1002 publicorum
858 949 1058 993 malorum,
1081 955 1243 986 vertunt.
1300 950 1428 999 Virgi-

316 1027 404 1052 nem
431 1015 570 1066 plebeii
595 1015 758 1064 generis,
781 1015 946 1051 maxime
969 1013 1094 1050 forma
1110 1020 1257 1057 notam,
1286 1015 1430 1065 petiere

310 1077 494 1129 juvenes:
527 1079 622 1115 alter
646 1079 783 1127 virgini
806 1090 943 1127 genere
965 1090 1046 1128 par,
1073 1077 1263 1113 tutoribus
1291 1077 1428 1122 fretus,

318 1144 383 1192 qui
413 1151 451 1180 et
483 1144 554 1194 ipsi
584 1143 751 1194 ejusdem
783 1143 951 1193 corporis
983 1147 1116 1186 erant;
1147 1141 1288 1177 nobilis
1319 1141 1429 1185 alter,

316 1207 421 1244 nulla
456 1220 509 1251 re,
548 1216 798 1257 praeterquam
826 1207 963 1250 forma,
998 1211 1155 1256 captus:
1197 1203 1429 1255 adjuvabant

317 1283 403 1307 eum
422 1271 664 1321 optimatium
683 1271 821 1314 studia,
841 1282 907 1320 per
927 1282 1010 1318 quae
1035 1269 1073 1304 in
1097 1268 1251 1304 domum
1277 1280 1429 1317 quoque

315 1335 450 1386 puellae
476 1341 667 1372 certamen
693 1336 859 1385 partium
883 1333 1118 1384 penetravit:
1151 1331 1290 1368 nobilis
1317 1344 1428 1382 supe-

316 1399 394 1435 rior
411 1398 559 1449 judicio
584 1399 714 1435 matris
739 1410 833 1441 esse,
861 1410 944 1446 quae
977 1409 1090 1445 quam
1115 1394 1426 1445 splendidissimis

315 1464 457 1514 nuptiis
481 1462 597 1514 jungi
624 1462 788 1512 puellam
808 1461 987 1498 volebat:
1019 1466 1179 1502 tutores,
1203 1460 1243 1495 in
1263 1471 1306 1495 ea
1333 1472 1429 1508 quo-

313 1542 388 1579 que
406 1541 446 1566 re
464 1529 630 1578 partium
652 1539 853 1570 memoreS‚
873 1527 921 1563 ad
947 1538 1056 1562 suum
1073 1524 1241 1561 tendere.
1297 1524 1427 1563 Quum

313 1606 371 1629 res
400 1593 531 1644 peragi
559 1593 660 1628 intra
686 1592 848 1642 parietes
878 1591 1085 1639 nequisset,
1115 1594 1269 1624 ventum
1299 1588 1338 1623 in
1359 1586 1427 1636 jus

313 1663 395 1693 est:
427 1655 622 1706 postulatu
641 1655 773 1691 audito
792 1654 922 1689 matris
945 1659 1203 1700 tutorumque,
1224 1651 1426 1698 magistra-

315 1726 375 1756 tus
406 1719 610 1755 secundum
643 1718 810 1768 parentis
840 1716 1039 1752 arbitrium
1069 1715 1161 1750 dant
1179 1713 1244 1764 jus
1274 1713 1426 1763 nuptia-

316 1797 410 1820 rum.
468 1784 541 1819 Sed
560 1784 614 1818 vis
644 1781 839 1832 potentior
866 1779 964 1816 fuit:
996 1790 1160 1827 namque
1181 1784 1342 1819 tutores,
1367 1776 1426 1811 in-

315 1855 374 1883 ter
403 1860 478 1883 suae
502 1847 618 1896 partis
641 1845 815 1881 homines
836 1844 882 1880 de
908 1842 1047 1891 injuria
1071 1842 1211 1878 decreti
1236 1840 1360 1890 palam
1387 1840 1427 1875 in

315 1910 401 1946 foro
421 1910 654 1951 concionati,
675 1920 789 1944 manu
812 1907 915 1943 facta
932 1906 1118 1953 virginem
1142 1917 1189 1940 ex
1211 1903 1324 1939 domo
1347 1914 1426 1938 ma-

315 1975 383 2011 tris
412 1975 591 2023 rapiunt:
633 1973 808 2009 adversus
838 1982 932 2019 quos
961 1968 1136 2013 infestior
1164 1974 1296 2002 coorta
1326 1966 1427 2015 opti-

316 2038 475 2074 matium
505 2037 603 2072 acies
634 2035 803 2083 sequitui·
831 2043 1032 2069 accensum
1062 2029 1200 2080 injuria
1222 2028 1426 2078 juvenem:

317 2102 360 2138 fit
378 2101 555 2151 proelium
575 2106 698 2136 atrox.
753 2097 869 2134 Pulsa
887 2095 1009 2146 plebs,
1030 2093 1125 2129 nihil
1145 2093 1330 2128 Romanae
1350 2091 1429 2141 ple-

316 2166 354 2202 bi
385 2164 532 2207 similis,
562 2169 707 2199 armata
735 2174 782 2197 ex
811 2159 902 2197 urbe
928 2158 1114 2209 profecta,
1142 2156 1238 2193 colle
1265 2155 1428 2204 quodam

317 2237 446 2279 capto,
473 2229 512 2264 in
536 2239 647 2275 agros
671 2226 914 2276 optimatium
942 2235 1028 2259 cum
1057 2221 1158 2258 ferro
1183 2220 1336 2269 ignique
1363 2232 1429 2256 ex-

317 2292 510 2330 cursiones
530 2291 645 2328 facit:
678 2288 810 2326 urbem
833 2299 998 2337 quoque,
1019 2285 1142 2322 omnis
1163 2285 1277 2321 etiam
1297 2295 1430 2333 exper-
