1573 2598
435 168 591 198 LIBER
615 167 686 197 IV·
719 166 828 197 eli-P.
855 168 933 197 LV.
1163 167 1249 212 327

122 261 240 312 partis
261 262 409 305 animis,
431 274 547 311 quum
573 268 613 298 et
640 261 799 311 spiritus·
822 259 950 311 plebes
980 262 1189 304 sumsisset,
1211 268 1249 298 et
1265 266 1307 297 U.
1324 266 1360 297 C.
1377 271 1453 298 346.

121 331 197 360 tres
219 325 264 360 ad
283 324 504 375 popularem
524 336 694 360 caussam
719 322 955 359 celeberrimi
984 324 1147 359 nominis
1177 324 1250 360 ha·
1261 311 1300 340 A·
1319 309 1355 340 C·
1374 315 1448 341 ⁴⁹⁶·

121 385 228 422 beret
257 387 368 423 duces
384 402 393 432 3
428 387 558 423 Patres
589 386 718 421 omnia
737 386 950 433 quaestoriis
982 385 1160 428 comitiis,
1182 386 1248 421 ubi

121 454 322 498 utrumque
352 449 453 499 plebi
482 449 625 491 liceret,
651 447 789 483 similia
816 447 898 483 fore
928 454 1139 491 cernentes,
1160 455 1246 484 ten-

119 512 207 550 dere
226 514 272 551 ad
293 513 490 550 consulum
521 514 690 555 comitia,
711 526 795 562 quae
824 514 996 550 nondum
1024 516 1245 564 promiscua

120 584 259 614 essent.
316 577 414 613 Icilii
432 582 564 612 contra
583 576 759 612 tribunos
780 576 945 612 militum
974 579 1158 614 creandos
1188 579 1246 614 di-

120 654 218 685 cere,
253 648 292 677 et
324 641 478 678 tandem
512 640 717 690 aliquando
748 642 1008 692 inpartiendos
1038 642 1141 692 plebi
1174 643 1245 679 ho-

118 715 244 742 nores,

172 769 257 806 LV.
289 768 486 805 Sed-nulla
505 775 586 806 erat
615 768 824 805 consularis
855 769 971 813 actio,
993 782 1106 819 quam
1135 771 1247 821 inpe-

119 833 256 869 diendo
276 833 328 877 id,
350 834 451 883 quod
470 833 667 883 petebant,
688 834 945 883 exprimerent
963 848 970 869 z
1003 847 1118 883 quum
1147 836 1244 872 mira

119 898 421 947 opportunitate,
452 897 614 934 Volscos
645 904 684 933 et.
716 897 864 946 AEquos
895 898 1105 948 praedatum
1135 901 1420 984 enragclisuqigg}

118 1032 209 1060 t-ur:
236 1025 284 1061 ad
312 1026 414 1074 quod
446 1025 586 1062 bellum
616 1026 680 1062 ubi
711 1039 758 1063 ex
786 1027 1120 1063 senatusconsulto
1147 1041 1239 1064 con-
1253 988 1405 1063 Rittium&

118 961 211 997 fines
232 962 353 997 exisse
373 962 412 997 in
432 975 566 1011 agrum
585 962 769 998 Latinum
795 962 1094 1012 Hernicumque,
1116 963 1240 1000 adfer-

119 1088 217 1124 sules
237 1089 425 1126 delectum
445 1090 587 1126 habere
606 1091 801 1140 occipiunt
813 1107 824 1137 3
848 1091 1000 1128 obstare
1020 1098 1111 1127 tunc
1131 1093 1248 1129 enixe

116 1153 275 1196 tribuni,
297 1154 368 1190 sibi
389 1154 565 1204 plebique
586 1168 668 1191 eam
687 1155 883 1192 fortunam
904 1156 1073 1192 oblatam
1098 1169 1244 1193 memo-

117 1222 257 1252 rantes,
314 1216 408 1252 Tres
439 1225 561 1260 erant,
584 1224 621 1254 et
647 1231 778 1254 omnes
809 1220 982 1254 acerrimi
1002 1220 1096 1254 viri:
1129 1233 1246 1268 gene-

117 1280 267 1329 rosique
279 1279 377 1329 jam,
394 1287 436 1316 ut
450 1282 549 1317 inter
563 1282 733 1331 plebeios
751 1299 757 1319 :
787 1283 876 1326 duo,
898 1284 1037 1332 singuli
1054 1284 1239 1332 singulos,

117 1346 190 1383 sibi
217 1346 390 1383 consules
411 1348 663 1384 adservandos
691 1348 847 1384 adsidua
873 1361 989 1398 opera
1015 1348 1217 1385 desumunt
1233 1365 1239 1385 :
1255 1359 1420 1391 Discordia

119 1410 192 1445 uni·
206 1410 455 1446 concionibus
476 1410 565 1446 data
584 1423 685 1446 nunc
705 1410 921 1455 detinenda,
944 1424 1045 1447 nunc
1065 1413 1242 1448 concien-
1255 1403 1447 1435 domffitica‘

121 1471 181 1514 da,
202 1471 322 1521 plebs.
359 1472 444 1508 Nec
465 1472 653 1508 delectum
673 1472 861 1516 consules,
881 1486 952 1509 nec
971 1475 1139 1517 comitia,
1161 1487 1244 1523 quae

115 1536 312 1586 petebant,
332 1537 475 1573 tribuni
497 1537 774 1587 expediebant:
808 1537 1018 1574 inclinante
1047 1538 1182 1574 deiude
1203 1551 1251 1575 ses

114 1603 269 1639 fortuna
300 1603 346 1639 ad
380 1616 552 1640 caussam
582 1603 718 1653 plebis,
749 1604 879 1639 nuncii
909 1603 1082 1647 veniunt,
1116 1618 1243 1641 arcem

117 1667 412 1709 Carventanam,
434 1667 587 1717 dilapsis
617 1667 666 1703 ad'
691 1667 858 1716 praedam
888 1666 1087 1710 militibus,
1109 1669 1173 1716 qui
1201 1669 1242 1705 in

115 1731 292 1780 praesidio
314 1737 434 1773 erant,
454 1731 618 1780 AEquos,
638 1731 849 1767 interfectis
869 1733 998 1782 paucis
1019 1733 1242 1770 custodibus

116 1794 225 1836 arcis,
256 1794 464 1830 invasisse:
497 1794 591 1830 alios
629 1801 864 1831 recurrentes
899 1796 937 1830 in
972 1808 1110 1840 arcem,
1145 1797 1241 1834 alios

114 1857 284 1907 palantes
319 1858 359 1893 in
389 1859 489 1906 agris
525 1871 653 1895 caesos.
710 1859 770 1895 Ea
806 1860 967 1896 adversa·
998 1861 1153 1897 civitati·
1180 1875 1239 1899 res

114 1922 211 1957 vires
240 1922 454 1958 tribuniciae
484 1923 627 1958 actioni
657 1922 817 1972 adjecit:
849 1925 1105 1973 nequidquam
1139 1928 1240 1963 enim

116 1986 268 2029 tentati,
287 1990 331 2022 ut
349 1994 432 2022 tum
451 1986 613 2035 denique
632 1988 856 2024 desisterent
874 1990 1102 2038 inpediendo
1121 1990 1238 2034 bello,

114 2055 317 2099 postquam
343 2063 422 2086 non
453 2064 597 2088 cessere
626 2065 695 2088 nec
726 2053 885 2102 publicae
915 2055 1148 2104 tempestati,
1167 2068 1238 2091 nee

115 2124 193 2149 suae
223 2114 387 2158 invidiae,
419 2116 658 2165 pervincunt,
694 2124 738 2153 ut
769 2117 1140 2154 senatusconsultum
1173 2119 1239 2155 fiat

116 2176 173 2212 de·
193 2176 357 2230 tribunis
388 2178 552 2215 militum
582 2182 780 2218 creandis:
813 2189 918 2218 certo
948 2189 1077 2218 tamen
1110 2189 1240 2232 pacto,

114 2252 163 2276 ne
182 2239 293 2290 cujus
308 2243 408 2279 ratio
426 2243 645 2288 haberet-ur,
667 2246 731 2294 qui
752 2258 798 2281 eo
826 2258 927 2282 anno
955 2246 1129 2282 tribunus
1159 2246 1246 2297 ple·-

114 2301 173 2340 bis
199 2310 319 2343 esset:
351 2317 446 2343 neve
464 2308 546 2357 quis
576 2308 794 2346 reficeretur
822 2310 862 2346 in
892 2322 1038 2347 annum
1063 2309 1239 2348 tribunus
