1573 2598
415 163 570 209 LJBER
596 164 665 192 lv.
699 162 808 190 CAP.
831 162 972 191 xmv.
1166 163 1250 207 313

125 257 219 293 tres,
240 262 341 286 nunc
359 249 541 287 tribunos
553 248 668 300 plebi,
687 251 859 287 desertam
876 252 1110 300 omissamque
1125 250 1169 288 ab
1188 252 1250 292 lio·

124 315 277 350 minibus
294 314 561 363 rempublicam,
583 315 747 350 Deorum
760 315 992 362 providentia
1010 327 1166 363 curaque
1189 328 1249 352 ea:—

122 383 280 427 ceptam,
300 378 549 422 memorabat,
576 378 775 415 Veientibus
792 380 946 416 induciis
964 385 1001 416 et
1022 382 1251 416 cunctatione

125 443 332 491 AEquorum
358 447 465 479 stare.
528 443 629 479 Unde
645 444 675 479 si
700 443 787 491 quid
807 445 967 492 increpet
997 446 1154 487 terroris,
1173 445 1249 480 sine

121 508 279 555 patricio
297 508 512 554 magistratu
527 507 672 554 placere
689 507 945 555 rempublicam
965 507 1116 557 obprimi
1130 509 1151 544 ‚9
1177 520 1249 549 non

125 573 328 614 exercitum,
348 582 419 607 non
437 572 560 606 ducem
577 570 759 607 scribendo
778 573 949 608 exercitui
961 573 1069 609 esse?
1091 583 1139 608 an
1158 572 1248 610 bello

124 637 291 671 intestino
320 635 449 671 bellum
477 639 663 672 externum
686 637 995 684 propulsaturosP
1034 637 1122 678 Quae
1151 638 1181 673 si
1209 639 1247 674 in

119 712 234 736 unum
261 701 485 742 conveniant,
518 701 578 736 vix
604 701 772 737 Deorum
800 701 936 750 opibus,
964 703 1049 749 quin
1076 701 1247 738 obruatur

122 764 291 802 Romana
326 778 393 808 res,
425 767 542 802 resisti
572 778 696 814 posse:
734 767 819 813 quin
852 766 921 808 illi,
954 767 1168 803 remittendo
1192 767 1247 804 *de

118 840 258 865 summa
286 831 430 878 quisque
453 827 563 876 juris,
594 831 719 866 mediis
751 830 962 878 copularent
989 831 1216 866 concordiam
1231 847 1243 866 .-

120 893 264 937 Patres,
282 895 455 942 patiendo
475 895 630 932 tribunos
647 895 806 931 militum
820 907 891 943 pro
913 895 1111 932 consulibus
1125 896 1214 944 fien
1229 910 1242 931 .·
1258 894 1427 944 auaeqtura

119 958 254 994 tribuni
285 960 410 1007 plebis,
437 972 508 996 non
539 960 802 1002 intercedendo,
834 971 902 1007 quo
933 960 1050 996 minus
1087 947 1433 1020 φιαὲαονὲἶζὲῗιὲἓω

118 1028 306 1070 quaestores
319 1026 519 1072 promiscue
537 1026 580 1060 de
597 1024 698 1072 plebe
714 1036 758 1060 ac
776 1023 948 1061 Patribus
973 1024 1081 1060 libero
1107 1025 1239 1075 suffra-
1252 1024 1408 1056 Patribus,

117 1088 179 1134 gio
195 1089 326 1136 populi
330 1089 478 1137 fierent.

171 1150 318 1188 XLIV.
347 1151 573 1188 Tribunicia
595 1150 758 1201 primum
778 1150 935 1187 comitia
961 1158 1049 1189 sunt
1076 1150 1210 1189 habita
1227 1168 1234 1188 ι
1253 1161 1294 1191 U.
1312 1161 1348 1192 C.
1367 1166 1442 1193 335.

114 1215 233 1251 creati
251 1215 396 1251 tribuni
417 1214 608 1251 consulari
631 1221 824 1264 potestate
850 1228 980 1252 omnes
1004 1215 1168 1265 patricii,
1186 1216 1235 1254 L.
1252 1205 1292 1236 A·
1308 1204 1347 1235 C·
1364 1212 1438 1241 ⁴¹7¹

112 1279 318 1318 Quinctius
348 1280 598 1316 Cincinnatus
627 1279 798 1322 tertium,
823 1278 871 1316 L.
888 1278 1025 1317 Furius
1053 1279 1233 1317 Medulli-

112 1355 184 1379 nus
212 1344 364 1387 iterum,
383 1343 441 1380 M.
465 1342 650 1386 hianlius,
670 1343 718 1380 A.
742 1343 988 1393 Sempronius
1017 1343 1231 1382 Atratinus.

113 1405 202 1443 Hoc
231 1406 386 1450 tribuno
415 1408 571 1444 comitia
598 1413 829 1456 quaestorum
856 1406 1036 1450 habente,
1062 1407 1227 1457 petenti·
1244 1417 1428 1453 Quaestoreg

110 1470 256 1520 busque
282 1472 381 1510 inter
412 1471 560 1520 aliquot
587 1470 756 1521 plebeios
785 1471 864 1508 filio
893 1472 1053 1508 Antistii
1081 1471 1226 1509 tribuni
1238 1462 1358 1500 patricii
1371 1474 1448 1521 ⁰3¹⁵*

110 1534 230 1585 plebis
268 1543 307 1572 et
334 1536 451 1572 fratre
480 1535 634 1573 'alterius
664 1535 807 1572 tribuni
836 1535 956 1586 plebis
993 1536 1081 1573 Sex.
1110 1536 1227 1577 Pom-
1240 1518 1296 1565 nes
1312 1522 1419 1545 emath

110 1599 205 1650 pilii,
243 1612 314 1637 nec
350 1607 535 1651 potestas,
564 1613 635 1637 nec
672 1601 894 1650 suffragatio
922 1601 1059 1637 horum
1092 1601 1225 1646 valuit,

109 1664 214 1712 quin,
253 1676 415 1712 quorum
450 1669 576 1714 patres
617 1676 783 1713 avosque
828 1664 1001 1701 consules
1039 1665 1224 1709 viderant,

109 1739 173 1762 eos
203 1727 404 1764 nobilitate
435 1727 669 1778 praeferrent.
735 1727 876 1764 Furere
912 1740 1042 1764 omnes
1079 1728 1225 1768 tribuni

108 1790 243 1841 plebis,
278 1798 372 1830 *ante
415 1805 546 1828 omnes
593 1791 803 1842 Pompilius
845 1792 1125 1841 Antistiusque,
1162 1806 1223 1833 re.-

106 1855 214 1905 pulsa
247 1867 402 1892 suorum
434 1857 597 1899 accensi,
633 1857 816 1898 Quidnam
848 1858 885 1893 id
921 1858 974 1892 rei
1002 1859 1118 1893 esset.9
1150 1870 1222 1898 non

103 1922 176 1956 suis
193 1920 378 1969 beneficiis,
398 1932 471 1957 non
489 1921 645 1956 Patrum
666 1919 820 1967 injuriis,
839 1933 910 1956 non
939 1922 1090 1970 denique
1116 1934 1220 1959 usur-

102 1985 216 2032 pandi
235 1984 392 2028 libidine,
414 1997 523 2034 quum
552 1986 670 2028 liceat,
691 1986 787 2033 quod
812 1990 896 2021 ante
919 1997 991 2022 non
1019 1986 1170 2029 licuerit,
1187 1989 1221 2026 si

102 2059 172 2083 non
194 2048 373 2085 tribunum
399 2049 605 2091 militarem,
625 2060 670 2084 ne
695 2053 902 2096 quaestorem
929 2050 1071 2097 quidem
1096 2062 1217 2097 quem—

103 2122 209 2157 quam
236 2123 278 2146 ex
297 2112 401 2159 plebe
416 2111 590 2160 factum:
618 2124 688 2148 non
715 2113 866 2148 valuisse
888 2114 1008 2161 patris
1029 2125 1100 2161 pro
1118 2114 1216 2161 filio,

91 2173 229 2222 fratris
249 2188 318 2223 pro
335 2176 462 2225 fratre
485 2189 619 2226 preces,
642 2177 863 2213 tribunorum
886 2178 1011 2225 plebis,
1029 2173 1217 2225 potestatis

100 2229 344 2284 sacrosanctae,
364 2243 413 2278 ad
440 2243 615 2278 auaeilium
643 2242 816 2278 libertatis
843 2247 980 2278 creatae.
1035 2242 1214 2280 Fraudem

97 2302 258 2352 profecto
278 2306 314 2340 in
333 2318 373 2342 re
391 2318 473 2350 esse,
494 2312 529 2343 et
547 2309 592 2343 A.
614 2307 863 2356 Sempronium
883 2308 1035 2343 comitiis
1047 2308 1132 2356 plus
1148 2319 1210 2345 ar·

150 2365 251 2403 VoL.
272 2367 304 2405 I.
643 2370 674 2405 P
