1573 2598
453 131 607 162 mmm
632 131 702 160 ιν.
734 130 839 160 cAP.
863 129 911 158 x.
1150 123 1229 169 273

116 230 193 260 tem
216 229 303 259 ante
323 220 553 263 certaminis,
574 217 815 255 multitudine
840 215 1019 266 opificum
1046 214 1093 251 ad
1121 227 1226 265 spem
1239 215 1281 246 U.
1296 215 1332 246 C·
1347 220 1423 246 312.

114 287 251 339 praedae
284 292 455 328 evocata,
490 283 663 321 obsidere
695 288 829 332 parat:
869 292 939 316 nec
972 278 1048 315 ulla
1079 279 1222 328 species
1239 259 1422 292 A.C.440.

116 351 316 400 cladesque
344 349 433 386 belli
471 348 577 385 abest
593 363 603 392 3
644 345 748 382 velut
777 350 955 381 contacta
983 343 1136 379 civitate
1164 355 1224 379 ra-

115 413 177 450 bie
207 414 366 450 duorum
392 412 592 463 juvenum,
625 409 795 445 funestas
825 407 976 457 nuptias
1010 419 1057 442 ex
1089 417 1228 442 occasu

115 478 248 529 patriae
277 477 499 528 petentium.
556 475 693 511 Parum
722 472 821 523 parti
852 472 1001 520 utrique
1035 471 1137 507 domi
1167 482 1225 507 ar-

115 554 266 578 morum
290 540 454 589 bellique
479 545 535 575 est
555 539 697 574 visum:
731 536 934 586 optimates
957 534 1155 570 Romanos
1183 533 1229 570 ad

114 605 296 641 auxilium
319 603 420 640 urbis
445 602 622 644 obsessae,
649 600 755 651 plebs
783 600 830 635 ad
856 599 1146 649 expugnandam
1168 611 1226 634 se-

111 683 200 707 cum
218 670 384 706 Ardeam
400 668 559 705 Volscos
581 667 763 703 excivere.
800 665 950 701 Priores
967 664 1111 707 Volsci,
1133 665 1225 701 duce
1238 671 1378 702 Ardeam

114 734 244 783 ⁴Equo
265 733 416 777 Cloelio,
437 733 603 769 Ardeam
620 743 770 773 venere,
791 736 829 766 et
848 729 1036 766 moenibus
1057 730 1225 765 hostium
1237 714 1385 789 Ονῗιὶςξῖη

113 798 253 834 vallum
268 796 454 847 objecere.
511 795 626 835 Quod
645 795 710 830 ubi
725 794 891 829 Romam
911 799 968 829 est
986 793 1224 837 nunciatum,

113 862 304 913 extemplo
332 862 388 898 M.
416 861 608 910 Geganius
639 859 786 901 consul,
818 871 904 894 cum
937 858 1104 894 exercitu
1136 870 1225 908 pro-

113 926 248 969 fectus,
269 927 342 962 tria
362 925 482 962 millia
509 937 687 975 passuum
716 923 763 959 ab
792 923 903 958 hoste
932 922 1059 957 locum
1091 922 1224 958 castris

114 991 228 1040 cepit,
258 990 516 1040 praecipitique
539 988 622 1038 jam
651 988 710 1024 die
740 1000 870 1024 curare
897 1000 1058 1036 corpora
1086 986 1225 1022 milites

106 1054 244 1105 jubet:
283 1061 416 1102 quarta
448 1053 579 1089 deinde
612 1051 741 1100 vigilia
777 1052 885 1100 signa
915 1051 1086 1101 profert:
1120 1063 1225 1100 coep-

113 1126 269 1166 tumque
288 1130 382 1167 opus
409 1117 503 1154 adeo
529 1117 821 1167 adproperatum
844 1122 914 1158 est,
939 1122 995 1157 ut,
1023 1114 1103 1151 sole
1123 1121 1234 1158 orto,-

114 1182 243 1218 Volsci
265 1181 429 1218 firmiore
455 1195 494 1217 se
516 1182 753 1217 munimento
776 1181 823 1217 ab
850 1180 1036 1216 Romanis
1064 1179 1433 1232 circum-Assomanis

114 1245 287 1288 vallatos,
314 1258 427 1294 quam
450 1258 471 1281 a
493 1258 533 1281 se
559 1244 704 1287 urbem,
724 1245 918 1280 viderent:
952 1249 990 1279 et
1016 1242 1090 1278 alia
1118 1249 1226 1293 parte
1237 1227 1432 1259 ⁰b⁵¹dent²³¹⁷

114 1309 246 1344 consul
274 1322 383 1344 muro
411 1309 546 1345 Ardeae
575 1308 772 1344 brachium
799 1306 1052 1358 injunxerat,
1081 1319 1155 1355 qua
1180 1319 1227 1344 ex

115 1373 254 1422 oppido
276 1373 332 1408 sui
352 1385 564 1408 commeare
584 1378 752 1421 possent.

166 1437 220 1473 X.
250 1436 410 1473 Volscus
448 1438 668 1487 imperator,
703 1437 767 1486 qui
800 1436 847 1472 ad
883 1448 966 1472 eam
997 1435 1109 1479 diem,
1147 1448 1238 1472 non-

113 1507 327 1537 commeatu
355 1510 582 1551 praeparato,
608 1501 672 1536 sed
700 1513 747 1536 ex
774 1499 1023 1551 populatione
1049 1512 1227 1549 agrorum

113 1572 222 1616 rapto
248 1566 288 1602 in
314 1566 413 1601 diem
438 1565 631 1602 frumento
654 1564 810 1601 aluisset
829 1564 1002 1607 militem,
1023 1558 1250 1614 postquam)

113 1635 239 1678 septus
268 1628 368 1664 vallo
396 1635 551 1678 repente
578 1629 731 1678 inopem
761 1629 933 1664 omnium
960 1640 1087 1663 rerum
1110 1627 1225 1670 videt,

113 1692 160 1727 ad
189 1691 434 1740 conloquium
456 1691 610 1727 consule
636 1698 808 1734 evocato,
828 1693 859 1727 si
876 1692 1054 1726 solvenda,²
1073 1691 1227 1727 obsidio-

113 1757 166 1792 nis
190 1768 312 1792 caussa
336 1758 469 1792 venerit
489 1756 685 1798 Romanus,
714 1755 948 1791 abducturum
974 1767 1010 1790 se
1036 1756 1118 1790 inde
1143 1755 1225 1791 Vol-

110 1831 198 1862 scos,
226 1819 290 1855 ait.
346 1819 535 1855 Adversus
565 1832 609 1855 ea
638 1818 784 1862 consul,
804 1821 905 1854 victis
931 1820 1146 1854 conditiones
1164 1831 1224 1855 ac·—

111 1885 294 1932 cipiendas
311 1896 394 1926 esse,
415 1896 485 1921 non
499 1882 689 1932 ferendas,
710 1883 903 1933 respondit
921 1899 931 1927 3
962 1896 1085 1931 neque,
1107 1889 1148 1919 ut
1165 1896 1225 1920 ve·-

110 1950 227 1985 nerim
254 1950 304 1985 ad
331 1949 582 1997 obpugnandos
607 1950 718 1984 socios
740 1949 870 1996 populi
890 1947 1046 1983 Romani
1073 1960 1136 1984 suo
1164 1961 1224 1984 ar-

112 2013 228 2056 bitrio,
257 2015 311 2049 ita
339 2013 496 2049 abituros
522 2013 662 2049 Volscos
689 2024 771 2048 esse.
827 2012 929 2048 Dedi
957 2014 1222 2061 imperatorem,

111 2088 213 2112 arma
236 2079 336 2126 poni,
364 2075 490 2126 jubet,
509 2076 675 2126 fatentes
701 2078 811 2113 victos
836 2088 873 2112 se
900 2088 984 2119 esse,
1015 2081 1049 2112 et
1078 2077 1225 2126 imperio

110 2152 238 2188 parere
251 2156 268 2176 .·,
290 2141 410 2184 aliter,
443 2145 518 2178 tam
546 2141 763 2185 abeuntibus,
793 2153 901 2189 quam
928 2140 1161 2183 manentibus,
1190 2152 1226 2177 se

113 2202 245 2238 hostem
273 2203 461 2252 infensam,
491 2206 678 2241 victoriam
705 2206 829 2253 potius
857 2217 900 2241 ex
940 2204 1085 2246 Volscis,
1117 2215 1226 2251 quam

109 2278 235 2314 pacem
260 2268 420 2318 irfidam,
449 2268 605 2307 Romam
623 2269 835 2307 relaturum.
890 2267 1021 2305 Volsci
1048 2268 1225 2318 exiguam

625 2331 666 2370 N
685 2333 707 2370 5
