1573 2598
411 134 566 163 LIBER
590 134 638 162 V.
672 132 779 162 CAP.
804 132 871 161 LI.
1121 132 1203 172 401

91 226 249 275 gionum
281 224 418 269 cultor,
448 238 531 274 quae
564 223 610 260 ad
643 222 748 260 Deos
782 220 1003 259 inmortales
1037 222 1202 271 pertine·
1218 219 1400 251 U-C·36⁵-

89 290 197 335 bant,
227 290 357 327 retulit
372 306 383 336 3
416 296 454 326 et
482 287 853 326 senatusconsultum
881 286 988 329 facit,
1008 287 1110 323 Faria
1128 299 1204 323 om—
1216 263 1402 337 ggni‘tjsgj'

90 357 166 398 nia,
196 356 291 403 quod
318 366 360 390 ea
388 354 497 390 hostis
519 354 742 402 possedisset,
766 353 1049 394 restituerentur,
1083 353 1204 388 termi-
1216 349 1423 424 ἓίηἷεειὲῑὲἓῐὲᾰ

90 425 275 462 narentur,
299 421 611 467 expiarenturque,
637 418 864 465 expiatioque
890 428 1012 452 eorum
1042 417 1080 452 in
1109 416 1206 451 librzs
1216 436 1405 476 religionem

86 496 154 532 per
171 485 376 520 duumviros
400 486 624 530 quaereretur.
684 481 774 518 Cum
795 481 983 517 Caeretibus
1011 480 1204 528 hospitium
1215 480 1388 519 spectanti-

84 547 228 595 publice
242 547 365 596 fieret,
386 547 480 593 quod
503 557 607 581 sacra
625 546 754 593 populi
772 545 929 581 Romani
947 557 990 580 ac
1006 545 1205 580 sacerdotes
1215 523 1288 555 bus·

86 612 308 659 recepissent,
330 609 558 658 beneficioque
576 608 650 656 ejus
663 610 793 658 populi
814 622 885 645 non
903 610 1122 645 intermissus
1141 608 1204 644 ho-

86 686 150 710 nos
170 675 293 710 Deum
321 675 567 710 inmortalium
594 679 707 710 essct:
736 675 813 710 ludi
841 673 1040 721 Capitolini
1055 673 1202 722 fierent,

86 739 181 786 quod
200 737 348 785 Jupiter
365 738 520 784 optimus
545 739 720 774 maximus
736 750 838 773 suam
861 738 980 773 sedem
1008 741 1117 784 atque
1143 749 1204 772 ar-

85 813 161 837 cem
183 801 314 849 populi
331 800 491 836 Roman-i
512 802 549 837 in
572 813 610 837 re
633 802 774 849 trepida
793 805 931 839 tutatus
949 805 1064 837 esset:
1093 799 1202 836 colle-

82 867 252 913 giumque
279 865 328 900 acl
354 876 433 900 eam
459 877 534 900 rem
560 866 616 901 M.
635 866 763 901 Furius
792 867 948 901 dictator
976 866 1204 900 constitueret

83 941 126 965 ex
147 931 203 973 iis,
224 931 285 977 qui
310 930 345 964 in
367 929 548 977 Capitolio
573 935 681 977 atque
703 941 784 965 arce
812 929 1024 965 habitarent.
1081 928 1202 978 Expi-

84 996 189 1032 andae
209 996 325 1031 etiam
342 996 446 1031 vocis
466 1002 679 1039 nocturnae,
701 1010 784 1045 quae
806 997 948 1032 nuncia
971 995 1085 1032 cladis
1112 1001 1201 1031 ante

83 1059 226 1096 bellum
255 1058 445 1095 Gallicum
473 1059 604 1096 audita
631 1060 882 1109 neglectaque
911 1066 1024 1103 esset,
1055 1060 1200 1095 mentio

82 1124 216 1168 inlata,
236 1123 462 1174 jussumque
490 1125 675 1175 templum
700 1127 740 1162 in
759 1126 875 1162 Nova
892 1126 955 1162 via
972 1126 1048 1162 Aio
1068 1125 1199 1162 Locu-

81 1190 138 1225 tio
163 1188 256 1227 fieri.
311 1189 472 1232 Aurum,
494 1190 602 1239 quod*
615 1189 735 1226 Gallis
762 1196 934 1240 ereptum
959 1196 1053 1233 erat,
1078 1190 1199 1239 quod-

82 1265 157 1302 que
185 1265 232 1289 ex
260 1252 343 1289 aliis
372 1253 521 1303 templis
555 1256 655 1290 inter
692 1256 984 1305 trepidationem
1018 1254 1058 1290 in
1090 1254 1197 1290 Jovis

84 1316 219 1353 cellam
248 1317 455 1362 conlatum,
486 1332 616 1368 quum,
646 1320 686 1355 in
715 1332 799 1368 quae
827 1319 959 1355 referri
987 1324 1198 1369 oporteret,

84 1380 245 1418 confusa
268 1383 452 1418 memoria
481 1389 594 1426 esset,
615 1395 763 1419 sacrum
784 1396 896 1419 omne
909 1383 1140 1434 judicatum,
1161 1389 1199 1419 et

83 1444 151 1481 sub
171 1444 278 1480 Jovis
306 1444 397 1482 sella
425 1447 517 1495 poni
537 1445 701 1496 jussum.
758 1446 845 1483 Jam
875 1452 964 1483 ante
986 1447 1026 1482 in
1046 1459 1091 1482 eo
1110 1445 1199 1482 reli·
1240 1482 1243 1485 ,

81 1508 145 1557 gio
165 1509 328 1545 civitatis
349 1510 588 1562 adparuerat,
609 1511 724 1561 quod,
746 1524 863 1561 quum
891 1512 930 1547 in
958 1510 1113 1561 publico
1134 1511 1198 1547 de-

82 1578 181 1608 esset
209 1585 357 1616 aurum,
378 1587 425 1610 ex
451 1587 526 1623 quo
553 1588 699 1612 summa
724 1581 846 1626 pactae
874 1575 1054 1611 mercedis
1077 1574 1198 1610 Gallis

82 1636 277 1680 confieret,
299 1650 322 1673 a
340 1639 524 1674 matronis
545 1639 739 1675 conlatum
766 1646 1006 1689 acceperant,
1028 1645 1071 1675 ut
1090 1650 1199 1674 sacro

81 1713 174 1736 auro
204 1700 468 1738 abstineretur.
524 1702 718 1739 Matronis
753 1704 885 1752 gratiae
915 1709 1024 1745 actae,
1053 1703 1198 1738 honos-

80 1776 153 1813 que
179 1764 343 1808 additus,
363 1772 405 1801 ut
429 1778 571 1809 earum,
593 1768 692 1802 sicut
708 1767 890 1810 virorum,
919 1773 1007 1816 post
1036 1772 1199 1802 mortem

79 1827 273 1864 sollemnis
293 1829 462 1866 laudatio
482 1837 593 1867 esset.
649 1830 702 1866 Iis
722 1832 900 1880 peractiS,
921 1844 1005 1880 quae
1025 1830 1073 1867 ad
1091 1830 1196 1866 Deos

78 1893 337 1943 pertinebant,
359 1907 516 1944 quaeque
536 1908 603 1945 per
619 1905 792 1933 senatum
812 1897 874 1945 agi
893 1902 1091 1946 poterant3
1114 1902 1195 1931 tum
1209 1901 1331 1931 Rursus
1345 1910 1417 1949 rno-

78 1957 244 2000 demum,
273 1959 507 2007 agitantibus
537 1960 699 1996 tribunis
728 1961 878 2011 plebem
907 1961 1071 1997 adsiduis
1103 1972 1194 1996 con—
1208 1951 1298 1973 vetur
1311 1950 1395 1974 ³⁶⁰⁰

1236 1997 1290 2016 ΡΠΞ
1343 2004 1357 2009 ·

78 2021 267 2065 cionibus,
287 2029 343 2066 ut,
364 2023 504 2060 relictis
526 2025 658 2068 ruinis,
680 2026 718 2061 in
740 2025 872 2071 urbem
891 2031 1063 2075 paratam
1081 2024 1194 2060 Veios
1207 1994 1341 2077 {angl

76 2087 406 2135 transmigrarent,
428 2089 467 2124 in
487 2090 727 2132 concionem,
748 2089 924 2125 universo
945 2094 1079 2124 senatu
1107 2099 1195 2137 pro·
1210 2072 1314 2102 V⁰¹⁰⁵·

79 2149 274 2197 sequente,
296 2151 477 2194 escendit,
498 2158 612 2201 atque
631 2152 686 2188 ita
704 2152 818 2188 verba
836 2151 928 2187 fecit
946 2166 954 2186 ι

109 2212 198 2248 ⁴LI.
229 2214 330 2249 Adeo
358 2216 447 2251 mihi
475 2217 608 2253 acerboe
633 2222 730 2259 sunt,
760 2217 930 2257 Quirites,
958 2216 1198 2250 contentiones
1210 2223 1370 2255 Camillus.

77 2287 157 2312 cum
187 2277 336 2313 tribunis
361 2279 486 2327 plebis,
512 2285 555 2317 ut
576 2292 639 2317 nec
663 2281 857 2316 tristissimi
885 2279 1001 2316 exsilii
1026 2279 1196 2316 solatium
1209 2268 1378 2300 dissuadet.
