1573 2598
404 183 558 213 LIBER
582 182 652 212 vl.
685 181 792 212 cAP.
812 181 920 211 xx1.
1142 181 1223 225 437

116 276 374 330 perduellione
389 276 645 326 anquirerent,
664 280 824 318 creatos,
838 280 1010 310 auctores
1032 273 1109 310 sint
1123 273 1228 310 clam-

118 348 271 379 natum:
312 341 454 378 tribuni
491 340 534 376 de
568 353 662 376 saxo
691 339 856 388 Tarpeio
888 337 1131 388 dejecerunt:
1170 336 1229 373 lo-

116 420 255 457 cusque
278 407 377 443 idem
404 406 443 442 in
467 418 543 442 uno
568 404 722 440 homine
748 409 786 440 et
817 403 963 440 eximiae
986 401 1118 451 gloriae
1142 415 1226 438 mo-

116 478 340 508 numentum
360 477 397 506 et
423 482 546 520 poenae
574 468 714 506 ultimae
734 468 819 504 fuit.
875 466 1046 518 Adjectae
1074 472 1229 502 mortuo

118 541 218 571 notoe
248 541 357 571 sunt:
391 533 544 583 publica
573 545 670 577 una3
703 532 820 581 quod,
848 544 964 580 quum
987 531 1121 567 domus
1149 528 1229 580 ejus

118 599 264 642 fuisset,
296 598 359 635 ubi
387 610 489 634 nunc
519 597 614 633 aedes
645 603 759 646 atque
785 597 936 633 officina
960 595 1131 632 BIonetae
1158 600 1230 637 est,

119 663 238 700 latum
258 663 305 699 ad
333 661 518 713 populum
537 668 608 705 est,
629 674 677 697 ne
697 662 779 710 quis
803 661 983 711 patricius
1003 661 1044 696 in
1063 672 1148 696 arce
1168 664 1234 696 aut

118 726 311 777 Capitolio
333 725 547 761 habitaret:
579 725 776 773 gentilicia
795 724 941 768 altera;
974 724 1075 773 quod
1106 723 1231 772 gentis
1293 728 1298 732 “

116 790 274 828 Manliae
310 790 463 826 decreto
499 795 653 826 cautum
691 795 762 832 est,
799 802 848 825 ne
885 789 967 837 quis
1005 788 1139 825 deinde
1175 786 1234 823 M.

118 855 288 893 Manlius
311 860 523 891 vocaretur.
579 853 697 889 Hunc
726 852 870 888 exitum
898 851 1033 888 habuit
1061 853 1131 895 vir,
1161 851 1235 887 nisi

121 921 162 957 in
198 919 319 956 libera
347 919 500 956 civitate
536 925 648 954 natus
682 923 796 960 esset,
835 916 1103 953 memorabilis.
1159 916 1236 952 Po-

120 983 252 1036 pulum
287 984 407 1028 brevi,
436 988 641 1033 postquam
675 980 885 1032 periculum
922 980 968 1017 ab
1007 993 1053 1017 eo
1089 980 1239 1017 nullum

123 1055 218 1092 erat,
243 1061 309 1098 per
334 1061 375 1084 se
400 1048 499 1098 ipsas
523 1046 787 1083 recordantem
812 1046 985 1088 virtutes,
1012 1045 1239 1082 desiderium

122 1110 204 1162 ejus
227 1112 373 1148 tenuit:
407 1110 626 1161 pestilentia
648 1109 763 1146 etiam
788 1109 894 1146 brevi
914 1114 1132 1151 consecuta,
1152 1107 1238 1145 nul-

123 1175 169 1212 lis
207 1174 498 1212 obcurrentibus
534 1180 653 1210 tantae
690 1172 806 1209 cladis
845 1173 1001 1216 caussis,
1041 1185 1087 1209 ex
1123 1172 1239 1210 Man·

122 1238 227 1276 liano
253 1239 440 1289 supplicio
466 1251 612 1287 maguae
642 1239 742 1289 parti
767 1237 884 1273 videri
914 1244 1024 1274 orta:
1056 1236 1242 1274 violatum

124 1303 358 1354 Capitolium
383 1316 464 1340 esse
489 1303 673 1352 sanguine
698 1302 900 1338 servatoris
921 1316 928 1337 z
959 1314 1030 1338 nec
1049 1301 1136 1338 Diis
1156 1314 1243 1338 cor-

125 1368 164 1404 ‹li
192 1368 308 1404 fuisse
343 1381 498 1419 poenam
526 1365 607 1418 ejus
637 1366 805 1404 oblatam
843 1379 964 1417 prope
993 1365 1113 1402 oculis
1148 1366 1242 1410 suis,

125 1444 148 1468 a
176 1444 252 1481 quo
281 1443 349 1468 sua
384 1431 527 1482 templa
555 1436 686 1481 erepta
714 1442 735 1466 e
770 1429 946 1466 manibus
984 1429 1154 1466 hostium
1183 1441 1244 1466 es-

126 1502 224 1533 sent.

180 1560 298 1598 XXI.
326 1559 590 1597 Pestilentiam
626 1559 759 1609 inopia
786 1558 952 1608 frugum,
982 1564 1021 1595 et
1048 1547 1242 1608 vulgatam
1255 1562 1296 1594 U.
1309 1563 1347 1595 C.
1363 1570 1440 1600 ³72.

123 1625 321 1676 utriusque
355 1624 446 1662 mali
474 1624 616 1661 famam
644 1637 747 1660 anuo
775 1624 1000 1673 insequente
1037 1608 1343 1674 multiplexA'C'
1360 1614 1436 1640 ³⁸⁰·

126 1689 270 1727 bellum
289 1690 452 1740 excepit,
472 1689 519 1726 L.
538 1688 694 1726 Valerio
713 1695 904 1739 quartum,
925 1689 973 1725 A.
992 1687 1144 1724 Manlio
1165 1694 1244 1725 ter·

128 1754 239 1797 tium,
271 1754 349 1790 Ser.
371 1752 540 1803 Sulpicio
570 1753 738 1795 tertium,
762 1752 809 1789 L.
829 1751 1027 1795 Lucretio,
1050 1751 1098 1788 L.
1118 1750 1245 1787 AEmi-

127 1817 182 1854 lio
201 1817 370 1860 tertium,
390 1815 447 1854 M.
460 1815 671 1859 Trebonio,
688 1816 852 1852 tribunis
870 1814 1036 1852 militum
1056 1814 1247 1852 consulari

129 1887 332 1933 potestate.
388 1881 534 1919 Hostes
561 1880 666 1923 novi,
686 1885 824 1930 praeter
841 1878 1003 1915 Volscos
1022 1878 1126 1916 velut
1144 1885 1248 1916 sorte

129 1946 292 1996 quadam
317 1958 436 1996 prope
464 1946 503 1981 in
530 1950 712 1981 aeternum
740 1944 952 1981 exercendo
971 1943 1152 1980 Romano
1174 1944 1246 1980 mi·

128 2010 189 2047 liti
218 2011 341 2054 datos,
373 2010 618 2058 Circeiosque
647 2015 686 2046 et
706 2008 872 2045 Velitras
902 2007 1073 2044 colonias
1096 2006 1248 2058 jamdiu

128 2074 328 2112 molientes
358 2074 625 2117 defectionem,
656 2080 695 2110 et
723 2079 939 2124 suspectum
964 2072 1135 2116 Latium,
1166 2072 1244 2109 La·
1259 2074 1342 2104 Novi
1356 2073 1464 2122 h.⁰⁸!⁸²⁸

131 2139 261 2175 nuvini
294 2140 422 2182 etiam,
454 2152 536 2189 quae
570 2139 787 2176 fidelissima
818 2139 908 2176 urbs
941 2139 1080 2182 fuerat,
1118 2139 1246 2176 subito
1259 2118 1428 2149 Lamnum

132 2203 269 2240 exorti.
325 2203 371 2239 Id
389 2203 520 2240 Patres
541 2204 614 2240 rati
633 2209 831 2240 contemtu
850 2203 1034 2246 accidere,
1055 2203 1158 2252 quod
1172 2202 1248 2239 Ve-

131 2266 278 2302 liternis
307 2267 450 2304 civibus
477 2269 552 2304 suis
578 2267 724 2304 tamdiu
749 2268 924 2318 inpunita
949 2266 1112 2303 defectio
1135 2273 1248 2310 esset,

134 2330 395 2374 decreverunt,
415 2337 458 2368 ut
476 2332 599 2385 primo
618 2343 770 2381 quoque
791 2338 964 2384 tempore
989 2329 1037 2368 ad
1063 2329 1254 2382 populum

646 2394 684 2433 U
702 2395 727 2433 3
