1573 2598
40 243 84 275 U.
101 243 139 274 C.
157 250 233 277 309.

38 289 82 318 A.
97 286 136 318 c.
153 292 229 318 443.

42 883 151 916 Volsci
165 890 198 914 et

45 927 145 966 AEqui
162 927 233 957 vin-

45 977 174 1001 cuntur.

263 138 346 194 256
691 151 736 180 τ.
765 152 894 182 mvn

259 244 386 276 essent
404 244 596 290 potestate
613 238 720 290 pari;
752 240 855 289 quod
880 239 1169 280 saluberrimum
1192 244 1233 281 in
1258 246 1378 283 admi-

255 303 486 338 nistratione
519 314 744 350 magnarum
775 315 902 340 rerum
934 310 1004 348 est,
1038 317 1185 343 summa
1216 309 1377 359 imperii,

257 364 491 401 concedente
516 364 702 415 Agrippa,
727 378 841 415 penes
872 365 1059 415 collegam
1087 374 1190 404 erat:
1223 375 1260 405 et
1282 383 1378 420 prae·

255 430 354 468 latus
374 430 438 466 ille
457 430 637 467 facilitati
656 430 914 467 submittentis
934 444 975 468 se
994 433 1154 469 comiter
1173 435 1378 485 responde-

255 497 337 541 bat,
359 497 676 534 communicando
703 497 863 534 consilia
887 497 1104 547 laudesque,
1132 504 1171 535 et
1194 501 1377 549 aequando

254 561 426 611 inparem
464 561 549 597 sibi.
611 560 660 596 In
690 560 770 597 acie
803 561 1006 600 Quinctius
1037 561 1210 598 dextrum
1243 576 1376 608 cornu,

255 627 430 677 Agrippa
459 626 654 662 sinistrum
686 625 832 661 tenuit:
874 625 937 674 Sp.
964 624 1163 662 Postumio
1192 626 1295 663 Albo
1323 627 1378 664 le-

256 696 348 740 gato
381 691 490 727 datur
520 689 646 725 media
678 689 778 725 acies
810 689 980 734 tuenda,
1017 689 1185 738 legatum
1217 691 1378 728 alterum

256 755 336 791 Ser.
358 754 566 805 Sulpicium
586 754 775 804 equitibus
795 754 1017 804 praeficiunt.
1050 755 1199 792 Pedites
1219 756 1266 793 ab
1287 757 1378 793 dex·

258 828 320 858 tro
349 833 468 857 cornu
497 820 649 869 egregie
678 831 909 869 pugnavere,
941 819 1042 855 haud
1073 821 1239 868 segniter
1266 822 1379 858 resis-

259 884 428 921 tentibus
445 883 607 920 Volscis.
643 884 722 920 Ser.
740 882 927 933 Sulpicius
947 895 1014 932 per
1032 884 1190 920 mediam
1211 885 1380 922 hostium

261 950 380 986 aciem
401 961 499 985 >cum
532 949 705 997 equitatu
734 948 929 998 perrupit:
968 949 1067 984 unde
1100 962 1216 997 quum
1249 951 1381 988 eadem

260 1014 398 1051 reverti
430 1018 561 1064 posset
590 1013 637 1049 ad
673 1025 777 1055 suoS,
808 1013 1026 1062 priusquam
1054 1014 1176 1051 hostis
1205 1016 1380 1054 turbatos

262 1080 413 1117 ordines
434 1079 618 1121 reficeret,
639 1083 749 1127 terga
765 1078 978 1127 inpugnare
1001 1078 1169 1115 hostium
1189 1081 1306 1117 satius
1325 1082 1382 1118 vi-

263 1161 346 1184 sum
366 1152 445 1183 est:
479 1152 751 1192 momentoque
772 1144 968 1193 temporis,
997 1144 1034 1179 in
1062 1157 1230 1183 aversam
1255 1147 1382 1184 incur-

264 1212 384 1249 sando
411 1211 544 1252 aciem,
577 1209 735 1258 ancipiti
764 1215 908 1244 terrore
937 1207 1156 1257 dissipasset
1177 1211 1322 1256 hostes,
1341 1213 1383 1250 ni

264 1288 334 1312 suo
359 1273 515 1324 proprio
545 1285 631 1308 eum
660 1271 798 1322 proelio
827 1272 972 1321 equites
998 1272 1225 1311 Volscorum
1251 1282 1289 1312 et
1310 1276 1383 1313 AE-

263 1348 425 1385 quorum
451 1342 653 1385 exceptum
675 1334 904 1383 aliquamdiu
923 1335 1146 1373 tenuissent.
1204 1336 1264 1373 Ibi
1294 1351 1384 1376 vero

265 1399 453 1450 Sulpicius
473 1411 627 1448 negare,
649 1400 842 1436 cunctandi
865 1404 1003 1448 tempus
1027 1412 1109 1442 esse,
1132 1403 1386 1440 circumventos

263 1464 539 1511 interclusosque
567 1463 611 1498 ab
638 1464 709 1498 suis
734 1462 959 1506 vociferans,
982 1465 1019 1500 ni
1037 1469 1194 1512 equestre
1217 1468 1383 1514 proelium

265 1529 398 1564 connisi
417 1529 515 1563 omni
532 1528 566 1563 vi
588 1528 807 1576 perficerent.
866 1528 942 1563 Nec
958 1527 1098 1576 fitgzzre
1123 1532 1275 1577 equitem
1293 1532 1386 1568 inte·

262 1606 368 1641 grum
386 1594 474 1628 satis
492 1604 584 1635 ωδε,-
615 1593 823 1642 conficerent
847 1605 952 1641 equos
975 1595 1146 1641 virosque,
1166 1606 1211 1630 ne
1232 1596 1310 1642 quis
1327 1607 1382 1632 re-

264 1657 450 1693 veheretur
477 1658 560 1694 inde
589 1658 638 1693 ad
667 1658 847 1705 prcelium,
877 1663 943 1693 aut
971 1659 1168 1705 integraret
1196 1671 1384 1707 pugnam:

263 1733 334 1757 non
359 1732 462 1769 posse
490 1721 569 1757 illos
596 1722 756 1758 resistere
782 1721 861 1764 sibi,
888 1721 1011 1769 quibus
1036 1721 1196 1771 conferta
1223 1723 1385 1770 peditam

264 1787 358 1822 acies
386 1788 548 1822 cessisset.
606 1785 722 1822 Haud
752 1786 870 1822 surdis
900 1786 1052 1822 auribus
1075 1787 1203 1823 dicta:
1239 1788 1384 1837 inpres-

265 1849 373 1885 sione
399 1861 475 1884 una
499 1854 624 1886 totum
647 1850 856 1898 equitatum
875 1849 1017 1892 fudere,
1039 1862 1217 1898 magnam
1234 1850 1310 1886 vim
1337 1863 1383 1887 ex

265 1913 370 1961 equis
400 1913 696 1962 praecipitavere,
726 1914 829 1963 ipsos
853 1926 1044 1962 equosque
1071 1912 1223 1963 spiculis
1249 1914 1383 1951 confo-

265 1976 375 2012 dere:
419 1977 450 2012 is
480 1976 564 2013 finis
594 1990 730 2027 pugnae
762 1978 944 2026 equestris
975 1977 1059 2013 fuit.
1106 1977 1229 2021 Tunc,
1260 1978 1383 2015 adorti

264 2040 434 2091 peditum
465 2042 598 2084 aciem,
628 2043 788 2078 nuncios
817 2042 864 2078 ad
892 2041 1064 2078 consules
1084 2042 1137 2078 rei
1158 2049 1273 2090 gestae
1293 2043 1382 2080 mit-

266 2110 365 2148 tunt,
397 2105 460 2142 ubi
480 2105 564 2156 jam
590 2105 845 2143 inclinabatur
870 2107 1037 2142 hostium
1063 2107 1184 2142 acics:
1222 2108 1382 2144 nuncius

264 2168 402 2205 deinde
421 2176 460 2206 et
478 2171 716 2207 vincentibus
739 2170 925 2207 Romanis
953 2171 1099 2207 animos
1127 2172 1246 2215 auxit,
1268 2178 1306 2208 et
1324 2184 1383 2208 re-

263 2231 427 2268 ferentes
449 2234 605 2282 gradum
625 2233 785 2284 perculit
805 2234 965 2283 AEquos.
1014 2234 1060 2270 In
1080 2235 1203 2272 media
1221 2236 1384 2286 primum

264 2296 345 2332 acie
363 2297 463 2334 vinci
483 2298 613 2349 coepti,
635 2311 709 2349 qua
727 2298 929 2350 permissus
951 2299 1140 2349 equitatus
1167 2298 1383 2337 turbaverat
