1573 2598
321 195 401 236 126
771 207 973 238 T.L1V11

107 294 147 323 U·
164 292 201 324 C·
218 298 291 324 260.
316 294 362 331 lis
391 295 566 337 reditum,
596 293 766 330 omnium
795 294 989 330 actionum
1026 293 1065 329 in
1102 300 1236 331 senatu
1271 296 1428 345 primam
1477 298 1485 302 ”

107 337 142 365 Α.
159 335 195 366 C.
212 344 287 370 492.

101 1886 244 1919 secessio

102 1931 203 1970 plebis
218 1933 251 1962 in

101 1974 239 2005 Sacrum

102 2024 262 2049 montem.

317 358 452 395 habuit
487 371 556 408 pro
585 357 728 394 victore
764 357 921 408 populo,
952 357 1168 406 retulitque,
1198 359 1287 408 quid
1322 361 1429 396 nexis

318 423 397 460 fieri
426 424 617 474 placeret:
650 436 732 472 quae
758 436 873 471 quum
898 422 1040 473 rejecta
1062 422 1195 459 relatio
1215 430 1326 468 esset,
1348 425 1431 461 Non

311 489 452 536 placeo,
483 488 621 536 inquit,
651 489 843 523 concordiae
871 492 1022 523 auctor:
1053 488 1232 535 optabitis,
1260 501 1317 524 me
1334 490 1432 526 Dius

304 554 431 602 fidius,
455 564 568 601 prope
593 553 700 595 diem,
723 556 764 588 ut
790 553 857 587 mei
883 553 1013 587 similes
1033 551 1197 588 Romana
1223 553 1338 601 plebes
1359 566 1431 601 pa-

319 622 434 652 tronos
453 615 592 652 habeat.
651 615 754 656 Quod
778 616 828 651 ad
850 627 906 651 me
930 616 1079 658 adtinet,
1099 628 1208 663 neque
1224 615 1433 665 frustrabor

318 681 414 716 ultra
433 682 521 716 cives
538 692 644 723 meos,
663 692 773 728 neque
790 681 862 728 ipse
876 678 1021 728 frustra
1043 681 1197 716 dictator
1216 692 1285 717 ero.
1340 681 1432 717 Dis-

318 745 445 781 cordia>
475 746 659 787 intestffioe,
684 744 812 780 bellum
840 748 1020 780 externum
1036 743 1172 792 fecere,
1198 749 1238 780 ut
1263 744 1327 780 hoc
1354 757 1432 781 ma-

315 810 469 857 gistrata
492 814 606 857 egeret
631 809 838 857 respublica.
893 809 975 845 Paa:
991 807 1088 859 foris
1108 813 1219 856 parta
1243 813 1305 850 est,
1337 810 1435 845 (lomi

320 875 497 921 inpeditur
510 889 522 910 .·
547 875 710 922 privatas
730 875 862 921 potiuS,
882 885 987 920 quam
1013 874 1179 915 <lh-tutor,
1198 874 1361 909 seditioni
1379 875 1433 910 in-

321 943 460 974 terero:
490 938 558 981 ita,
590 938 694 973 curia
723 949 908 984 egressum,
940 936 1127 972 dictatura
1159 948 1198 972 se
1231 936 1432 973 abdicavit.

320 1002 506 1051 Adparuit
544 1014 677 1037 caussa
718 1000 834 1050 plebi,
874 1013 978 1035 suam
1014 1000 1135 1035 vicem
1172 1000 1433 1048 indignantem

317 1066 543 1115 magistratu
563 1065 697 1102 abisse.
737 1064 883 1114 Itaque,
901 1063 1003 1100 velut
1022 1063 1214 1113 persoluta
1232 1063 1318 1107 fide,
1339 1077 1433 1113 quo-

318 1130 420 1167 niam
448 1143 515 1180 per
541 1141 626 1166 eum
654 1142 734 1165 non
763 1129 942 1171 stetisset,
972 1129 1061 1178 quin
1091 1134 1345 1178 praestaretur,
1369 1128 1434 1164 de-

319 1194 515 1230 cedentem
549 1193 702 1230 domum
735 1205 820 1229 ciun
851 1192 981 1229 favore
1017 1204 1061 1228 ac
1093 1191 1266 1230 laudibus
1302 1204 1433 1243 prose-

319 1255 397 1285 cuti
415 1257 515 1286 sunt.

355 1313 550 1357 2XXXII.
581 1314 713 1351 Timor
741 1315 829 1352 inde
859 1315 992 1352 Patres
1022 1316 1190 1360 incessit,
1223 1331 1286 1360 ne,
1314 1320 1345 1354 si
1375 1321 1434 1355 di-

318 1377 453 1414 missus
477 1379 662 1415 exercitus
686 1378 799 1423 foret,
825 1391 951 1415 rursus
979 1385 1099 1416 coetus
1129 1380 1270 1417 occulti
1299 1381 1436 1433 conju-

318 1441 560 1490 rationesque
588 1441 721 1478 fierent
743 1457 751 1478 :
791 1443 933 1492 itaque,
964 1456 1191 1493 quamquam
1219 1457 1287 1496 per
1314 1445 1434 1483 dicta-

316 1509 440 1541 torem
472 1504 637 1542 delectus
671 1505 825 1542 habitus
859 1512 971 1550 esset,
1006 1513 1148 1551 tamen,
1179 1509 1359 1557 quoniam
1394 1510 1436 1547 in

317 1559 516 1604 consulum
543 1569 659 1605 verba
679 1568 888 1619 jurassent,
919 1577 1156 1607 sacramento
1186 1573 1306 1608 teneri
1333 1573 1435 1610 mili-

316 1638 395 1669 tem
413 1633 499 1676 rati,
520 1646 587 1682 per
606 1646 777 1670 caussam
796 1635 967 1671 renovati
993 1634 1040 1671 ab
1060 1635 1197 1685 AEquis
1216 1635 1306 1673 belli
1325 1637 1435 1674 educi

314 1707 364 1732 ex
392 1696 486 1732 urbe
517 1695 686 1745 legiones
713 1695 887 1746 jussere:
920 1710 995 1747 quo
1024 1698 1128 1734 facto
1160 1705 1351 1737 maturata
1378 1707 1436 1739 est

317 1761 465 1797 seditio.
521 1761 574 1797 Et
605 1762 727 1811 primo
765 1762 951 1811 agitatum
983 1763 1121 1799 dicitur
1154 1764 1200 1800 de
1236 1764 1435 1802 consulum

317 1825 432 1868 caede,
464 1831 507 1861 ut
541 1824 777 1862 solverentur
809 1833 1072 1864 sacramento:
1113 1828 1245 1864 doctos
1283 1829 1432 1874 deinde,

316 1887 460 1924 nullam
489 1889 628 1925 scelere
657 1889 878 1938 religionem
909 1890 1066 1934 exsolvi,
1097 1891 1240 1928 Sicinio
1269 1892 1433 1941 quodam

318 1958 486 1995 auctore,
506 1951 650 2001 injussu
671 1952 868 1989 consulum
889 1953 927 1989 in
948 1954 1103 1990 Sacrum
1122 1961 1290 1991 montem
1310 1967 1432 1992 seces·

317 2015 409 2051 sisse
432 2016 552 2064 (trans
572 2016 759 2052 Anienem
779 2029 928 2053 amnem
948 2017 1022 2064 est)
1044 2018 1117 2053 tria
1135 2017 1183 2054 ab
1203 2017 1295 2054 urbe
1313 2018 1432 2055 millia

315 2091 506 2129 passuum.
561 2079 621 2116 Ea
656 2079 892 2130 frequentior
926 2080 1028 2116 fania
1060 2086 1129 2125 est,
1163 2093 1289 2130 quam,
1323 2080 1429 2131 cujus

314 2142 406 2179 Piso
434 2147 568 2179 auctor
597 2148 667 2186 est,
691 2144 730 2179 in
750 2144 983 2180 Aventinum
1012 2144 1262 2182 secessionem
1289 2144 1431 2183 factam

314 2218 407 2243 esse.
464 2206 524 2243 lbi
547 2207 627 2243 sine
654 2206 731 2243 ullo
754 2208 847 2244 duce
867 2207 967 2245 vallo
989 2208 1165 2258 fossaque
1187 2210 1428 2246 communitis

314 2271 446 2316 castris
472 2271 603 2319 quieti,
628 2283 706 2307 rem
731 2271 888 2315 nullam,
912 2269 985 2308 nisi
1013 2271 1261 2309 necessu-iah]
1285 2273 1332 2309 ad
1351 2273 1427 2309 vic·

314 2338 408 2377 tum,
429 2334 625 2379 sumendo,
651 2347 716 2385 per
738 2334 883 2386 aliquot
908 2336 1000 2380 dies,
1022 2349 1142 2388 neque
1172 2336 1335 2373 lacessiti
1359 2348 1427 2372 ne·
