1573 2598
115 222 157 254 ὓ.
170 222 207 254 C.
224 228 298 254 366.

113 266 153 297 ΛΖ
168 266 204 297 C.
222 271 296 298 ³86.

94 799 251 830 Camillus

94 844 225 875 &ctator
238 842 298 873 ΙΙΙ.

98 1437 289 1466 Volscorum

97 1487 199 1510 castra
207 1480 301 1519 capit.

309 135 394 179 412
769 133 815 162 Τ.
839 133 971 162 mvn

310 236 376 259 vus
403 234 552 273 quoque
580 227 701 258 terror
723 228 932 258 accesserat
957 219 1171 257 defectione
1188 217 1418 268 La÷3norum

309 287 653 336 Hernicorumque,
674 287 752 336 qui,
772 293 860 337 post
878 297 1046 336 pugnam
1065 284 1113 321 ad
1140 283 1264 321 lacum
1282 284 1418 334 Regil-

305 351 384 389 lum
403 352 558 394 factam,
577 363 644 401 per
663 363 781 388 annos
802 363 920 401 prope
939 356 1092 386 centum
1109 361 1316 398 numquam
1335 361 1417 385 am-

306 416 423 466 bigua
457 415 530 452 fide
563 416 603 451 in
640 415 845 452 amicitiam
884 413 1015 464 populi
1050 412 1219 449 Romani
1254 412 1419 450 fuerant.

307 480 442 530 Itaque
470 492 585 528 quum
610 479 709 516 tanti
737 479 903 528 undique
927 484 1090 513 terrores
1117 477 1419 520 circumstarent,

307 544 578 594 adpareretque
615 530 808 584 omnibus,
836 554 916 577 non
948 541 1036 577 odio
1070 540 1191 576 solum
1221 540 1322 589 apud
1348 539 1422 575 ho«

308 614 398 652 ates,
420 607 484 644 sed
505 613 700 643 contemtu
721 606 836 642 etiam
858 606 956 641 inter
975 605 1097 640 socios
1116 617 1256 640 nomen
1275 603 1422 640 Roma-

307 684 400 710 num
418 670 612 714 laborare;
638 669 781 719 placuit
800 669 939 719 eisdem
958 668 1133 718 auspiciis
1154 667 1303 704 defendi
1322 679 1421 703 rem-

308 735 513 786 publicam,
547 733 682 782 quibus
721 740 942 783 recuperata
970 739 1082 775 esset,
1120 732 1421 780 dictatoremque

310 799 383 835 diei
410 798 466 835 M.
496 798 652 833 Furium
683 797 896 833 Camillum.
952 796 990 833 Is
1026 797 1192 837 dictator
1222 796 1265 832 C.
1296 795 1420 832 Servi-

308 862 400 899 lium
419 861 583 898 Ahalam
606 861 826 909 magistrum
848 860 1017 908 equitum
1045 859 1139 896 dixit
1158 874 1165 895 ;
1191 857 1421 908 justitioque

309 925 472 968 indicto,
492 923 677 960 delectum
699 921 898 971 juniorum
925 922 1074 965 habuit,
1102 922 1155 957 ita
1185 929 1226 957 ut
1254 921 1422 957 seniores

310 1002 474 1040 quoque,
496 988 630 1037 quibus
655 987 797 1036 aliquid
825 987 972 1023 roboris
1002 993 1226 1036 superesset,
1251 986 1289 1022 in
1309 985 1424 1022 verba

310 1067 379 1091 sua
407 1053 558 1103 juratos
596 1052 837 1088 centuriaret.
906 1051 1130 1087 Exercitum
1165 1051 1422 1100 conscriptum

310 1125 571 1165 armatumque
591 1116 774 1152 trifariam
795 1116 941 1151 divisit:
974 1122 1121 1165 partem
1141 1127 1253 1151 unam
1272 1115 1311 1150 in
1331 1126 1424 1163 agro

310 1182 471 1218 Veiente
489 1180 652 1216 Etrurioe
673 1179 873 1229 obposuit:
905 1178 1063 1214 alteram
1083 1184 1172 1214 ante
1192 1177 1320 1214 urbem
1340 1190 1422 1213 cas-

310 1251 371 1281 tra
399 1244 524 1280 locare
546 1242 686 1293 jussit:
718 1241 892 1278 tribunus
913 1241 1075 1277 militum
1094 1242 1155 1276 his
1170 1241 1220 1285 A.
1237 1240 1422 1284 Manlius,

312 1307 400 1352 illis,
430 1308 493 1357 qui
523 1307 697 1343 adversus
727 1305 910 1341 Etruscos
939 1304 1203 1348 mittebantur,
1230 1303 1279 1341 L.
1299 1303 1425 1340 AEmi-

312 1372 383 1408 lius
420 1371 670 1422 praepositus:
710 1370 860 1405 tertiam
898 1375 1043 1418 partem
1080 1369 1159 1418 ipse
1188 1368 1236 1404 ad
1263 1367 1424 1404 Volscos

313 1435 435 1478 duxit,
465 1447 535 1470 nec
563 1432 696 1483 procul
729 1433 776 1468 ab
806 1433 981 1468 Lanuvio
1015 1433 1080 1479 (acl
1109 1433 1276 1468 AIaecz'um
1302 1432 1334 1466 is
1367 1431 1424 1472 lo,-

313 1512 377 1537 cus
400 1500 552 1545 dieitur)
576 1505 699 1534 castra
718 1498 937 1547 obpugnare
957 1505 1013 1533 est
1038 1497 1204 1532 adortus.
1260 1496 1425 1539 Quibus,

313 1565 360 1601 ab
385 1570 580 1600 contemtu
605 1563 723 1612 (quod
751 1576 870 1612 prope
899 1575 1050 1598 omnem
1079 1561 1241 1598 deletam
1263 1574 1285 1597 a
1304 1561 1423 1597 Gallis

312 1628 529 1665 Romanam
550 1626 794 1677 juventutem
815 1626 1026 1672 crederent)
1050 1625 1096 1661 ad
1114 1624 1254 1661 bellum
1276 1625 1425 1675 profec-

312 1694 376 1735 tis,
404 1698 553 1727 tautum
577 1689 757 1726 Camillus
781 1689 930 1726 auditus
954 1690 1162 1739 imperator
1183 1689 1336 1725 terroris
1366 1690 1426 1724 in-

315 1755 466 1798 tulerat,
491 1761 533 1790 ut
554 1754 651 1790 vallo
675 1766 714 1789 se
737 1754 823 1802 ipsi,
848 1752 986 1788 vallum
1016 1752 1205 1801 congestis
1229 1752 1426 1789 arboribus

314 1820 493 1870 sepirent,
514 1830 562 1854 ne
585 1830 659 1866 qua
685 1817 825 1852 intrare
852 1817 899 1852 ad
927 1816 1162 1853 munimenta
1189 1815 1309 1851 hostis
1338 1828 1426 1864 pos-

314 1892 383 1919 set.
439 1881 553 1922 Quod
590 1881 653 1918 ubi
691 1881 957 1917 animadvertit
991 1879 1187 1922 Camillus,
1224 1879 1351 1927 ignem
1386 1880 1426 1916 in

312 1945 505 1996 objectam
538 1957 664 1994 sepem
701 1943 840 1994 conjici
870 1943 1011 1993 jussit:
1056 1950 1093 1979 et
1125 1943 1225 1979 forte
1261 1949 1341 1979 crat
1371 1943 1427 1979 vis

314 2020 453 2058 magna
483 2008 585 2043 venti
608 2019 716 2043 versa
744 2008 782 2042 in
812 2007 987 2042 hos-tem:
1020 2007 1148 2054 itaque
1175 2017 1253 2041 non
1282 2007 1430 2056 aperuit

316 2073 438 2110 solum
459 2070 639 2108 incendio
661 2072 772 2113 viam,
794 2070 873 2113 sed,
894 2070 1053 2106 flammis
1074 2070 1112 2105 in
1132 2076 1255 2105 eastra
1272 2070 1430 2106 tenden-

314 2138 430 2181 tibus,
456 2148 597 2186 vapore
624 2136 737 2171 etiam
761 2148 804 2171 ac
826 2135 932 2171 fumo
956 2136 1174 2185 crepituque
1195 2134 1320 2170 viridis
1350 2148 1430 2171 ma·

314 2202 420 2250 tcriae
450 2200 661 2250 flagrantis,
683 2200 736 2235 ita
759 2200 1018 2235 consternavit
1046 2199 1177 2235 hostes
1193 2214 1204 2245 5
1238 2206 1279 2235 ut
1307 2200 1432 2243 minor

311 2263 431 2314 moles
452 2262 717 2317 superantibus
738 2262 877 2300 vallum
898 2263 937 2298 in
959 2269 1084 2299 castra
1103 2261 1328 2299 Volscorum
1347 2262 1429 2299 Ro-

1539 590 1544 597 .
1527 558 1542 577 ‘⁴'
1524 426 1544 536 ‹jx-*3³3
1535 384 1543 419 ,οῇ-
1541 359 1543 361 .

1535 1167 1543 1175 .-
1540 1142 1542 1145 .
1526 830 1547 1124 αντα-,κῖςῆτξ-ςθῬ-ν

1510 2271 1536 2407 ,t

1509 2412 1518 2431 C

1450 2503 1551 2598 Ἀ
