1573 2598
124 485 234 518 Roma

126 531 221 561 cond.
238 527 293 557 Ol·

124 574 200 604 vll.
219 578 247 601 1.
265 577 294 601 α.

125 622 200 646 ante
213 616 248 645 C.
259 614 303 645 N.

127 664 202 695 751.

125 743 276 774 Herculis

125 787 280 817 adventus
297 787 329 817 in

126 829 266 861 Latium.

126 1131 242 1163 eacus.

127 2229 272 2261 Evander

126 2275 234 2307 Arcas.

344 189 399 232 16
797 202 843 232 Τ.
868 203 1000 233 mvn

341 289 576 327 transiluisse
605 301 759 326 muros:
792 290 879 327 inde
910 291 957 327 ab
991 291 1090 328 irato
1121 290 1292 330 Romulo
1326 294 1461 344 (quum

340 355 464 392 verbis
485 367 634 404 quoque
657 355 886 404 increpitans
908 354 1122 404 adjecisset,
1143 357 1205 393 Sic
1224 358 1361 402 deinde,
1383 361 1462 408 qui·

342 431 488 467 cumque
512 420 604 455 alius
630 420 803 454 transiliet
830 422 955 457 moenia
973 423 1067 469 mea)
1090 422 1342 460 interfectum.
1399 424 1463 462 lta

343 483 444 519 solus
467 483 612 533 potitus
639 483 798 532 imperio
818 483 1035 531 Romulus;
1069 487 1223 523 condita
1250 487 1338 524 urbs
1369 500 1462 524 con-

341 546 475 583 ditoris
494 547 648 582 nomine
668 545 868 595 adpellata.
919 547 1109 585 Palatium
1128 551 1304 600 primum,
1325 551 1365 587 in
1384 564 1461 600 quo

341 612 421 662 ipse
439 617 518 647 erat
536 611 729 652 educatis,
746 612 902 647 muniit:
925 624 1031 649 sacra
1045 612 1130 649 Diis
1147 614 1228 650 aliis
1241 615 1394 652 Albano
1409 617 1461 653 ri-

340 681 398 719 tu,
415 676 550 711 Graeco
566 674 738 717 Herculi,
756 681 798 711 ut
817 675 863 713 ab
876 675 1056 713 Evandro
1074 679 1251 716 instituta
1265 686 1386 723 erant,
1401 680 1461 718 fa-

343 740 406 777 cit.
445 739 652 777 Herculem
672 740 711 775 in
731 753 776 776 ea
793 739 890 784 loca,
909 741 1086 791 Geryone
1106 744 1324 786 interemto,
1344 743 1460 782 boves

342 805 438 841 mira
465 805 589 854 specie
614 804 785 853 abegisse
814 813 1041 850 memorant,
1070 820 1113 843 ac
1145 821 1264 857 prope
1291 808 1462 846 Tiberim

341 869 510 911 fluvium,
532 881 619 917 qua,
641 881 716 917 prae
737 880 776 903 se
801 875 1015 905 armentum
1041 883 1172 918 agens,
1200 871 1326 907 nando
1346 870 1461 921 traje-

342 939 459 975 cerat,
479 931 566 968 loco
584 931 758 973 herbido,
780 938 821 968 ut
840 933 965 981 quiete
992 939 1029 969 et
1054 933 1195 984 pabulo
1220 934 1309 970 laeto
1332 935 1462 971 refice-

341 1002 400 1032 ret
434 992 565 1039 boves,
597 1001 634 1032 et
671 996 794 1045 ipsum
830 996 972 1033 fessum
1008 998 1069 1033 via
1104 997 1376 1048 procubuisse:
1408 999 1462 1035 ibi

342 1073 458 1109 quum
487 1073 586 1102 eum,
617 1060 704 1095 cibo
726 1061 890 1109 vinoque
920 1067 1131 1109 gravatum,
1162 1074 1277 1111 sopor
1305 1061 1464 1112 obpres-

343 1125 466 1168 sisset,
497 1129 628 1174 pastor
650 1123 782 1159 adcola
803 1123 882 1173 ejus
908 1124 997 1168 loci,
1020 1126 1175 1161 nomine
1197 1125 1333 1169 Cacus,
1353 1125 1463 1164 ferox

340 1188 497 1232 viribus,
530 1194 660 1237 captus
690 1188 970 1237 pulchritudine
998 1188 1130 1232 boum,
1151 1202 1266 1238 quum
1293 1196 1463 1226 avertere

341 1266 425 1291 eam
453 1253 619 1303 praedam
638 1252 777 1298 vellet,
811 1252 912 1300 quia,
943 1253 973 1287 si
1003 1253 1151 1300 agendo
1180 1260 1393 1290 armentum
1421 1255 1463 1291 in

342 1317 560 1368 speluncam
581 1317 838 1366 compulisset,
859 1317 942 1367 ipsa
959 1318 1118 1366 vestigia
1138 1324 1367 1366 quaerentem
1393 1318 1461 1355 do-

341 1384 488 1420 minum
507 1395 554 1418 eo
573 1382 780 1419 deductura
799 1388 907 1418 erant
916 1398 927 1428 3
960 1395 1110 1419 aversos
1130 1382 1261 1425 boves,
1282 1383 1463 1420 eximium

342 1459 529 1497 quemque
554 1446 849 1496 pulchritudine,
870 1446 997 1482 caudis
1025 1447 1064 1482 in
1093 1446 1311 1496 speluncam
1332 1447 1462 1485 traxit.

342 1511 543 1555 Hercules,
565 1511 610 1547 ad
634 1511 794 1562 primam
815 1523 989 1547 auroram
1010 1523 1145 1546 somno
1159 1511 1325 1554 excitus,
1346 1523 1462 1560 quum

341 1590 496 1627 gregem
528 1575 793 1627 perlustrasset
822 1577 956 1619 oculis,
988 1583 1025 1613 et
1054 1583 1200 1628 partem
1229 1576 1361 1613 abesse
1389 1589 1461 1613 nu-

340 1654 447 1678 mero
476 1642 666 1685 sensisset,
697 1641 821 1692 pergit
850 1640 896 1677 ad
924 1641 1138 1691 proximam
1167 1640 1399 1691 speluncam,
1429 1641 1461 1676 si

341 1704 442 1741 forte
461 1717 506 1741 eo
525 1705 685 1754 vestigia
703 1704 868 1742 ferrent:
901 1717 982 1753 quae
1003 1704 1065 1740 ubi
1087 1705 1216 1740 omnia
1233 1703 1335 1740 foras
1354 1715 1464 1741 versa

341 1769 450 1812 vidit,
470 1781 540 1805 nec
563 1770 601 1805 in
630 1774 776 1819 partem
804 1768 916 1804 aliam
935 1768 1047 1812 ferre,
1069 1767 1249 1804 confusus
1269 1774 1383 1817 atque
1401 1768 1461 1804 in-

342 1840 466 1870 certus
487 1834 617 1877 animi,
639 1846 685 1869 ex
709 1832 796 1869 loco
816 1832 956 1869 infesto
976 1845 1087 1880 agere
1113 1845 1227 1883 porro
1247 1838 1460 1869 armentum

342 1898 502 1947 occepit.
560 1897 654 1933 Inde
688 1910 801 1946 quum
833 1903 927 1933 actae
959 1896 1074 1933 boves
1109 1896 1279 1945 quaedam
1316 1895 1362 1932 ad
1394 1895 1461 1932 de-

342 1961 534 2005 siderium,
557 1967 597 1997 ut
617 1960 672 2004 fit,
694 1960 909 1996 relictarum
927 1960 1151 2008 mugissent,
1172 1960 1319 1996 reddita
1337 1960 1459 1998 inclu-

343 2038 469 2062 sarum
498 2038 544 2062 ex
573 2025 751 2076 spelunca
779 2024 894 2060 boum
919 2037 994 2060 vox
1023 2023 1230 2061 Herculem
1259 2025 1462 2063 convertit.

343 2089 467 2129 Quem
494 2102 608 2139 quum
630 2089 830 2125 vadentem
855 2088 901 2125 ad
930 2087 1147 2138 speluncam
1168 2088 1289 2125 Cacus
1309 2089 1345 2124 vi
1371 2102 1460 2139 pro-

342 2152 473 2189 hibere
503 2159 664 2189 conatus
691 2158 814 2197 esset,
847 2152 943 2188 ictus
974 2151 1092 2194 clava,
1123 2151 1234 2188 fidem
1263 2158 1460 2202 pastorum

342 2218 596 2267 nequidquam
633 2218 827 2260 invocans,
863 2222 986 2253 morte
1022 2216 1212 2253 occubuit.
1281 2216 1459 2254 Evander

341 2288 424 2320 tum
453 2295 510 2325 ea,
533 2280 716 2331 profugus
746 2293 793 2317 ex
821 2280 1104 2331 Peloponneso,
1127 2281 1354 2317 auctoritate
1377 2293 1458 2318 ma-

343 2346 416 2395 gis,
452 2359 565 2396 quam
600 2346 773 2399 imperio,
811 2345 968 2395 regebat
1003 2344 1088 2383 loca
1107 2348 1125 2383 :'
1146 2344 1369 2384 venerabilis
1402 2345 1460 2384 vir
