<?xml version="1.0" encoding="UTF-8"?>
<!DOCTYPE html PUBLIC "-//W3C//DTD XHTML 1.0 Transitional//EN"
    "http://www.w3.org/TR/xhtml1/DTD/xhtml1-transitional.dtd">
<html xmlns="http://www.w3.org/1999/xhtml" xml:lang="en" lang="en">
 <head>
  <title>
</title>
<meta http-equiv="Content-Type" content="text/html;charset=utf-8" />
  <meta name='ocr-system' content='tesseract 3.04.00' />
  <meta name='ocr-capabilities' content='ocr_page ocr_carea ocr_par ocr_line ocrx_word'/>
</head>
<body>
  <div class='ocr_page' id='page_1' title='image "./historiarumquaes01livyuoft/historiarumquaes01livyuoft_0462.png"; bbox 0 0 1573 2598; ppageno 0'>
   <div class='ocr_carea' id='block_1_1' title="bbox 309 133 967 200">
    <p class='ocr_par' dir='ltr' id='par_1_1' title="bbox 309 133 967 200">
     <span class='ocr_line' id='line_1_1' title="bbox 309 133 967 200; baseline 0 -12"><span class='ocrx_word' id='word_1_1' title='bbox 309 133 395 200; x_wconf 70' lang='lat'><em>446</em></span> <span class='ocrx_word' id='word_1_2' title='bbox 766 157 811 187; x_wconf 77' lang='grc' dir='ltr'><em>τ.</em></span> <span class='ocrx_word' id='word_1_3' title='bbox 839 157 967 189; x_wconf 74' lang='lat' dir='ltr'><em>mvn</em></span> 
     </span>
    </p>
   </div>
   <div class='ocr_carea' id='block_1_2' title="bbox 125 246 1418 361">
    <p class='ocr_par' dir='ltr' id='par_1_2' title="bbox 125 246 1418 361">
     <span class='ocr_line' id='line_1_2' title="bbox 125 246 1418 307; baseline 0.003 -23"><span class='ocrx_word' id='word_1_4' title='bbox 125 267 218 299; x_wconf 46' lang='lat' dir='ltr'><em>uc.</em></span> <span class='ocrx_word' id='word_1_5' title='bbox 235 249 376 299; x_wconf 70' lang='lat' dir='ltr'><em>375,gio</em></span> <span class='ocrx_word' id='word_1_6' title='bbox 405 253 498 290; x_wconf 90' lang='lat' dir='ltr'><em>erat,</em></span> <span class='ocrx_word' id='word_1_7' title='bbox 528 246 768 297; x_wconf 85' lang='lat' dir='ltr'><em>interpellata</em></span> <span class='ocrx_word' id='word_1_8' title='bbox 796 254 864 285; x_wconf 83' lang='lat' dir='ltr'><em>est.</em></span> <span class='ocrx_word' id='word_1_9' title='bbox 885 301 892 307; x_wconf 42' lang='lat'><em>·</em></span> <span class='ocrx_word' id='word_1_10' title='bbox 921 249 1045 298; x_wconf 81' lang='lat' dir='ltr'><strong>Igitur</strong></span> <span class='ocrx_word' id='word_1_11' title='bbox 1079 262 1195 299; x_wconf 88' lang='lat' dir='ltr'><strong>quum</strong></span> <span class='ocrx_word' id='word_1_12' title='bbox 1232 248 1418 302; x_wconf 66' lang='lat' dir='ltr'><em>Sulpicia!</em></span> 
     </span>
     <span class='ocr_line' id='line_1_3' title="bbox 126 311 1416 361; baseline 0.002 -12"><span class='ocrx_word' id='word_1_13' title='bbox 126 313 167 343; x_wconf 83' lang='lat' dir='ltr'><em>A·</em></span> <span class='ocrx_word' id='word_1_14' title='bbox 182 311 218 342; x_wconf 88' lang='lat' dir='ltr'><em>C·</em></span> <span class='ocrx_word' id='word_1_15' title='bbox 234 313 521 350; x_wconf 76' lang='lat' dir='ltr'><em>³77·abdicasset</em></span> <span class='ocrx_word' id='word_1_16' title='bbox 549 324 589 347; x_wconf 86' lang='lat' dir='ltr'><em>se</em></span> <span class='ocrx_word' id='word_1_17' title='bbox 617 313 854 361; x_wconf 87' lang='lat' dir='ltr'><em>magistratu,</em></span> <span class='ocrx_word' id='word_1_18' title='bbox 876 325 1049 350; x_wconf 76' lang='lat' dir='ltr'>censores</span> <span class='ocrx_word' id='word_1_19' title='bbox 1074 313 1151 357; x_wconf 84' lang='lat' dir='ltr'><em>alii,</em></span> <span class='ocrx_word' id='word_1_20' title='bbox 1171 315 1265 351; x_wconf 87' lang='lat' dir='ltr'><em>vitio</em></span> <span class='ocrx_word' id='word_1_21' title='bbox 1285 316 1416 358; x_wconf 86' lang='lat' dir='ltr'><em>creati,</em></span> 
     </span>
    </p>
   </div>
   <div class='ocr_carea' id='block_1_3' title="bbox 123 514 294 556">
    <p class='ocr_par' dir='ltr' id='par_1_3' title="bbox 123 514 294 556">
     <span class='ocr_line' id='line_1_4' title="bbox 123 514 294 556; baseline -0.018 -8"><span class='ocrx_word' id='word_1_22' title='bbox 123 514 233 548; x_wconf 86' lang='lat' dir='ltr'><em>Tribb.</em></span> <span class='ocrx_word' id='word_1_23' title='bbox 251 515 294 556; x_wconf 89' lang='lat' dir='ltr'><em>pl.</em></span> 
     </span>
    </p>
   </div>
   <div class='ocr_carea' id='block_1_4' title="bbox 123 560 270 634">
    <p class='ocr_par' dir='ltr' id='par_1_4' title="bbox 123 560 270 634">
     <span class='ocr_line' id='line_1_5' title="bbox 123 560 270 590; baseline -0.007 0"><span class='ocrx_word' id='word_1_24' title='bbox 123 560 270 590; x_wconf 79' lang='lat' dir='ltr'><em>seditiosa</em></span> 
     </span>
     <span class='ocr_line' id='line_1_6' title="bbox 125 605 235 634; baseline -0.018 0"><span class='ocrx_word' id='word_1_25' title='bbox 125 605 235 634; x_wconf 84' lang='lat' dir='ltr'><em>oratio.</em></span> 
     </span>
    </p>
   </div>
   <div class='ocr_carea' id='block_1_5' title="bbox 114 1859 280 1977">
    <p class='ocr_par' dir='ltr' id='par_1_5' title="bbox 114 1859 280 1977">
     <span class='ocr_line' id='line_1_7' title="bbox 114 1859 243 1891; baseline 0.008 -1"><span class='ocrx_word' id='word_1_26' title='bbox 114 1859 243 1891; x_wconf 69' lang='lat' dir='ltr'><em>Beuum</em></span> 
     </span>
     <span class='ocr_line' id='line_1_8' title="bbox 115 1903 280 1935; baseline 0.018 -3"><span class='ocrx_word' id='word_1_27' title='bbox 115 1903 280 1935; x_wconf 79' lang='lat' dir='ltr'><em>Praenesti-</em></span> 
     </span>
     <span class='ocr_line' id='line_1_9' title="bbox 114 1955 209 1977; baseline 0.021 -2"><span class='ocrx_word' id='word_1_28' title='bbox 114 1955 209 1977; x_wconf 76' lang='lat' dir='ltr'><em>num·</em></span> 
     </span>
    </p>
   </div>
   <div class='ocr_carea' id='block_1_6' title="bbox 292 378 1423 2287">
    <p class='ocr_par' dir='ltr' id='par_1_6' title="bbox 292 378 1423 2287">
     <span class='ocr_line' id='line_1_10' title="bbox 309 378 1420 427; baseline 0.002 -14"><span class='ocrx_word' id='word_1_29' title='bbox 309 390 388 414; x_wconf 87' lang='lat' dir='ltr'><em>non</em></span> <span class='ocrx_word' id='word_1_30' title='bbox 425 382 623 426; x_wconf 84' lang='lat' dir='ltr'><em>gesserunt</em></span> <span class='ocrx_word' id='word_1_31' title='bbox 658 378 946 425; x_wconf 80' lang='lat' dir='ltr'><em>magistratum:</em></span> <span class='ocrx_word' id='word_1_32' title='bbox 986 379 1119 414; x_wconf 88' lang='lat' dir='ltr'><em>tertios</em></span> <span class='ocrx_word' id='word_1_33' title='bbox 1150 380 1267 415; x_wconf 84' lang='lat' dir='ltr'><em>creari</em></span> <span class='ocrx_word' id='word_1_34' title='bbox 1300 379 1420 427; x_wconf 84' lang='lat' dir='ltr'><em>(velut</em></span> 
     </span>
     <span class='ocr_line' id='line_1_11' title="bbox 309 440 1414 489; baseline 0.002 -13"><span class='ocrx_word' id='word_1_35' title='bbox 309 440 396 477; x_wconf 88' lang='lat' dir='ltr'><em>Diis</em></span> <span class='ocrx_word' id='word_1_36' title='bbox 433 453 511 476; x_wconf 90' lang='lat' dir='ltr'><em>non</em></span> <span class='ocrx_word' id='word_1_37' title='bbox 544 440 816 489; x_wconf 81' lang='lat' dir='ltr'>accipientibus</span> <span class='ocrx_word' id='word_1_38' title='bbox 844 441 884 476; x_wconf 92' lang='lat' dir='ltr'><em>in</em></span> <span class='ocrx_word' id='word_1_39' title='bbox 914 453 1000 476; x_wconf 91' lang='lat' dir='ltr'><em>eum</em></span> <span class='ocrx_word' id='word_1_40' title='bbox 1028 453 1169 477; x_wconf 87' lang='lat' dir='ltr'><em>annum</em></span> <span class='ocrx_word' id='word_1_41' title='bbox 1199 442 1414 488; x_wconf 84' lang='lat' dir='ltr'>censuram)</span> 
     </span>
     <span class='ocr_line' id='line_1_12' title="bbox 310 503 1418 555; baseline 0.001 -15"><span class='ocrx_word' id='word_1_42' title='bbox 310 504 530 553; x_wconf 85' lang='lat' dir='ltr'><em>religiosum</em></span> <span class='ocrx_word' id='word_1_43' title='bbox 566 503 651 539; x_wconf 85' lang='lat' dir='ltr'><em>fuit.</em></span> <span class='ocrx_word' id='word_1_44' title='bbox 706 503 803 539; x_wconf 86' lang='lat' dir='ltr'><em>Eam</em></span> <span class='ocrx_word' id='word_1_45' title='bbox 840 516 929 540; x_wconf 87' lang='lat' dir='ltr'><em>vero</em></span> <span class='ocrx_word' id='word_1_46' title='bbox 964 503 1261 542; x_wconf 79' lang='lat' dir='ltr'><em>ludificationem</em></span> <span class='ocrx_word' id='word_1_47' title='bbox 1299 505 1418 555; x_wconf 80' lang='lat' dir='ltr'><em>plebis</em></span> 
     </span>
     <span class='ocr_line' id='line_1_13' title="bbox 310 568 1420 617; baseline 0.001 -12"><span class='ocrx_word' id='word_1_48' title='bbox 310 569 454 606; x_wconf 84' lang='lat' dir='ltr'><em>tribuni</em></span> <span class='ocrx_word' id='word_1_49' title='bbox 482 568 675 605; x_wconf 86' lang='lat' dir='ltr'><em>ferendam</em></span> <span class='ocrx_word' id='word_1_50' title='bbox 703 568 907 617; x_wconf 86' lang='lat' dir='ltr'>negabant.</span> <span class='ocrx_word' id='word_1_51' title='bbox 964 569 1098 616; x_wconf 78' lang='lat' dir='ltr'><strong><em>Fugere</em></strong></span> <span class='ocrx_word' id='word_1_52' title='bbox 1117 574 1280 606; x_wconf 80' lang='lat' dir='ltr'><em>senatum</em></span> <span class='ocrx_word' id='word_1_53' title='bbox 1305 575 1420 613; x_wconf 82' lang='lat' dir='ltr'><em>testes,</em></span> 
     </span>
     <span class='ocr_line' id='line_1_14' title="bbox 312 631 1423 683; baseline 0 -12"><span class='ocrx_word' id='word_1_54' title='bbox 312 635 453 671; x_wconf 85' lang='lat' dir='ltr'><em>tabulas</em></span> <span class='ocrx_word' id='word_1_55' title='bbox 476 634 652 682; x_wconf 82' lang='lat' dir='ltr'><em>publicas,</em></span> <span class='ocrx_word' id='word_1_56' title='bbox 674 645 792 669; x_wconf 84' lang='lat' dir='ltr'><em>census</em></span> <span class='ocrx_word' id='word_1_57' title='bbox 813 631 992 681; x_wconf 76' lang='lat' dir='ltr'><em>cujusque,</em></span> <span class='ocrx_word' id='word_1_58' title='bbox 1020 636 1104 681; x_wconf 84' lang='lat' dir='ltr'><em>quia</em></span> <span class='ocrx_word' id='word_1_59' title='bbox 1130 635 1244 670; x_wconf 81' lang='lat' dir='ltr'><em>nolint</em></span> <span class='ocrx_word' id='word_1_60' title='bbox 1268 635 1423 683; x_wconf 78' lang='lat' dir='ltr'><em>conspici</em></span> 
     </span>
     <span class='ocr_line' id='line_1_15' title="bbox 308 698 1421 746; baseline -0.001 -11"><span class='ocrx_word' id='word_1_61' title='bbox 308 712 484 735; x_wconf 80' lang='lat' dir='ltr'><em>summam</em></span> <span class='ocrx_word' id='word_1_62' title='bbox 520 700 600 735; x_wconf 74' lang='lat' dir='ltr'><em>ceris</em></span> <span class='ocrx_word' id='word_1_63' title='bbox 631 699 756 740; x_wconf 85' lang='lat' dir='ltr'><em>alieni,</em></span> <span class='ocrx_word' id='word_1_64' title='bbox 788 710 866 746; x_wconf 83' lang='lat' dir='ltr'><em>quae</em></span> <span class='ocrx_word' id='word_1_65' title='bbox 897 698 1105 734; x_wconf 77' lang='lat' dir='ltr'><em>indicata-ra</em></span> <span class='ocrx_word' id='word_1_66' title='bbox 1131 700 1190 741; x_wconf 81' lang='lat' dir='ltr'><em>sit,</em></span> <span class='ocrx_word' id='word_1_67' title='bbox 1224 700 1421 734; x_wconf 80' lang='lat' dir='ltr'><strong><em>demersam</em></strong></span> 
     </span>
     <span class='ocr_line' id='line_1_16' title="bbox 304 762 1420 812; baseline -0.001 -13"><span class='ocrx_word' id='word_1_68' title='bbox 304 768 450 812; x_wconf 84' lang='lat' dir='ltr'><em>partem</em></span> <span class='ocrx_word' id='word_1_69' title='bbox 468 775 492 798; x_wconf 90' lang='lat' dir='ltr'><em>a</em></span> <span class='ocrx_word' id='word_1_70' title='bbox 507 767 616 811; x_wconf 82' lang='lat' dir='ltr'><em>parte</em></span> <span class='ocrx_word' id='word_1_71' title='bbox 634 763 790 798; x_wconf 79' lang='lat' dir='ltr'><em>civitatis</em></span> <span class='ocrx_word' id='word_1_72' title='bbox 802 777 814 797; x_wconf 91' lang='lat'><em>.·</em></span> <span class='ocrx_word' id='word_1_73' title='bbox 843 773 950 809; x_wconf 78' lang='lat' dir='ltr'><strong><em>quum</em></strong></span> <span class='ocrx_word' id='word_1_74' title='bbox 970 763 1111 798; x_wconf 85' lang='lat' dir='ltr'><em>interim</em></span> <span class='ocrx_word' id='word_1_75' title='bbox 1132 762 1324 798; x_wconf 77' lang='lat' dir='ltr'><em>obaeratam</em></span> <span class='ocrx_word' id='word_1_76' title='bbox 1338 763 1420 810; x_wconf 86' lang='lat' dir='ltr'><em>ple-</em></span> 
     </span>
     <span class='ocr_line' id='line_1_17' title="bbox 307 824 1421 872; baseline -0.002 -9"><span class='ocrx_word' id='word_1_77' title='bbox 307 828 383 864; x_wconf 87' lang='lat' dir='ltr'><em>bem</em></span> <span class='ocrx_word' id='word_1_78' title='bbox 410 825 580 872; x_wconf 81' lang='lat' dir='ltr'><em>objectari</em></span> <span class='ocrx_word' id='word_1_79' title='bbox 601 827 684 861; x_wconf 84' lang='lat' dir='ltr'><em>aliis</em></span> <span class='ocrx_word' id='word_1_80' title='bbox 711 830 819 872; x_wconf 82' lang='lat' dir='ltr'><em>atque</em></span> <span class='ocrx_word' id='word_1_81' title='bbox 846 825 930 860; x_wconf 78' lang='lat' dir='ltr'><em>aliis</em></span> <span class='ocrx_word' id='word_1_82' title='bbox 957 825 1122 861; x_wconf 75' lang='lat' dir='ltr'><em>hostibus,</em></span> <span class='ocrx_word' id='word_1_83' title='bbox 1178 825 1320 861; x_wconf 87' lang='lat' dir='ltr'><em>Passim</em></span> <span class='ocrx_word' id='word_1_84' title='bbox 1337 824 1421 871; x_wconf 86' lang='lat' dir='ltr'><em>jam</em></span> 
     </span>
     <span class='ocr_line' id='line_1_18' title="bbox 305 890 1417 937; baseline -0.001 -10"><span class='ocrx_word' id='word_1_85' title='bbox 305 893 383 928; x_wconf 89' lang='lat' dir='ltr'><em>sine</em></span> <span class='ocrx_word' id='word_1_86' title='bbox 409 892 485 927; x_wconf 84' lang='lat' dir='ltr'><em>ullo</em></span> <span class='ocrx_word' id='word_1_87' title='bbox 513 892 715 926; x_wconf 72' lang='lat' dir='ltr'><em>discrimine</em></span> <span class='ocrx_word' id='word_1_88' title='bbox 742 890 836 926; x_wconf 87' lang='lat' dir='ltr'><em>bella</em></span> <span class='ocrx_word' id='word_1_89' title='bbox 865 891 1000 937; x_wconf 62' lang='lat' dir='ltr'><em>quaeri:</em></span> <span class='ocrx_word' id='word_1_90' title='bbox 1028 891 1071 926; x_wconf 78' lang='lat' dir='ltr'><em>ab</em></span> <span class='ocrx_word' id='word_1_91' title='bbox 1089 892 1201 926; x_wconf 87' lang='lat' dir='ltr'><em>Antio</em></span> <span class='ocrx_word' id='word_1_92' title='bbox 1220 891 1417 934; x_wconf 76' lang='lat' dir='ltr'><em>Satricum,</em></span> 
     </span>
     <span class='ocr_line' id='line_1_19' title="bbox 307 944 1419 1002; baseline 0 -11"><span class='ocrx_word' id='word_1_93' title='bbox 307 956 351 991; x_wconf 90' lang='lat' dir='ltr'><em>ab</em></span> <span class='ocrx_word' id='word_1_94' title='bbox 380 956 522 991; x_wconf 80' lang='lat' dir='ltr'><em>Satrico</em></span> <span class='ocrx_word' id='word_1_95' title='bbox 556 955 723 996; x_wconf 82' lang='lat' dir='ltr'><em>Velitras,</em></span> <span class='ocrx_word' id='word_1_96' title='bbox 753 944 847 990; x_wconf 84' lang='lat' dir='ltr'><em>inde</em></span> <span class='ocrx_word' id='word_1_97' title='bbox 870 955 1062 990; x_wconf 77' lang='lat' dir='ltr'><em>Tusculum</em></span> <span class='ocrx_word' id='word_1_98' title='bbox 1096 956 1247 1002; x_wconf 83' lang='lat' dir='ltr'><em>legiones</em></span> <span class='ocrx_word' id='word_1_99' title='bbox 1282 956 1419 992; x_wconf 75' lang='lat' dir='ltr'><em>ductas.</em></span> 
     </span>
     <span class='ocr_line' id='line_1_20' title="bbox 309 1002 1416 1065; baseline 0 -10"><span class='ocrx_word' id='word_1_100' title='bbox 309 1020 467 1062; x_wconf 83' lang='lat' dir='ltr'><em>Latinis,</em></span> <span class='ocrx_word' id='word_1_101' title='bbox 497 1019 676 1061; x_wconf 80' lang='lat' dir='ltr'><em>Hernicis,</em></span> <span class='ocrx_word' id='word_1_102' title='bbox 707 1019 939 1055; x_wconf 83' lang='lat' dir='ltr'><em>Praenestinz&#39;s</em></span> <span class='ocrx_word' id='word_1_103' title='bbox 963 1017 1044 1065; x_wconf 84' lang='lat' dir='ltr'><em>jam</em></span> <span class='ocrx_word' id='word_1_104' title='bbox 1084 1021 1254 1055; x_wconf 84' lang='lat' dir='ltr'><em>intentari</em></span> <span class='ocrx_word' id='word_1_105' title='bbox 1289 1002 1416 1064; x_wconf 61' lang='lat' dir='ltr'><em>arma,-</em></span> 
     </span>
     <span class='ocr_line' id='line_1_21' title="bbox 307 1083 1417 1132; baseline -0.001 -11"><span class='ocrx_word' id='word_1_106' title='bbox 307 1086 438 1121; x_wconf 77' lang='lat' dir='ltr'><em>civium</em></span> <span class='ocrx_word' id='word_1_107' title='bbox 457 1086 572 1132; x_wconf 81' lang='lat' dir='ltr'><em>magis</em></span> <span class='ocrx_word' id='word_1_108' title='bbox 589 1096 696 1132; x_wconf 85' lang='lat' dir='ltr'><em>quam</em></span> <span class='ocrx_word' id='word_1_109' title='bbox 716 1083 867 1120; x_wconf 79' lang='lat' dir='ltr'><em>hostium</em></span> <span class='ocrx_word' id='word_1_110' title='bbox 889 1085 971 1119; x_wconf 80' lang='lat' dir='ltr'><em>odio</em></span> <span class='ocrx_word' id='word_1_111' title='bbox 985 1100 998 1127; x_wconf 85' lang='lat'><em>,-</em></span> <span class='ocrx_word' id='word_1_112' title='bbox 1026 1088 1068 1120; x_wconf 80' lang='lat' dir='ltr'><em>ut</em></span> <span class='ocrx_word' id='word_1_113' title='bbox 1096 1085 1132 1119; x_wconf 86' lang='lat' dir='ltr'><em>in</em></span> <span class='ocrx_word' id='word_1_114' title='bbox 1159 1085 1271 1120; x_wconf 85' lang='lat' dir='ltr'><em>armis</em></span> <span class='ocrx_word' id='word_1_115' title='bbox 1299 1089 1417 1120; x_wconf 79' lang='lat' dir='ltr'><em>terant</em></span> 
     </span>
     <span class='ocr_line' id='line_1_22' title="bbox 300 1148 1417 1198; baseline -0.001 -13"><span class='ocrx_word' id='word_1_116' title='bbox 300 1149 454 1198; x_wconf 84' lang='lat' dir='ltr'><em>plebem,</em></span> <span class='ocrx_word' id='word_1_117' title='bbox 475 1161 539 1185; x_wconf 84' lang='lat' dir='ltr'><em>nec</em></span> <span class='ocrx_word' id='word_1_118' title='bbox 556 1150 735 1196; x_wconf 81' lang='lat' dir='ltr'><em>respirare</em></span> <span class='ocrx_word' id='word_1_119' title='bbox 754 1150 790 1183; x_wconf 86' lang='lat' dir='ltr'><em>in</em></span> <span class='ocrx_word' id='word_1_120' title='bbox 810 1148 905 1190; x_wconf 84' lang='lat' dir='ltr'><em>urbe,</em></span> <span class='ocrx_word' id='word_1_121' title='bbox 926 1152 992 1184; x_wconf 82' lang='lat' dir='ltr'><em>aut</em></span> <span class='ocrx_word' id='word_1_122' title='bbox 1014 1160 1082 1196; x_wconf 82' lang='lat' dir='ltr'><em>per</em></span> <span class='ocrx_word' id='word_1_123' title='bbox 1103 1150 1215 1184; x_wconf 71' lang='lat' dir='ltr'><em>otium</em></span> <span class='ocrx_word' id='word_1_124' title='bbox 1243 1149 1417 1184; x_wconf 75' lang='lat' dir='ltr'><em>libertatis</em></span> 
     </span>
     <span class='ocr_line' id='line_1_23' title="bbox 303 1212 1414 1254; baseline -0.002 -5"><span class='ocrx_word' id='word_1_125' title='bbox 303 1214 503 1249; x_wconf 76' lang='lat' dir='ltr'><em>meminisse</em></span> <span class='ocrx_word' id='word_1_126' title='bbox 528 1214 660 1254; x_wconf 85' lang='lat' dir='ltr'><em>sinant,</em></span> <span class='ocrx_word' id='word_1_127' title='bbox 682 1217 746 1247; x_wconf 84' lang='lat' dir='ltr'><em>aut</em></span> <span class='ocrx_word' id='word_1_128' title='bbox 775 1213 962 1247; x_wconf 76' lang='lat' dir='ltr'><em>consistere</em></span> <span class='ocrx_word' id='word_1_129' title='bbox 991 1213 1026 1247; x_wconf 78' lang='lat' dir='ltr'><em>in</em></span> <span class='ocrx_word' id='word_1_130' title='bbox 1055 1213 1234 1254; x_wconf 77' lang='lat' dir='ltr'><em>concione,</em></span> <span class='ocrx_word' id='word_1_131' title='bbox 1259 1212 1318 1247; x_wconf 88' lang='lat' dir='ltr'><em>ubi</em></span> <span class='ocrx_word' id='word_1_132' title='bbox 1344 1212 1414 1248; x_wconf 83' lang='lat' dir='ltr'><em>ali-</em></span> 
     </span>
     <span class='ocr_line' id='line_1_24' title="bbox 304 1275 1416 1326; baseline -0.002 -13"><span class='ocrx_word' id='word_1_133' title='bbox 304 1279 448 1326; x_wconf 81' lang='lat' dir='ltr'><em>quando</em></span> <span class='ocrx_word' id='word_1_134' title='bbox 468 1278 621 1313; x_wconf 82' lang='lat' dir='ltr'><em>audiant</em></span> <span class='ocrx_word' id='word_1_135' title='bbox 640 1288 756 1312; x_wconf 85' lang='lat' dir='ltr'><em>vocem</em></span> <span class='ocrx_word' id='word_1_136' title='bbox 778 1276 1020 1318; x_wconf 79' lang='lat' dir='ltr'><em>tribuniciam,</em></span> <span class='ocrx_word' id='word_1_137' title='bbox 1041 1277 1086 1311; x_wconf 84' lang='lat' dir='ltr'><em>de</em></span> <span class='ocrx_word' id='word_1_138' title='bbox 1103 1277 1253 1312; x_wconf 78' lang='lat' dir='ltr'><em>levando</em></span> <span class='ocrx_word' id='word_1_139' title='bbox 1271 1275 1416 1324; x_wconf 77' lang='lat' dir='ltr'><em>fa’nore</em></span> 
     </span>
     <span class='ocr_line' id='line_1_25' title="bbox 302 1339 1417 1390; baseline -0.002 -12"><span class='ocrx_word' id='word_1_140' title='bbox 302 1346 338 1378; x_wconf 88' lang='lat' dir='ltr'><em>et</em></span> <span class='ocrx_word' id='word_1_141' title='bbox 343 1342 424 1390; x_wconf 85' lang='lat' dir='ltr'><em>fine</em></span> <span class='ocrx_word' id='word_1_142' title='bbox 439 1342 596 1377; x_wconf 80' lang='lat' dir='ltr'><em>aliarum</em></span> <span class='ocrx_word' id='word_1_143' title='bbox 613 1339 828 1385; x_wconf 80' lang='lat' dir='ltr'><em>injuriarum</em></span> <span class='ocrx_word' id='word_1_144' title='bbox 844 1345 1020 1387; x_wconf 84' lang='lat' dir='ltr'><em>agentem.</em></span> <span class='ocrx_word' id='word_1_145' title='bbox 1053 1340 1158 1380; x_wconf 71' lang='lat' dir='ltr'><em>Quod</em></span> <span class='ocrx_word' id='word_1_146' title='bbox 1170 1341 1201 1375; x_wconf 85' lang='lat' dir='ltr'><em>si</em></span> <span class='ocrx_word' id='word_1_147' title='bbox 1215 1342 1261 1375; x_wconf 82' lang='lat' dir='ltr'><em>sit</em></span> <span class='ocrx_word' id='word_1_148' title='bbox 1277 1341 1417 1376; x_wconf 78' lang='lat' dir='ltr'><em>animus</em></span> 
     </span>
     <span class='ocr_line' id='line_1_26' title="bbox 297 1404 1413 1454; baseline -0.001 -13"><span class='ocrx_word' id='word_1_149' title='bbox 297 1405 396 1454; x_wconf 85' lang='lat' dir='ltr'><em>plebi</em></span> <span class='ocrx_word' id='word_1_150' title='bbox 424 1417 559 1441; x_wconf 84' lang='lat' dir='ltr'><em>memor</em></span> <span class='ocrx_word' id='word_1_151' title='bbox 584 1409 733 1452; x_wconf 80' lang='lat' dir='ltr'><em>patrum</em></span> <span class='ocrx_word' id='word_1_152' title='bbox 765 1404 951 1446; x_wconf 68' lang='lat' dir='ltr'><em>libertatis,</em></span> <span class='ocrx_word' id='word_1_153' title='bbox 981 1416 1017 1440; x_wconf 82' lang='lat' dir='ltr'><em>se</em></span> <span class='ocrx_word' id='word_1_154' title='bbox 1048 1417 1112 1440; x_wconf 84' lang='lat' dir='ltr'><em>nec</em></span> <span class='ocrx_word' id='word_1_155' title='bbox 1141 1405 1264 1440; x_wconf 77' lang='lat' dir='ltr'><em>addici</em></span> <span class='ocrx_word' id='word_1_156' title='bbox 1292 1416 1413 1452; x_wconf 80' lang='lat' dir='ltr'><em>quem·</em></span> 
     </span>
     <span class='ocr_line' id='line_1_27' title="bbox 301 1469 1412 1518; baseline -0.001 -13"><span class='ocrx_word' id='word_1_157' title='bbox 301 1482 409 1518; x_wconf 80' lang='lat' dir='ltr'><em>quarn</em></span> <span class='ocrx_word' id='word_1_158' title='bbox 438 1470 547 1505; x_wconf 78' lang='lat' dir='ltr'><em>civem</em></span> <span class='ocrx_word' id='word_1_159' title='bbox 567 1469 773 1504; x_wconf 83' lang='lat' dir='ltr'><em>Romanum</em></span> <span class='ocrx_word' id='word_1_160' title='bbox 801 1469 841 1504; x_wconf 95' lang='lat' dir='ltr'><em>ob</em></span> <span class='ocrx_word' id='word_1_161' title='bbox 869 1470 1043 1504; x_wconf 61' lang='lat' dir='ltr'><em>creclltam</em></span> <span class='ocrx_word' id='word_1_162' title='bbox 1067 1470 1260 1516; x_wconf 77' lang='lat' dir='ltr'><em>pecuniam</em></span> <span class='ocrx_word' id='word_1_163' title='bbox 1284 1481 1412 1516; x_wconf 73' lang='lat' dir='ltr'><em>passu-</em></span> 
     </span>
     <span class='ocr_line' id='line_1_28' title="bbox 298 1532 1412 1581; baseline -0.001 -12"><span class='ocrx_word' id='word_1_164' title='bbox 298 1545 370 1576; x_wconf 80' lang='lat' dir='ltr'><em>ros,</em></span> <span class='ocrx_word' id='word_1_165' title='bbox 390 1545 502 1581; x_wconf 84' lang='lat' dir='ltr'><em>neque</em></span> <span class='ocrx_word' id='word_1_166' title='bbox 521 1534 696 1568; x_wconf 79' lang='lat' dir='ltr'><em>delectum</em></span> <span class='ocrx_word' id='word_1_167' title='bbox 719 1532 865 1575; x_wconf 83' lang='lat' dir='ltr'><em>haberi‚·</em></span> <span class='ocrx_word' id='word_1_168' title='bbox 896 1533 1018 1575; x_wconf 80' lang='lat' dir='ltr'><em>donec,</em></span> <span class='ocrx_word' id='word_1_169' title='bbox 1044 1535 1200 1581; x_wconf 81' lang='lat' dir='ltr'><em>inspecto</em></span> <span class='ocrx_word' id='word_1_170' title='bbox 1228 1545 1296 1568; x_wconf 80' lang='lat' dir='ltr'><em>oere</em></span> <span class='ocrx_word' id='word_1_171' title='bbox 1323 1533 1412 1568; x_wconf 84' lang='lat' dir='ltr'><em>alie-</em></span> 
     </span>
     <span class='ocr_line' id='line_1_29' title="bbox 298 1595 1411 1645; baseline -0.001 -12"><span class='ocrx_word' id='word_1_172' title='bbox 298 1609 359 1639; x_wconf 84' lang='lat' dir='ltr'><em>no,</em></span> <span class='ocrx_word' id='word_1_173' title='bbox 380 1598 541 1645; x_wconf 82' lang='lat' dir='ltr'><em>initaque</em></span> <span class='ocrx_word' id='word_1_174' title='bbox 569 1598 710 1632; x_wconf 82' lang='lat' dir='ltr'><em>ratione</em></span> <span class='ocrx_word' id='word_1_175' title='bbox 734 1597 918 1632; x_wconf 74' lang='lat' dir='ltr'><em>minuendi</em></span> <span class='ocrx_word' id='word_1_176' title='bbox 941 1595 1026 1642; x_wconf 70' lang='lat' dir='ltr'><em>ejus,</em></span> <span class='ocrx_word' id='word_1_177' title='bbox 1047 1598 1137 1632; x_wconf 83' lang='lat' dir='ltr'><em>sciat</em></span> <span class='ocrx_word' id='word_1_178' title='bbox 1162 1598 1411 1644; x_wconf 76' lang='lat' dir='ltr'><em>unusquisque,</em></span> 
     </span>
     <span class='ocr_line' id='line_1_30' title="bbox 299 1661 1410 1709; baseline -0.001 -12"><span class='ocrx_word' id='word_1_179' title='bbox 299 1663 386 1709; x_wconf 80' lang='lat' dir='ltr'><em>quid</em></span> <span class='ocrx_word' id='word_1_180' title='bbox 403 1663 472 1704; x_wconf 78' lang='lat' dir='ltr'><em>sui,</em></span> <span class='ocrx_word' id='word_1_181' title='bbox 493 1662 579 1709; x_wconf 83' lang='lat' dir='ltr'><em>quid</em></span> <span class='ocrx_word' id='word_1_182' title='bbox 597 1662 708 1696; x_wconf 82' lang='lat' dir='ltr'><em>alieni</em></span> <span class='ocrx_word' id='word_1_183' title='bbox 726 1662 774 1696; x_wconf 82' lang='lat' dir='ltr'><em>sit</em></span> <span class='ocrx_word' id='word_1_184' title='bbox 789 1677 801 1696; x_wconf 92' lang='lat'><em>.·</em></span> <span class='ocrx_word' id='word_1_185' title='bbox 827 1662 981 1708; x_wconf 82' lang='lat' dir='ltr'><em>supersit</em></span> <span class='ocrx_word' id='word_1_186' title='bbox 1007 1661 1072 1696; x_wconf 82' lang='lat' dir='ltr'><em>sibi</em></span> <span class='ocrx_word' id='word_1_187' title='bbox 1095 1661 1244 1696; x_wconf 79' lang='lat' dir='ltr'><em>liberum</em></span> <span class='ocrx_word' id='word_1_188' title='bbox 1269 1672 1410 1709; x_wconf 80' lang='lat' dir='ltr'><em>corpus,</em></span> 
     </span>
     <span class='ocr_line' id='line_1_31' title="bbox 299 1724 1412 1774; baseline 0 -13"><span class='ocrx_word' id='word_1_189' title='bbox 299 1738 347 1761; x_wconf 85' lang='lat' dir='ltr'><em>an</em></span> <span class='ocrx_word' id='word_1_190' title='bbox 367 1727 404 1761; x_wconf 86' lang='lat' dir='ltr'><em>id</em></span> <span class='ocrx_word' id='word_1_191' title='bbox 424 1738 562 1774; x_wconf 81' lang='lat' dir='ltr'><em>qaoque</em></span> <span class='ocrx_word' id='word_1_192' title='bbox 580 1737 686 1761; x_wconf 79' lang='lat' dir='ltr'><em>nervo</em></span> <span class='ocrx_word' id='word_1_193' title='bbox 701 1725 881 1761; x_wconf 83' lang='lat' dir='ltr'><em>debeatur.</em></span> <span class='ocrx_word' id='word_1_194' title='bbox 938 1725 1086 1760; x_wconf 84' lang='lat' dir='ltr'><em>Merces</em></span> <span class='ocrx_word' id='word_1_195' title='bbox 1107 1724 1302 1760; x_wconf 82' lang='lat' dir='ltr'><em>seditionis</em></span> <span class='ocrx_word' id='word_1_196' title='bbox 1322 1736 1412 1774; x_wconf 88' lang='lat' dir='ltr'><em>pro-</em></span> 
     </span>
     <span class='ocr_line' id='line_1_32' title="bbox 299 1788 1408 1840; baseline -0.002 -14"><span class='ocrx_word' id='word_1_197' title='bbox 299 1790 426 1840; x_wconf 87' lang='lat' dir='ltr'><em>posita</em></span> <span class='ocrx_word' id='word_1_198' title='bbox 449 1789 650 1825; x_wconf 87' lang='lat' dir='ltr'><em>confestim</em></span> <span class='ocrx_word' id='word_1_199' title='bbox 673 1789 899 1825; x_wconf 88' lang='lat' dir='ltr'><em>seditionem</em></span> <span class='ocrx_word' id='word_1_200' title='bbox 921 1789 1101 1825; x_wconf 87' lang='lat' dir='ltr'><em>excitavit</em></span> <span class='ocrx_word' id='word_1_201' title='bbox 1120 1803 1127 1824; x_wconf 92' lang='lat'>:</span> <span class='ocrx_word' id='word_1_202' title='bbox 1159 1801 1247 1825; x_wconf 85' lang='lat' dir='ltr'><em>nam</em></span> <span class='ocrx_word' id='word_1_203' title='bbox 1276 1794 1314 1824; x_wconf 89' lang='lat' dir='ltr'><em>et</em></span> <span class='ocrx_word' id='word_1_204' title='bbox 1342 1788 1408 1825; x_wconf 90' lang='lat' dir='ltr'><em>ad-</em></span> 
     </span>
     <span class='ocr_line' id='line_1_33' title="bbox 302 1852 1407 1895; baseline -0.002 -5"><span class='ocrx_word' id='word_1_205' title='bbox 302 1853 525 1890; x_wconf 81' lang='lat' dir='ltr'><em>dicebantur</em></span> <span class='ocrx_word' id='word_1_206' title='bbox 544 1853 666 1895; x_wconf 83' lang='lat' dir='ltr'><em>multi,</em></span> <span class='ocrx_word' id='word_1_207' title='bbox 688 1859 725 1888; x_wconf 87' lang='lat' dir='ltr'><em>et</em></span> <span class='ocrx_word' id='word_1_208' title='bbox 745 1853 791 1889; x_wconf 88' lang='lat' dir='ltr'><em>ad</em></span> <span class='ocrx_word' id='word_1_209' title='bbox 811 1853 1034 1889; x_wconf 65' lang='lat' dir='ltr'><em>Praenestini</em></span> <span class='ocrx_word' id='word_1_210' title='bbox 1059 1853 1200 1889; x_wconf 80' lang='lat' dir='ltr'>famam</span> <span class='ocrx_word' id='word_1_211' title='bbox 1220 1852 1310 1888; x_wconf 85' lang='lat' dir='ltr'><em>belli</em></span> <span class='ocrx_word' id='word_1_212' title='bbox 1338 1865 1407 1888; x_wconf 91' lang='lat' dir='ltr'><em>no-</em></span> 
     </span>
     <span class='ocr_line' id='line_1_34' title="bbox 301 1916 1407 1965; baseline -0.001 -11"><span class='ocrx_word' id='word_1_213' title='bbox 301 1930 364 1954; x_wconf 85' lang='lat' dir='ltr'><em>vas</em></span> <span class='ocrx_word' id='word_1_214' title='bbox 401 1917 570 1965; x_wconf 80' lang='lat' dir='ltr'><em>legiones</em></span> <span class='ocrx_word' id='word_1_215' title='bbox 608 1916 824 1952; x_wconf 80' lang='lat' dir='ltr'><em>scribendas</em></span> <span class='ocrx_word' id='word_1_216' title='bbox 861 1917 992 1953; x_wconf 87' lang='lat' dir='ltr'><em>Patres</em></span> <span class='ocrx_word' id='word_1_217' title='bbox 1031 1921 1285 1952; x_wconf 85' lang='lat' dir='ltr'><em>censuerant:</em></span> <span class='ocrx_word' id='word_1_218' title='bbox 1323 1928 1407 1964; x_wconf 82' lang='lat' dir='ltr'><em>quae</em></span> 
     </span>
     <span class='ocr_line' id='line_1_35' title="bbox 297 1979 1406 2030; baseline -0.001 -13"><span class='ocrx_word' id='word_1_219' title='bbox 297 1987 457 2030; x_wconf 85' lang='lat' dir='ltr'><em>utraque</em></span> <span class='ocrx_word' id='word_1_220' title='bbox 485 1979 598 2016; x_wconf 83' lang='lat' dir='ltr'><em>simul</em></span> <span class='ocrx_word' id='word_1_221' title='bbox 625 1980 767 2016; x_wconf 84' lang='lat' dir='ltr'><em>auxilio</em></span> <span class='ocrx_word' id='word_1_222' title='bbox 790 1980 997 2016; x_wconf 81' lang='lat' dir='ltr'><em>tribunicio</em></span> <span class='ocrx_word' id='word_1_223' title='bbox 1017 1986 1055 2016; x_wconf 89' lang='lat' dir='ltr'><em>et</em></span> <span class='ocrx_word' id='word_1_224' title='bbox 1074 1993 1260 2016; x_wconf 85' lang='lat' dir='ltr'><em>consensu</em></span> <span class='ocrx_word' id='word_1_225' title='bbox 1286 1979 1406 2029; x_wconf 86' lang='lat' dir='ltr'><em>plebis</em></span> 
     </span>
     <span class='ocr_line' id='line_1_36' title="bbox 296 2043 1406 2095; baseline -0.003 -13"><span class='ocrx_word' id='word_1_226' title='bbox 296 2045 454 2095; x_wconf 86' lang='lat' dir='ltr'><em>inpediri</em></span> <span class='ocrx_word' id='word_1_227' title='bbox 476 2050 613 2094; x_wconf 83' lang='lat' dir='ltr'><em>coepta.</em></span> <span class='ocrx_word' id='word_1_228' title='bbox 670 2043 771 2080; x_wconf 83' lang='lat' dir='ltr'><em>Nam</em></span> <span class='ocrx_word' id='word_1_229' title='bbox 800 2057 922 2092; x_wconf 86' lang='lat' dir='ltr'><em>neque</em></span> <span class='ocrx_word' id='word_1_230' title='bbox 952 2044 1036 2080; x_wconf 85' lang='lat' dir='ltr'><em>duci</em></span> <span class='ocrx_word' id='word_1_231' title='bbox 1065 2044 1232 2080; x_wconf 68' lang='lat' dir='ltr'><em>addictos</em></span> <span class='ocrx_word' id='word_1_232' title='bbox 1262 2043 1406 2080; x_wconf 82' lang='lat' dir='ltr'><em>tribuni</em></span> 
     </span>
     <span class='ocr_line' id='line_1_37' title="bbox 295 2107 1405 2158; baseline -0.001 -13"><span class='ocrx_word' id='word_1_233' title='bbox 295 2108 486 2151; x_wconf 85' lang='lat' dir='ltr'><em>sinebant,</em></span> <span class='ocrx_word' id='word_1_234' title='bbox 515 2121 637 2158; x_wconf 88' lang='lat' dir='ltr'><em>neque</em></span> <span class='ocrx_word' id='word_1_235' title='bbox 667 2107 840 2158; x_wconf 85' lang='lat' dir='ltr'><em>juniores</em></span> <span class='ocrx_word' id='word_1_236' title='bbox 878 2109 1033 2144; x_wconf 80' lang='lat' dir='ltr'><em>nomina</em></span> <span class='ocrx_word' id='word_1_237' title='bbox 1069 2108 1222 2145; x_wconf 86' lang='lat' dir='ltr'><em>dabant.</em></span> <span class='ocrx_word' id='word_1_238' title='bbox 1277 2108 1405 2147; x_wconf 85' lang='lat' dir='ltr'><strong>Quum</strong></span> 
     </span>
     <span class='ocr_line' id='line_1_38' title="bbox 293 2171 1403 2223; baseline 0 -15"><span class='ocrx_word' id='word_1_239' title='bbox 293 2172 471 2209; x_wconf 81' lang='lat' dir='ltr'><em>Patribus</em></span> <span class='ocrx_word' id='word_1_240' title='bbox 495 2173 618 2209; x_wconf 87' lang='lat' dir='ltr'><em>minor</em></span> <span class='ocrx_word' id='word_1_241' title='bbox 644 2185 807 2222; x_wconf 85' lang='lat' dir='ltr'><em>praesens</em></span> <span class='ocrx_word' id='word_1_242' title='bbox 828 2185 916 2208; x_wconf 82' lang='lat' dir='ltr'><em>cura</em></span> <span class='ocrx_word' id='word_1_243' title='bbox 936 2173 1084 2209; x_wconf 77' lang='lat' dir='ltr'><em>creditae</em></span> <span class='ocrx_word' id='word_1_244' title='bbox 1113 2173 1282 2222; x_wconf 82' lang='lat' dir='ltr'><em>pecuniae</em></span> <span class='ocrx_word' id='word_1_245' title='bbox 1303 2171 1403 2223; x_wconf 82' lang='lat' dir='ltr'><em>juris</em></span> 
     </span>
     <span class='ocr_line' id='line_1_39' title="bbox 292 2235 1402 2287; baseline 0.001 -15"><span class='ocrx_word' id='word_1_246' title='bbox 292 2237 535 2285; x_wconf 81' lang='lat' dir='ltr'><em>exsequendi,</em></span> <span class='ocrx_word' id='word_1_247' title='bbox 564 2249 681 2286; x_wconf 85' lang='lat' dir='ltr'>quam</span> <span class='ocrx_word' id='word_1_248' title='bbox 714 2236 893 2280; x_wconf 85' lang='lat' dir='ltr'><em>delectus,</em></span> <span class='ocrx_word' id='word_1_249' title='bbox 932 2244 1056 2282; x_wconf 83' lang='lat' dir='ltr'><em>esset3</em></span> <span class='ocrx_word' id='word_1_250' title='bbox 1097 2238 1234 2287; x_wconf 88' lang='lat' dir='ltr'><em>quippe</em></span> <span class='ocrx_word' id='word_1_251' title='bbox 1264 2235 1347 2287; x_wconf 82' lang='lat' dir='ltr'><em>jam</em></span> <span class='ocrx_word' id='word_1_252' title='bbox 1379 2249 1402 2273; x_wconf 87' lang='lat' dir='ltr'>a</span> 
     </span>
    </p>
   </div>
   <div class='ocr_carea' id='block_1_7' title="bbox 275 2299 1399 2351">
    <p class='ocr_par' dir='ltr' id='par_1_7' title="bbox 275 2299 1399 2351">
     <span class='ocr_line' id='line_1_40' title="bbox 275 2299 1399 2351; baseline 0 -15"><span class='ocrx_word' id='word_1_253' title='bbox 275 2299 482 2337; x_wconf 48' lang='lat' dir='ltr'><em>‘Praeneste</em></span> <span class='ocrx_word' id='word_1_254' title='bbox 511 2300 701 2351; x_wconf 84' lang='lat' dir='ltr'><em>profectos</em></span> <span class='ocrx_word' id='word_1_255' title='bbox 733 2300 862 2337; x_wconf 85' lang='lat' dir='ltr'><em>hostes</em></span> <span class='ocrx_word' id='word_1_256' title='bbox 892 2302 931 2337; x_wconf 90' lang='lat' dir='ltr'><em>in</em></span> <span class='ocrx_word' id='word_1_257' title='bbox 961 2313 1053 2351; x_wconf 79' lang='lat' dir='ltr'><em>agro</em></span> <span class='ocrx_word' id='word_1_258' title='bbox 1082 2299 1236 2337; x_wconf 80' lang='lat' dir='ltr'><em>Gabino</em></span> <span class='ocrx_word' id='word_1_259' title='bbox 1265 2312 1399 2337; x_wconf 83' lang='lat' dir='ltr'><em>conse-</em></span> 
     </span>
    </p>
   </div>
   <div class='ocr_carea' id='block_1_8' title="bbox 1496 0 1572 2598">
    <p class='ocr_par' dir='ltr' id='par_1_8' title="bbox 1496 0 1572 2598">
     <span class='ocr_line' id='line_1_41' title="bbox 1496 0 1572 2598; baseline 0 0"><span class='ocrx_word' id='word_1_260' title='bbox 1496 0 1572 2598; x_wconf 95' lang='lat' dir='ltr'><em> </em></span> 
     </span>
    </p>
   </div>
  </div>
 </body>
</html>
