1573 2598
127 253 219 283 U.C.
236 258 311 288 374.

124 297 166 327 A.
183 296 221 327 C.
236 303 312 333 378·

315 159 403 201 444
772 158 818 186 T.
846 157 977 187 mvn

322 252 479 297 quentes
507 243 798 296 imperatoribus
826 256 1067 296 processere:
1099 250 1332 281 commeatus
1361 257 1431 282 ex-

323 311 457 347 ercitui
485 310 644 346 comiter
671 309 710 345 iu
736 315 859 346 castra
884 321 931 345 ex
953 308 1047 345 urbe
1068 313 1107 344 et
1131 320 1178 344 ex
1199 309 1299 357 agris
1319 308 1430 346 deve-

321 375 439 412 bitur.
495 373 693 417 Camillus,
726 375 858 410 castris
896 379 986 410 ante
1020 379 1150 423 portas
1186 372 1336 422 positis,
1368 384 1440 408 ea-v

321 439 455 476 demne
473 437 597 476 forma
613 439 731 488 pacis,
748 451 830 488 quae
849 439 889 474 in
909 439 1008 487 agris
1029 443 1297 480 ostentaretur,
1318 437 1435 473 etiam

323 503 424 539 intra
449 503 592 539 moenia
614 508 726 545 esset,
746 503 841 538 scire
860 502 1014 552 cupiens
1033 517 1044 547 5
1074 501 1266 549 ingressus
1286 499 1432 543 urbem,

323 567 389 604 ubi
425 573 597 618 patentes
620 565 775 617 januas,
804 572 843 602 et
869 566 1037 603 tabernis
1067 565 1207 615 apertis
1236 563 1434 614 proposita

325 634 455 669 omnia
496 633 535 668 in
577 632 703 669 medio
738 631 847 675 vidit,
884 633 1128 679 intentosque
1171 628 1324 679 opifices
1364 640 1435 665 suo

326 710 512 747 quemque
535 698 653 747 operi,
675 703 713 734 et
741 697 849 733 ludos
877 696 1072 732 literarum
1097 700 1262 744 strepere
1287 693 1435 730 discen-

326 762 422 797 tium
441 761 611 803 vocibus,
638 773 681 797 ac
703 760 864 810 repletas
891 760 1059 802 semitas,
1084 758 1184 794 inter
1206 756 1340 805 vulgus
1366 756 1436 793 ali-

326 825 390 868 ud,
411 838 613 875 puerorum
633 831 671 861 et
689 824 889 861 mulierum
912 824 988 859 huc
1007 829 1121 870 atque
1142 819 1232 857 illuc
1251 822 1436 864 euntium,

327 901 402 937 qua
427 902 611 938 quemque
637 901 792 924 suorum
818 899 954 923 usuum
977 897 1118 922 caussoe
1143 883 1310 929 ferrent3
1341 883 1438 920 nihil

328 965 500 1001 usquam,
519 966 597 989 non
626 952 770 1003 pavidis
797 952 926 994 modo,
946 950 1013 986 sed
1040 962 1088 986 ne
1110 947 1335 984 mirantibus
1354 948 1438 997 qui-

329 1017 414 1053 dvm
442 1017 562 1053 simile
578 1033 588 1062 3
622 1015 950 1066 circumspiciebat
972 1015 1114 1057 omnia,
1136 1013 1328 1062 inquirens
1347 1025 1439 1049 ocu-

328 1080 388 1124 lis,
409 1081 564 1118 ubinam
582 1081 723 1117 bellum
742 1080 876 1116 fuisset
893 1095 902 1116 ε
935 1080 1030 1116 adeo
1051 1091 1119 1114 uec
1139 1083 1276 1114 amotae
1302 1077 1356 1113 rei
1375 1089 1441 1113 us-

331 1160 457 1196 quam,
474 1160 543 1183 nee
564 1146 700 1183 oblatae
725 1146 771 1182 ad
793 1151 944 1196 tempus
962 1144 1164 1192 vestigium
1190 1142 1308 1179 ullum
1334 1149 1437 1179 erat:

332 1210 398 1247 sed
426 1211 480 1247 ita
505 1211 635 1246 omnia
659 1210 851 1246 constanti
877 1207 1083 1258 tranquilla
1110 1219 1217 1257 pace,
1244 1213 1286 1242 ut
1310 1218 1357 1242 eo
1379 1207 1443 1242 vix

331 1274 435 1311 fama
451 1274 542 1311 belli
561 1274 706 1324 perlata
725 1274 839 1310 videri
859 1279 1000 1323 posset.

387 1339 540 1376 XXVI.
569 1339 702 1375 Victus
728 1339 842 1387 igitur
860 1337 1046 1387 patientia
1063 1336 1247 1378 hostium,
1268 1340 1441 1371 senatum

335 1414 467 1439 eorum
488 1403 615 1439 vocari
637 1401 766 1452 jussit.
822 1401 902 1437 Soli
921 1401 1052 1443 adhuc,
1073 1399 1211 1448 inquit,
1238 1399 1443 1441 Tusculani,

335 1479 420 1503 vera
446 1480 550 1504 arma
577 1479 744 1514 verasque
771 1468 876 1508 vires,
904 1466 1026 1514 quibus
1053 1465 1096 1500 ab
1124 1465 1181 1500 ira
1202 1464 1446 1499 Romanorum

336 1537 454 1568 vestra
473 1533 692 1574 tutaremini,
714 1532 902 1566 invenistis.
958 1530 1014 1565 Ite
1029 1529 1183 1565 Romam
1201 1528 1250 1563 (ιά
1265 1532 1458 1563 senatum?

337 1596 560 1632 aestimabunt
589 1596 732 1638 PatreS,
761 1600 882 1631 utrum
910 1596 993 1643 plus
1020 1600 1102 1630 onte
1124 1605 1249 1642 poenae,
1279 1605 1327 1628 an
1354 1604 1448 1628 nunc

337 1661 446 1696 veniae
466 1660 584 1696 meriti
601 1660 702 1695 sitis:
730 1671 801 1694 ηοη
825 1660 1034 1707 praecipimn
1055 1659 1216 1706 gratiam
1235 1657 1370 1705 publici
1390 1657 1448 1692 b'e-

335 1724 476 1773 officii.-
504 1724 719 1772 deprecandi
743 1727 957 1771 potestatem,
985 1735 1009 1758 a
1035 1734 1091 1758 me
1118 1722 1334 1765 lzabueritis5
1362 1722 1448 1769 pre-

340 1787 433 1824 cibus
460 1792 622 1824 eventum
649 1788 774 1823 vestris
800 1791 957 1829 senatus,
987 1798 1092 1835 quem
1118 1785 1307 1827 videbitur,
1337 1784 1448 1821 dabit.
1504 1823 1508 1828 ,

339 1850 548 1900 Postquam
572 1850 739 1887 Romam
763 1849 971 1887 Tusculani
994 1855 1193 1892 venerunt,
1223 1853 1449 1896 senatusque

341 1914 469 1966 paullo
498 1922 587 1952 ante
615 1915 782 1952 fidelium
808 1916 998 1953 sociorum
1021 1920 1178 1950 moestus
1201 1913 1241 1948 in
1262 1911 1450 1948 vestibulo

343 1979 455 2015 curiae
478 1985 535 2015 est
563 1986 801 2030 conspectus,
822 1980 917 2016 moti
940 1977 1132 2028 extemplo
1154 1977 1300 2019 Patres,
1321 1975 1450 2012 vocari

343 2054 407 2079 eos
433 2041 518 2093 jam
548 2049 630 2079 tum
662 2043 904 2093 hospitaliter
933 2042 1069 2090 magis,
1102 2053 1215 2089 quam
1246 2039 1449 2083 hostiliter,

335 2104 497 2157 jussere.
552 2106 730 2143 Dictator
747 2106 983 2143 Tusculanus
1006 2107 1061 2141 ita
1078 2104 1193 2141 verba
1213 2103 1327 2140 fecit:
1362 2103 1451 2145 Qui-

343 2170 404 2207 bus
431 2170 559 2207 bellum
591 2172 779 2213 indixistis,
808 2171 1060 2219 intulistisque,
1091 2171 1222 2206 Patres
1248 2170 1450 2217 conscripti,

343 2235 435 2271 sicut
452 2247 548 2272 nunc
567 2237 694 2272 videtis
712 2248 774 2272 nos
797 2240 931 2272 stantes
949 2237 985 2272 in
1003 2235 1172 2272 vestibulo
1191 2236 1299 2271 curiae
1315 2238 1451 2277 vestra»,

346 2299 399 2334 ita
423 2301 557 2337 armati
579 2301 774 2350 paratique
792 2301 931 2338 obviam
954 2299 1226 2349 imperatoribus
1243 2297 1453 2347 legionibus-
