1573 2598
403 151 560 180 LIBER
586 151 620 178 1.
652 149 759 177 CAP.
784 148 954 176 xxvlr.
1182 146 1235 187 41

103 240 207 291 serre
237 245 388 289 possent.
448 239 480 282 I,
511 239 626 280 lictor,
657 236 797 284 conliga
828 247 964 278 mamm,
995 246 1071 282 quae
1101 235 1229 282 paullo

112 310 195 341 ante
214 309 362 340 armatae
381 303 567 351 imperium
581 301 715 349 populo
734 299 898 335 Romano
912 303 1134 347 pepererunt.
1193 298 1226 340 I,

111 376 219 418 caput
255 370 385 407 obnube
422 369 618 405 liberatoris
652 366 746 403 urbis
777 364 903 412 hujus.-
941 364 1058 400 arbori
1092 363 1228 412 ὺζῘεΖίεὶ

109 436 306 483 suspende:
340 434 494 475 verbera,
526 434 580 469 vel
615 434 712 468 intra
742 431 965 479 pomoerinm,
995 430 1100 465 modo
1135 430 1228 465 inter

109 500 176 535 illa
193 500 272 547 pila
294 503 328 534 et
347 499 462 546 spolia
485 497 659 539 hostium3
688 496 744 531 vel
761 499 861 531 extra
878 495 1100 542 pomaerium,
1122 494 1226 529 modo

107 565 203 599 intra
219 564 380 610 sepulcra
401 562 653 598 Curiatiorum.
712 551 790 603 Quo
808 561 899 595 enim
921 560 1045 594 ducere
1061 558 1152 593 hunc
1160 556 1224 604 ju-

104 639 225 662 venem
242 627 401 675 potestis,
422 626 480 662 ubi
504 638 572 663 non
596 638 661 661 sua
683 626 810 660 decora
833 635 913 659 eum
938 636 961 658 α
991 627 1093 658 tanta
1109 620 1224 670 foecli-

104 695 178 726 tate
202 691 367 739 supplicii
392 691 603 726 vindicent?
628 688 722 725 Non
750 687 839 724 tulit
866 685 1028 738 populus
1057 698 1127 722 nec
1156 698 1224 735 pa-

105 755 171 791 tris
208 754 395 798 lacrimas,
426 767 495 791 nec
524 755 641 805 ipsius
677 765 808 804 parem
844 752 883 787 in
912 751 1017 788 omni
1054 749 1223 800 periculo

103 819 298 854 animum:
332 818 650 867 absolveruntque
679 816 930 853 admiratione
959 815 1078 863 magis
1103 814 1222 850 virtu·
1234 812 1423 844 Absolvitur

102 881 166 924 tis,
191 895 303 931 quam
323 881 412 932 jure
432 894 585 918 caussae.
642 881 792 930 Itaque,
815 886 856 916 ut
878 879 997 915 caedes
1021 865 1253 914 manifestata
1269 855 1302 886 P'
1319 856 1359 889 R·

103 944 231 995 aliquo
257 952 384 982 tamen
414 944 565 996 piaculo
591 944 770 987 lueretur,
791 944 1019 994 imperatum
1046 942 1159 992 patri,
1181 947 1224 978 ut

104 1008 224 1045 filium
260 1011 431 1060 expiaret
474 1011 636 1060 pecunia
674 1008 839 1059 publica.
913 1007 966 1050 Is,
997 1007 1222 1056 quibusdam

82 1072 356 1123 ·piacnlaribus
383 1073 574 1110 sacrificiis
594 1074 720 1116 factis,
741 1085 823 1122 quae
849 1072 984 1109 deinde
1009 1072 1115 1120 genti
1134 1071 1220 1107 Ho-

101 1137 207 1172 ratiae
230 1137 370 1173 tradita
393 1143 495 1180 sunt,
522 1138 744 1173 transmisso
774 1149 841 1186 per
859 1136 959 1171 viam
987 1134 1127 1183 tigillo,
1158 1147 1221 1171 ca-

100 1201 179 1249 pite
205 1201 403 1250 adoperto,
424 1201 527 1236 velut
550 1201 618 1236 sub
638 1200 777 1250 jugum
800 1200 904 1235 misit
924 1198 1119 1248 juvenem.
1175 1198 1222 1235 Id

98 1263 212 1300 hodie
232 1277 382 1313 quoque
402 1264 551 1313 publice
571 1276 718 1314 semper
744 1263 926 1298 refectum
952 1268 1092 1298 manet.
1149 1262 1220 1298 So-

100 1328 243 1364 rorium
279 1328 443 1377 tigillum
472 1333 623 1365 vocant.
680 1327 855 1364 Horatiae
885 1326 1113 1376 sepulcrum,
1144 1339 1219 1375 quo

98 1391 185 1428 loco
206 1399 408 1429 conruerat
433 1394 522 1436 icta,
543 1398 804 1428 constructum
824 1398 882 1428 est
907 1404 1000 1427 saxo
1021 1391 1218 1440 quadrato.

151 1457 326 1494 XXVII.
364 1458 447 1495 Nec
480 1459 545 1494 diu
577 1471 651 1508 pax
680 1457 832 1494 Albana
861 1457 1012 1493 mansit.
1070 1455 1219 1493 Invidia

97 1520 214 1570 vulgi,
243 1522 345 1571 quod
377 1522 498 1558 tribus
528 1522 711 1558 militibus
742 1522 897 1558 fortuna
928 1520 1080 1571 publica
1112 1533 1217 1557 com-

97 1587 211 1622 missa
238 1586 367 1630 fuerit,
388 1600 528 1623 vanum
557 1587 753 1635 ingenium
782 1586 978 1622 dictatoris
1009 1586 1212 1635 conrupit3
1238 1615 1245 1619 ,

97 1656 148 1692 et,
187 1652 367 1699 quoniam
403 1659 507 1687 recta
543 1651 702 1688 consilia
732 1651 835 1687 haud
866 1651 963 1686 bene
997 1657 1214 1694 evenerant,

95 1714 219 1762 pravis
245 1714 488 1750 reconciliare
513 1714 753 1764 popularium
776 1715 922 1750 animos
949 1714 1078 1763 coepit.
1135 1713 1214 1761 Igi-

95 1784 170 1820 tur,
203 1784 243 1813 ut
275 1779 377 1827 prius
416 1779 455 1814 in
483 1778 585 1814 bello
614 1792 759 1828 pacem,
791 1779 843 1814 sic
876 1778 916 1813 in
953 1791 1045 1827 pace
1073 1777 1215 1814 bellum

93 1853 278 1890 quaerens,
300 1843 387 1890 quia
407 1855 483 1878 suae
503 1843 645 1878 civitati
668 1843 880 1878 animorum
907 1841 1004 1891 plus,
1025 1854 1139 1891 quam
1158 1842 1213 1878 vi-

92 1906 203 1949 rium,
221 1905 400 1942 cernebat
421 1919 514 1949 esse,
537 1907 584 1942 ad
605 1906 747 1942 bellum
771 1906 896 1956 palam
913 1912 1026 1955 atque
1046 1919 1092 1942 ex
1112 1906 1211 1942 edic-

92 1975 133 2006 to
161 1970 369 2018 gerundum
394 1970 487 2006 alios
512 1971 680 2008 concitat
708 1970 896 2020 populos:
930 1972 1005 2007 suis
1035 1984 1101 2020 per
1127 1983 1212 2020 spe-

92 2034 188 2069 ciem
224 2035 415 2070 societatis
452 2035 709 2084 proditionem
746 2042 922 2072 reservat.
991 2035 1210 2078 Fidenates,

93 2097 244 2134 colonia
262 2098 454 2141 Romana,
469 2099 692 2136 Veientibus
714 2100 826 2135 sociis
847 2099 996 2136 consilii
1013 2100 1209 2142 adsumtis,

93 2169 205 2212 pacto
224 2163 460 2198 transitionis
480 2163 718 2200 Albanorum
737 2164 785 2200 ad
804 2163 944 2201 bellum
968 2170 1081 2213 atque
1107 2176 1212 2201 arma

93 2227 309 2272 incitantur.
366 2227 494 2267 Qumn
523 2227 674 2264 Fidenae
705 2234 834 2278 aperte
866 2229 1086 2272 descissent,
1116 2228 1209 2264 Tul·
1225 2219 1354 2250 Bellum

92 2290 148 2328 lus
168 2290 310 2333 Metto,
338 2293 579 2343 exercituque
605 2291 685 2343 ejus
712 2293 759 2329 ab
780 2293 879 2330 Alba
908 2294 1048 2335 adcito,
1076 2299 1209 2331 contra
1223 2264 1408 2338 {gffbgslde-
