<?xml version="1.0" encoding="UTF-8"?>
<!DOCTYPE html PUBLIC "-//W3C//DTD XHTML 1.0 Transitional//EN"
    "http://www.w3.org/TR/xhtml1/DTD/xhtml1-transitional.dtd">
<html xmlns="http://www.w3.org/1999/xhtml" xml:lang="en" lang="en">
 <head>
  <title>
</title>
<meta http-equiv="Content-Type" content="text/html;charset=utf-8" />
  <meta name='ocr-system' content='tesseract 3.04.00' />
  <meta name='ocr-capabilities' content='ocr_page ocr_carea ocr_par ocr_line ocrx_word'/>
</head>
<body>
  <div class='ocr_page' id='page_1' title='image "./historiarumquaes01livyuoft/historiarumquaes01livyuoft_0139.png"; bbox 0 0 1573 2598; ppageno 0'>
   <div class='ocr_carea' id='block_1_1' title="bbox 404 199 1248 244">
    <p class='ocr_par' dir='ltr' id='par_1_1' title="bbox 404 199 1248 244">
     <span class='ocr_line' id='line_1_1' title="bbox 404 199 1248 244; baseline 0.002 -15"><span class='ocrx_word' id='word_1_1' title='bbox 404 200 560 229; x_wconf 81' lang='lat' dir='ltr'><strong>LIBER</strong></span> <span class='ocrx_word' id='word_1_2' title='bbox 585 199 644 230; x_wconf 89' lang='lat'><strong>11.</strong></span> <span class='ocrx_word' id='word_1_3' title='bbox 666 199 775 229; x_wconf 83' lang='lat' dir='ltr'>CAP.</span> <span class='ocrx_word' id='word_1_4' title='bbox 799 199 979 230; x_wconf 79' lang='lat' dir='ltr'><strong>XXXIV·</strong></span> <span class='ocrx_word' id='word_1_5' title='bbox 1170 200 1248 244; x_wconf 82' lang='lat'><strong>129</strong></span> 
     </span>
    </p>
   </div>
   <div class='ocr_carea' id='block_1_2' title="bbox 127 285 1248 529">
    <p class='ocr_par' dir='ltr' id='par_1_2' title="bbox 127 285 1248 529">
     <span class='ocr_line' id='line_1_2' title="bbox 130 285 1248 331; baseline 0.001 -7"><span class='ocrx_word' id='word_1_6' title='bbox 130 294 186 331; x_wconf 91' lang='lat' dir='ltr'><strong>ut,</strong></span> <span class='ocrx_word' id='word_1_7' title='bbox 216 288 290 324; x_wconf 81' lang='lat' dir='ltr'><strong>nisi</strong></span> <span class='ocrx_word' id='word_1_8' title='bbox 318 287 441 324; x_wconf 86' lang='lat' dir='ltr'><strong>foedus</strong></span> <span class='ocrx_word' id='word_1_9' title='bbox 465 300 551 324; x_wconf 92' lang='lat' dir='ltr'><strong>cum</strong></span> <span class='ocrx_word' id='word_1_10' title='bbox 580 286 744 330; x_wconf 88' lang='lat' dir='ltr'><strong>Latinis,</strong></span> <span class='ocrx_word' id='word_1_11' title='bbox 768 285 948 324; x_wconf 87' lang='lat' dir='ltr'><strong>columna</strong></span> <span class='ocrx_word' id='word_1_12' title='bbox 976 299 1081 324; x_wconf 83' lang='lat' dir='ltr'><strong>aenea</strong></span> <span class='ocrx_word' id='word_1_13' title='bbox 1107 287 1248 325; x_wconf 89' lang='lat' dir='ltr'><strong>inscul-</strong></span> 
     </span>
     <span class='ocr_line' id='line_1_3' title="bbox 130 350 1248 402; baseline 0 -13"><span class='ocrx_word' id='word_1_14' title='bbox 130 358 252 402; x_wconf 88' lang='lat' dir='ltr'><strong>ptum,</strong></span> <span class='ocrx_word' id='word_1_15' title='bbox 282 358 531 389; x_wconf 88' lang='lat' dir='ltr'><strong>monumento</strong></span> <span class='ocrx_word' id='word_1_16' title='bbox 560 358 672 395; x_wconf 89' lang='lat' dir='ltr'><strong>esset,</strong></span> <span class='ocrx_word' id='word_1_17' title='bbox 703 350 750 388; x_wconf 87' lang='lat' dir='ltr'><strong>ab</strong></span> <span class='ocrx_word' id='word_1_18' title='bbox 782 351 846 402; x_wconf 68' lang='lat' dir='ltr'><strong>Sp„</strong></span> <span class='ocrx_word' id='word_1_19' title='bbox 874 352 1007 388; x_wconf 88' lang='lat' dir='ltr'><strong>Cassio</strong></span> <span class='ocrx_word' id='word_1_20' title='bbox 1036 364 1128 395; x_wconf 90' lang='lat' dir='ltr'><strong>uno,</strong></span> <span class='ocrx_word' id='word_1_21' title='bbox 1158 353 1248 401; x_wconf 84' lang='lat' dir='ltr'><strong>quia</strong></span> 
     </span>
     <span class='ocr_line' id='line_1_4' title="bbox 130 415 1245 466; baseline -0.001 -13"><span class='ocrx_word' id='word_1_22' title='bbox 130 416 276 466; x_wconf 87' lang='lat' dir='ltr'><strong>collega</strong></span> <span class='ocrx_word' id='word_1_23' title='bbox 309 417 469 459; x_wconf 85' lang='lat' dir='ltr'><strong>afuerat‚</strong></span> <span class='ocrx_word' id='word_1_24' title='bbox 500 417 631 459; x_wconf 90' lang='lat' dir='ltr'><strong>ictum,</strong></span> <span class='ocrx_word' id='word_1_25' title='bbox 661 415 887 452; x_wconf 85' lang='lat' dir='ltr'><strong>Postumum</strong></span> <span class='ocrx_word' id='word_1_26' title='bbox 917 416 1136 452; x_wconf 89' lang='lat' dir='ltr'><strong>Cominium</strong></span> <span class='ocrx_word' id='word_1_27' title='bbox 1163 415 1245 453; x_wconf 84' lang='lat' dir='ltr'><strong>bel-</strong></span> 
     </span>
     <span class='ocr_line' id='line_1_5' title="bbox 127 479 1244 529; baseline 0 -13"><span class='ocrx_word' id='word_1_28' title='bbox 127 479 206 517; x_wconf 91' lang='lat' dir='ltr'><strong>lum</strong></span> <span class='ocrx_word' id='word_1_29' title='bbox 226 481 385 529; x_wconf 82' lang='lat' dir='ltr'><strong>gessisse</strong></span> <span class='ocrx_word' id='word_1_30' title='bbox 400 493 485 517; x_wconf 91' lang='lat' dir='ltr'><strong>cum</strong></span> <span class='ocrx_word' id='word_1_31' title='bbox 497 479 661 523; x_wconf 87' lang='lat' dir='ltr'><strong>Volscis,</strong></span> <span class='ocrx_word' id='word_1_32' title='bbox 680 479 863 515; x_wconf 82' lang='lat' dir='ltr'><strong>memoria</strong></span> <span class='ocrx_word' id='word_1_33' title='bbox 882 480 1066 517; x_wconf 88' lang='lat' dir='ltr'><strong>cessisset.</strong></span> <span class='ocrx_word' id='word_1_34' title='bbox 1094 479 1244 516; x_wconf 87' lang='lat' dir='ltr'><strong>Eodem</strong></span> 
     </span>
    </p>
   </div>
   <div class='ocr_carea' id='block_1_3' title="bbox 126 543 1460 594">
    <p class='ocr_par' dir='ltr' id='par_1_3' title="bbox 126 543 1460 594">
     <span class='ocr_line' id='line_1_6' title="bbox 126 543 1460 594; baseline -0.001 -14"><span class='ocrx_word' id='word_1_35' title='bbox 126 557 227 581; x_wconf 82' lang='lat' dir='ltr'><strong>anno</strong></span> <span class='ocrx_word' id='word_1_36' title='bbox 245 545 416 594; x_wconf 88' lang='lat' dir='ltr'>Agrippa</span> <span class='ocrx_word' id='word_1_37' title='bbox 440 544 643 580; x_wconf 84' lang='lat' dir='ltr'><strong>Menenius</strong></span> <span class='ocrx_word' id='word_1_38' title='bbox 668 543 841 586; x_wconf 89' lang='lat' dir='ltr'><strong>moritur,</strong></span> <span class='ocrx_word' id='word_1_39' title='bbox 865 543 921 579; x_wconf 86' lang='lat' dir='ltr'><strong>vir</strong></span> <span class='ocrx_word' id='word_1_40' title='bbox 946 544 1050 580; x_wconf 87' lang='lat' dir='ltr'><strong>omni</strong></span> <span class='ocrx_word' id='word_1_41' title='bbox 1074 544 1154 581; x_wconf 87' lang='lat' dir='ltr'><strong>vita</strong></span> <span class='ocrx_word' id='word_1_42' title='bbox 1174 557 1241 594; x_wconf 86' lang='lat' dir='ltr'><strong>pa·</strong></span> <span class='ocrx_word' id='word_1_43' title='bbox 1254 547 1328 586; x_wconf 83' lang='lat' dir='ltr'><strong>Agr.</strong></span> <span class='ocrx_word' id='word_1_44' title='bbox 1345 547 1460 579; x_wconf 80' lang='lat' dir='ltr'><strong>Mene-</strong></span> 
     </span>
    </p>
   </div>
   <div class='ocr_carea' id='block_1_4' title="bbox 125 607 1240 658">
    <p class='ocr_par' dir='ltr' id='par_1_4' title="bbox 125 607 1240 658">
     <span class='ocr_line' id='line_1_7' title="bbox 125 607 1240 658; baseline 0.001 -15"><span class='ocrx_word' id='word_1_45' title='bbox 125 608 216 644; x_wconf 89' lang='lat' dir='ltr'><strong>riter</strong></span> <span class='ocrx_word' id='word_1_46' title='bbox 234 607 411 644; x_wconf 84' lang='lat' dir='ltr'><strong>Patribus</strong></span> <span class='ocrx_word' id='word_1_47' title='bbox 432 621 475 644; x_wconf 88' lang='lat' dir='ltr'><strong>ac</strong></span> <span class='ocrx_word' id='word_1_48' title='bbox 503 607 605 658; x_wconf 89' lang='lat' dir='ltr'><strong>plebi</strong></span> <span class='ocrx_word' id='word_1_49' title='bbox 628 619 760 652; x_wconf 83' lang='lat' dir='ltr'><strong>carus;</strong></span> <span class='ocrx_word' id='word_1_50' title='bbox 793 613 881 656; x_wconf 92' lang='lat' dir='ltr'><strong>post</strong></span> <span class='ocrx_word' id='word_1_51' title='bbox 905 607 1157 644; x_wconf 89' lang='lat' dir='ltr'><strong>secessionem</strong></span> <span class='ocrx_word' id='word_1_52' title='bbox 1179 621 1240 644; x_wconf 92' lang='lat' dir='ltr'><strong>ca-</strong></span> 
     </span>
    </p>
   </div>
   <div class='ocr_carea' id='block_1_5' title="bbox 1254 590 1413 622">
    <p class='ocr_par' dir='ltr' id='par_1_5' title="bbox 1254 590 1413 622">
     <span class='ocr_line' id='line_1_8' title="bbox 1254 590 1413 622; baseline 0.019 -3"><span class='ocrx_word' id='word_1_53' title='bbox 1254 590 1298 620; x_wconf 86' lang='lat' dir='ltr'><strong>nii</strong></span> <span class='ocrx_word' id='word_1_54' title='bbox 1315 600 1413 622; x_wconf 89' lang='lat' dir='ltr'><strong>mors.</strong></span> 
     </span>
    </p>
   </div>
   <div class='ocr_carea' id='block_1_6' title="bbox 122 672 1441 786">
    <p class='ocr_par' dir='ltr' id='par_1_6' title="bbox 122 672 1441 786">
     <span class='ocr_line' id='line_1_9' title="bbox 122 672 1441 723; baseline 0.002 -15"><span class='ocrx_word' id='word_1_55' title='bbox 122 672 202 709; x_wconf 90' lang='lat' dir='ltr'><strong>rior</strong></span> <span class='ocrx_word' id='word_1_56' title='bbox 228 672 330 723; x_wconf 90' lang='lat' dir='ltr'><strong>plebi</strong></span> <span class='ocrx_word' id='word_1_57' title='bbox 357 673 493 711; x_wconf 87' lang='lat' dir='ltr'><strong>factus.</strong></span> <span class='ocrx_word' id='word_1_58' title='bbox 550 673 654 710; x_wconf 87' lang='lat' dir='ltr'>Huic</span> <span class='ocrx_word' id='word_1_59' title='bbox 680 673 878 722; x_wconf 85' lang='lat' dir='ltr'><strong>interpreti</strong></span> <span class='ocrx_word' id='word_1_60' title='bbox 904 673 1123 723; x_wconf 88' lang='lat' dir='ltr'><strong>arbitroque</strong></span> <span class='ocrx_word' id='word_1_61' title='bbox 1148 687 1239 711; x_wconf 91' lang='lat' dir='ltr'><strong>con·</strong></span> <span class='ocrx_word' id='word_1_62' title='bbox 1253 684 1294 715; x_wconf 85' lang='lat' dir='ltr'><strong>U.</strong></span> <span class='ocrx_word' id='word_1_63' title='bbox 1311 684 1349 716; x_wconf 80' lang='lat' dir='ltr'><strong>c,</strong></span> <span class='ocrx_word' id='word_1_64' title='bbox 1365 690 1441 717; x_wconf 75' lang='lat'><strong>262.</strong></span> 
     </span>
     <span class='ocr_line' id='line_1_10' title="bbox 122 728 1438 786; baseline 0.002 -14"><span class='ocrx_word' id='word_1_65' title='bbox 122 737 260 773; x_wconf 84' lang='lat' dir='ltr'><strong>cordiae</strong></span> <span class='ocrx_word' id='word_1_66' title='bbox 283 737 434 780; x_wconf 85' lang='lat' dir='ltr'><strong>civium,</strong></span> <span class='ocrx_word' id='word_1_67' title='bbox 455 736 583 786; x_wconf 85' lang='lat' dir='ltr'><strong>legato</strong></span> <span class='ocrx_word' id='word_1_68' title='bbox 603 737 760 773; x_wconf 86' lang='lat' dir='ltr'><strong>Patrum</strong></span> <span class='ocrx_word' id='word_1_69' title='bbox 786 736 834 772; x_wconf 87' lang='lat' dir='ltr'><strong>ad</strong></span> <span class='ocrx_word' id='word_1_70' title='bbox 861 735 1025 786; x_wconf 87' lang='lat' dir='ltr'><strong>plebem,</strong></span> <span class='ocrx_word' id='word_1_71' title='bbox 1047 738 1238 775; x_wconf 87' lang='lat' dir='ltr'><strong>reductori</strong></span> <span class='ocrx_word' id='word_1_72' title='bbox 1250 728 1291 759; x_wconf 64' lang='grc' dir='ltr'><strong>Α·</strong></span> <span class='ocrx_word' id='word_1_73' title='bbox 1308 728 1346 760; x_wconf 80' lang='lat' dir='ltr'><strong>C·</strong></span> <span class='ocrx_word' id='word_1_74' title='bbox 1363 736 1438 762; x_wconf 84' lang='lat'><strong>⁴⁹⁰·</strong></span> 
     </span>
    </p>
   </div>
   <div class='ocr_carea' id='block_1_7' title="bbox 116 799 1244 1102">
    <p class='ocr_par' dir='ltr' id='par_1_7' title="bbox 116 799 1244 1102">
     <span class='ocr_line' id='line_1_11' title="bbox 120 799 1240 850; baseline 0.004 -14"><span class='ocrx_word' id='word_1_75' title='bbox 120 799 240 850; x_wconf 89' lang='lat' dir='ltr'><strong>plebis</strong></span> <span class='ocrx_word' id='word_1_76' title='bbox 260 800 447 837; x_wconf 86' lang='lat' dir='ltr'><strong>Romanae</strong></span> <span class='ocrx_word' id='word_1_77' title='bbox 476 802 516 837; x_wconf 91' lang='lat' dir='ltr'><strong>in</strong></span> <span class='ocrx_word' id='word_1_78' title='bbox 538 801 670 838; x_wconf 89' lang='lat' dir='ltr'><strong>urbem</strong></span> <span class='ocrx_word' id='word_1_79' title='bbox 690 806 834 836; x_wconf 88' lang='lat' dir='ltr'><strong>sumtus</strong></span> <span class='ocrx_word' id='word_1_80' title='bbox 854 800 977 836; x_wconf 88' lang='lat' dir='ltr'><strong>funeri</strong></span> <span class='ocrx_word' id='word_1_81' title='bbox 997 800 1138 837; x_wconf 89' lang='lat' dir='ltr'><strong>defuit:</strong></span> <span class='ocrx_word' id='word_1_82' title='bbox 1170 815 1240 840; x_wconf 79' lang='lat' dir='ltr'><strong>ex-</strong></span> 
     </span>
     <span class='ocr_line' id='line_1_12' title="bbox 119 864 1093 916; baseline 0.002 -15"><span class='ocrx_word' id='word_1_83' title='bbox 119 864 207 901; x_wconf 89' lang='lat' dir='ltr'><strong>tulit</strong></span> <span class='ocrx_word' id='word_1_84' title='bbox 226 879 312 901; x_wconf 88' lang='lat' dir='ltr'><strong>eum</strong></span> <span class='ocrx_word' id='word_1_85' title='bbox 330 865 436 916; x_wconf 88' lang='lat' dir='ltr'><strong>plebs</strong></span> <span class='ocrx_word' id='word_1_86' title='bbox 457 865 694 902; x_wconf 83' lang='lat' dir='ltr'><strong>sextantibus</strong></span> <span class='ocrx_word' id='word_1_87' title='bbox 715 864 875 901; x_wconf 83' lang='lat' dir='ltr'><strong>conlatis</strong></span> <span class='ocrx_word' id='word_1_88' title='bbox 897 865 935 901; x_wconf 87' lang='lat' dir='ltr'><strong>in</strong></span> <span class='ocrx_word' id='word_1_89' title='bbox 955 867 1093 916; x_wconf 85' lang='lat' dir='ltr'><strong>capita.</strong></span> 
     </span>
     <span class='ocr_line' id='line_1_13' title="bbox 171 929 1236 978; baseline 0.002 -12"><span class='ocrx_word' id='word_1_90' title='bbox 171 929 367 966; x_wconf 87' lang='lat' dir='ltr'>XXXIV.</span> <span class='ocrx_word' id='word_1_91' title='bbox 389 929 574 966; x_wconf 86' lang='lat' dir='ltr'><strong>Consules</strong></span> <span class='ocrx_word' id='word_1_92' title='bbox 594 929 729 965; x_wconf 88' lang='lat' dir='ltr'><strong>deinde</strong></span> <span class='ocrx_word' id='word_1_93' title='bbox 747 929 793 965; x_wconf 92' lang='lat' dir='ltr'><strong>T.</strong></span> <span class='ocrx_word' id='word_1_94' title='bbox 811 929 1020 978; x_wconf 81' lang='lat' dir='ltr'><strong>GeganiuS,</strong></span> <span class='ocrx_word' id='word_1_95' title='bbox 1040 930 1084 968; x_wconf 87' lang='lat' dir='ltr'><strong>P.</strong></span> <span class='ocrx_word' id='word_1_96' title='bbox 1103 929 1236 969; x_wconf 88' lang='lat' dir='ltr'><strong>Minu-</strong></span> 
     </span>
     <span class='ocr_line' id='line_1_14' title="bbox 118 994 1244 1044; baseline 0.003 -13"><span class='ocrx_word' id='word_1_97' title='bbox 118 995 197 1031; x_wconf 87' lang='lat' dir='ltr'><strong>cius</strong></span> <span class='ocrx_word' id='word_1_98' title='bbox 216 995 320 1032; x_wconf 86' lang='lat' dir='ltr'><strong>facti.</strong></span> <span class='ocrx_word' id='word_1_99' title='bbox 375 996 436 1033; x_wconf 88' lang='lat' dir='ltr'><strong>Eo</strong></span> <span class='ocrx_word' id='word_1_100' title='bbox 459 1008 575 1038; x_wconf 84' lang='lat' dir='ltr'><strong>anno,</strong></span> <span class='ocrx_word' id='word_1_101' title='bbox 597 1008 711 1044; x_wconf 85' lang='lat' dir='ltr'><strong>quum</strong></span> <span class='ocrx_word' id='word_1_102' title='bbox 740 1001 778 1031; x_wconf 91' lang='lat' dir='ltr'><strong>et</strong></span> <span class='ocrx_word' id='word_1_103' title='bbox 799 994 891 1031; x_wconf 84' lang='lat' dir='ltr'><strong>foris</strong></span> <span class='ocrx_word' id='word_1_104' title='bbox 915 996 1043 1044; x_wconf 88' lang='lat' dir='ltr'><strong>quieta</strong></span> <span class='ocrx_word' id='word_1_105' title='bbox 1062 998 1190 1033; x_wconf 86' lang='lat' dir='ltr'><strong>omnia</strong></span> <span class='ocrx_word' id='word_1_106' title='bbox 1213 1011 1244 1034; x_wconf 72' lang='lat' dir='ltr'><strong>a:</strong></span> 
     </span>
     <span class='ocr_line' id='line_1_15' title="bbox 116 1058 1244 1102; baseline 0.003 -7"><span class='ocrx_word' id='word_1_107' title='bbox 116 1058 219 1096; x_wconf 89' lang='lat' dir='ltr'><strong>bello</strong></span> <span class='ocrx_word' id='word_1_108' title='bbox 245 1065 383 1102; x_wconf 85' lang='lat' dir='ltr'><strong>essent,</strong></span> <span class='ocrx_word' id='word_1_109' title='bbox 411 1065 450 1095; x_wconf 90' lang='lat' dir='ltr'><strong>et</strong></span> <span class='ocrx_word' id='word_1_110' title='bbox 474 1059 577 1095; x_wconf 90' lang='lat' dir='ltr'><strong>domi</strong></span> <span class='ocrx_word' id='word_1_111' title='bbox 604 1069 736 1095; x_wconf 85' lang='lat' dir='ltr'><strong>sanata</strong></span> <span class='ocrx_word' id='word_1_112' title='bbox 762 1059 962 1102; x_wconf 83' lang='lat' dir='ltr'><strong>discordia,</strong></span> <span class='ocrx_word' id='word_1_113' title='bbox 983 1060 1084 1097; x_wconf 91' lang='lat' dir='ltr'><strong>aliud</strong></span> <span class='ocrx_word' id='word_1_114' title='bbox 1113 1061 1244 1098; x_wconf 86' lang='lat' dir='ltr'><strong>multo·</strong></span> 
     </span>
    </p>
   </div>
   <div class='ocr_carea' id='block_1_8' title="bbox 117 1121 1364 1175">
    <p class='ocr_par' dir='ltr' id='par_1_8' title="bbox 117 1121 1364 1175">
     <span class='ocr_line' id='line_1_16' title="bbox 117 1121 1364 1175; baseline 0.003 -16"><span class='ocrx_word' id='word_1_115' title='bbox 117 1124 266 1172; x_wconf 88' lang='lat' dir='ltr'><strong>gravius</strong></span> <span class='ocrx_word' id='word_1_116' title='bbox 296 1123 438 1160; x_wconf 88' lang='lat' dir='ltr'><strong>malum</strong></span> <span class='ocrx_word' id='word_1_117' title='bbox 475 1124 667 1160; x_wconf 85' lang='lat' dir='ltr'><strong>civitatem</strong></span> <span class='ocrx_word' id='word_1_118' title='bbox 700 1124 864 1160; x_wconf 87' lang='lat' dir='ltr'><strong>invasit:</strong></span> <span class='ocrx_word' id='word_1_119' title='bbox 905 1125 1041 1161; x_wconf 85' lang='lat' dir='ltr'><strong>caritas</strong></span> <span class='ocrx_word' id='word_1_120' title='bbox 1071 1126 1234 1175; x_wconf 88' lang='lat' dir='ltr'><strong>primum</strong></span> <span class='ocrx_word' id='word_1_121' title='bbox 1246 1121 1364 1152; x_wconf 81' lang='lat' dir='ltr'><strong>Caritas</strong></span> 
     </span>
    </p>
   </div>
   <div class='ocr_carea' id='block_1_9' title="bbox 90 1187 1253 2330">
    <p class='ocr_par' dir='ltr' id='par_1_9' title="bbox 96 1187 1253 2007">
     <span class='ocr_line' id='line_1_17' title="bbox 115 1187 1228 1239; baseline 0.003 -16"><span class='ocrx_word' id='word_1_122' title='bbox 115 1199 290 1230; x_wconf 81' lang='lat' dir='ltr'><strong>annonae,</strong></span> <span class='ocrx_word' id='word_1_123' title='bbox 322 1200 368 1223; x_wconf 85' lang='lat' dir='ltr'><strong>ex</strong></span> <span class='ocrx_word' id='word_1_124' title='bbox 396 1187 548 1224; x_wconf 91' lang='lat' dir='ltr'><strong>incultis</strong></span> <span class='ocrx_word' id='word_1_125' title='bbox 578 1201 644 1238; x_wconf 87' lang='lat' dir='ltr'><strong>per</strong></span> <span class='ocrx_word' id='word_1_126' title='bbox 673 1188 923 1224; x_wconf 87' lang='lat' dir='ltr'><strong>secessionem</strong></span> <span class='ocrx_word' id='word_1_127' title='bbox 952 1189 1071 1239; x_wconf 89' lang='lat' dir='ltr'><strong>plebis</strong></span> <span class='ocrx_word' id='word_1_128' title='bbox 1101 1191 1228 1239; x_wconf 85' lang='lat' dir='ltr'><strong>agris;</strong></span> 
     </span>
     <span class='ocr_line' id='line_1_18' title="bbox 112 1250 1232 1303; baseline 0.004 -17"><span class='ocrx_word' id='word_1_129' title='bbox 112 1250 230 1286; x_wconf 84' lang='lat' dir='ltr'><strong>fames</strong></span> <span class='ocrx_word' id='word_1_130' title='bbox 263 1250 412 1294; x_wconf 89' lang='lat' dir='ltr'><strong>deinde,</strong></span> <span class='ocrx_word' id='word_1_131' title='bbox 443 1250 563 1300; x_wconf 75' lang='lat' dir='ltr'><strong>qualis</strong></span> <span class='ocrx_word' id='word_1_132' title='bbox 597 1251 732 1287; x_wconf 90' lang='lat' dir='ltr'><strong>clausis</strong></span> <span class='ocrx_word' id='word_1_133' title='bbox 767 1251 889 1288; x_wconf 88' lang='lat' dir='ltr'><strong>solet:</strong></span> <span class='ocrx_word' id='word_1_134' title='bbox 922 1259 1151 1303; x_wconf 88' lang='lat' dir='ltr'><strong>ventumque</strong></span> <span class='ocrx_word' id='word_1_135' title='bbox 1182 1255 1232 1292; x_wconf 84' lang='lat' dir='ltr'><strong>ad</strong></span> 
     </span>
     <span class='ocr_line' id='line_1_19' title="bbox 111 1314 1233 1365; baseline 0.004 -15"><span class='ocrx_word' id='word_1_136' title='bbox 111 1314 307 1350; x_wconf 84' lang='lat' dir='ltr'><strong>interitum</strong></span> <span class='ocrx_word' id='word_1_137' title='bbox 330 1315 568 1350; x_wconf 89' lang='lat' dir='ltr'><strong>servitiorum</strong></span> <span class='ocrx_word' id='word_1_138' title='bbox 591 1315 720 1364; x_wconf 92' lang='lat' dir='ltr'><strong>utique</strong></span> <span class='ocrx_word' id='word_1_139' title='bbox 743 1321 782 1351; x_wconf 89' lang='lat' dir='ltr'><strong>et</strong></span> <span class='ocrx_word' id='word_1_140' title='bbox 803 1315 923 1365; x_wconf 90' lang='lat' dir='ltr'><strong>plebis</strong></span> <span class='ocrx_word' id='word_1_141' title='bbox 945 1323 1056 1360; x_wconf 87' lang='lat' dir='ltr'><strong>esset,</strong></span> <span class='ocrx_word' id='word_1_142' title='bbox 1077 1318 1116 1353; x_wconf 91' lang='lat' dir='ltr'><strong>ni</strong></span> <span class='ocrx_word' id='word_1_143' title='bbox 1137 1331 1233 1355; x_wconf 82' lang='lat' dir='ltr'><strong>con-</strong></span> 
     </span>
     <span class='ocr_line' id='line_1_20' title="bbox 111 1377 1229 1428; baseline 0.004 -14"><span class='ocrx_word' id='word_1_144' title='bbox 111 1377 209 1414; x_wconf 86' lang='lat' dir='ltr'><strong>sules</strong></span> <span class='ocrx_word' id='word_1_145' title='bbox 243 1377 510 1427; x_wconf 85' lang='lat' dir='ltr'><strong>providissent,</strong></span> <span class='ocrx_word' id='word_1_146' title='bbox 540 1378 701 1414; x_wconf 87' lang='lat' dir='ltr'><strong>dimissis</strong></span> <span class='ocrx_word' id='word_1_147' title='bbox 740 1379 880 1428; x_wconf 86' lang='lat' dir='ltr'><strong>passim</strong></span> <span class='ocrx_word' id='word_1_148' title='bbox 913 1379 960 1415; x_wconf 90' lang='lat' dir='ltr'><strong>ad</strong></span> <span class='ocrx_word' id='word_1_149' title='bbox 995 1379 1229 1419; x_wconf 88' lang='lat' dir='ltr'><strong>frumentum</strong></span> 
     </span>
     <span class='ocr_line' id='line_1_21' title="bbox 110 1443 1229 1486; baseline 0.004 -8"><span class='ocrx_word' id='word_1_150' title='bbox 110 1443 371 1486; x_wconf 64' lang='lat' dir='ltr'><strong>coemendum,</strong></span> <span class='ocrx_word' id='word_1_151' title='bbox 391 1456 470 1479; x_wconf 91' lang='lat' dir='ltr'><strong>non</strong></span> <span class='ocrx_word' id='word_1_152' title='bbox 489 1443 527 1479; x_wconf 89' lang='lat' dir='ltr'><strong>in</strong></span> <span class='ocrx_word' id='word_1_153' title='bbox 547 1443 739 1480; x_wconf 84' lang='lat' dir='ltr'><strong>Etruriam</strong></span> <span class='ocrx_word' id='word_1_154' title='bbox 759 1444 873 1480; x_wconf 92' lang='lat' dir='ltr'><strong>modo</strong></span> <span class='ocrx_word' id='word_1_155' title='bbox 893 1444 1034 1481; x_wconf 85' lang='lat' dir='ltr'><strong>dextris</strong></span> <span class='ocrx_word' id='word_1_156' title='bbox 1055 1446 1102 1483; x_wconf 88' lang='lat' dir='ltr'><strong>ab</strong></span> <span class='ocrx_word' id='word_1_157' title='bbox 1116 1446 1229 1484; x_wconf 84' lang='lat' dir='ltr'><strong>Ostia</strong></span> 
     </span>
     <span class='ocr_line' id='line_1_22' title="bbox 107 1506 1227 1559; baseline 0.005 -17"><span class='ocrx_word' id='word_1_158' title='bbox 107 1506 296 1550; x_wconf 88' lang='lat' dir='ltr'><strong>litoribus,</strong></span> <span class='ocrx_word' id='word_1_159' title='bbox 326 1507 495 1556; x_wconf 89' lang='lat' dir='ltr'><strong>laevoque</strong></span> <span class='ocrx_word' id='word_1_160' title='bbox 525 1518 590 1557; x_wconf 90' lang='lat' dir='ltr'><strong>per</strong></span> <span class='ocrx_word' id='word_1_161' title='bbox 612 1507 772 1544; x_wconf 88' lang='lat' dir='ltr'><strong>Volscos</strong></span> <span class='ocrx_word' id='word_1_162' title='bbox 802 1509 896 1544; x_wconf 92' lang='lat' dir='ltr'><strong>mari</strong></span> <span class='ocrx_word' id='word_1_163' title='bbox 925 1522 1043 1559; x_wconf 89' lang='lat' dir='ltr'><strong>usque</strong></span> <span class='ocrx_word' id='word_1_164' title='bbox 1071 1510 1119 1546; x_wconf 86' lang='lat' dir='ltr'><strong>ad</strong></span> <span class='ocrx_word' id='word_1_165' title='bbox 1149 1511 1227 1548; x_wconf 89' lang='lat' dir='ltr'><strong>Cu-</strong></span> 
     </span>
     <span class='ocr_line' id='line_1_23' title="bbox 106 1572 1253 1622; baseline 0.005 -15"><span class='ocrx_word' id='word_1_166' title='bbox 106 1584 201 1615; x_wconf 85' lang='lat' dir='ltr'><strong>mas,</strong></span> <span class='ocrx_word' id='word_1_167' title='bbox 222 1572 286 1608; x_wconf 91' lang='lat' dir='ltr'><strong>sed</strong></span> <span class='ocrx_word' id='word_1_168' title='bbox 312 1572 510 1621; x_wconf 83' lang='lat' dir='ltr'><strong>quaesitum</strong></span> <span class='ocrx_word' id='word_1_169' title='bbox 535 1573 575 1608; x_wconf 89' lang='lat' dir='ltr'><strong>in</strong></span> <span class='ocrx_word' id='word_1_170' title='bbox 599 1572 765 1608; x_wconf 88' lang='lat' dir='ltr'><strong>Siciliam</strong></span> <span class='ocrx_word' id='word_1_171' title='bbox 784 1586 935 1622; x_wconf 84' lang='lat' dir='ltr'><strong>quoque</strong></span> <span class='ocrx_word' id='word_1_172' title='bbox 953 1588 961 1609; x_wconf 77' lang='lat' dir='ltr'>t</span> <span class='ocrx_word' id='word_1_173' title='bbox 993 1574 1088 1612; x_wconf 84' lang='lat' dir='ltr'><strong>adeo</strong></span> <span class='ocrx_word' id='word_1_174' title='bbox 1107 1574 1253 1619; x_wconf 66' lang='lat' dir='ltr'><strong>finiti-„</strong></span> 
     </span>
     <span class='ocr_line' id='line_1_24' title="bbox 105 1636 1232 1686; baseline 0.005 -15"><span class='ocrx_word' id='word_1_175' title='bbox 105 1648 254 1672; x_wconf 89' lang='lat' dir='ltr'><strong>morum</strong></span> <span class='ocrx_word' id='word_1_176' title='bbox 277 1636 364 1672; x_wconf 89' lang='lat' dir='ltr'><strong>odia</strong></span> <span class='ocrx_word' id='word_1_177' title='bbox 388 1636 606 1685; x_wconf 82' lang='lat' dir='ltr'><strong>longinquis</strong></span> <span class='ocrx_word' id='word_1_178' title='bbox 634 1642 840 1685; x_wconf 66' lang='lat' dir='ltr'><strong>coegerant</strong></span> <span class='ocrx_word' id='word_1_179' title='bbox 864 1637 1033 1686; x_wconf 87' lang='lat' dir='ltr'><strong>indigere</strong></span> <span class='ocrx_word' id='word_1_180' title='bbox 1058 1639 1232 1678; x_wconf 84' lang='lat' dir='ltr'><strong>auxiliis..</strong></span> 
     </span>
     <span class='ocr_line' id='line_1_25' title="bbox 105 1699 1229 1753; baseline 0.001 -18"><span class='ocrx_word' id='word_1_181' title='bbox 105 1699 351 1736; x_wconf 85' lang='lat' dir='ltr'><strong>Frumentum</strong></span> <span class='ocrx_word' id='word_1_182' title='bbox 371 1700 500 1736; x_wconf 80' lang='lat' dir='ltr'><strong>Cumis</strong></span> <span class='ocrx_word' id='word_1_183' title='bbox 520 1713 635 1749; x_wconf 90' lang='lat' dir='ltr'><strong>quum</strong></span> <span class='ocrx_word' id='word_1_184' title='bbox 656 1706 846 1737; x_wconf 68' lang='lat' dir='ltr'><strong>coemtum</strong></span> <span class='ocrx_word' id='word_1_185' title='bbox 869 1707 980 1744; x_wconf 89' lang='lat' dir='ltr'><strong>esset,</strong></span> <span class='ocrx_word' id='word_1_186' title='bbox 1007 1714 1121 1738; x_wconf 88' lang='lat' dir='ltr'><strong>naves</strong></span> <span class='ocrx_word' id='word_1_187' title='bbox 1149 1716 1229 1753; x_wconf 65' lang='lat' dir='ltr'><strong>pro,</strong></span> 
     </span>
     <span class='ocr_line' id='line_1_26' title="bbox 103 1765 1228 1819; baseline 0.004 -18"><span class='ocrx_word' id='word_1_188' title='bbox 103 1766 213 1802; x_wconf 91' lang='lat' dir='ltr'><strong>bonis</strong></span> <span class='ocrx_word' id='word_1_189' title='bbox 249 1766 544 1814; x_wconf 88' lang='lat' dir='ltr'><strong>Tarquiniorum</strong></span> <span class='ocrx_word' id='word_1_190' title='bbox 580 1765 627 1803; x_wconf 87' lang='lat' dir='ltr'><strong>ab</strong></span> <span class='ocrx_word' id='word_1_191' title='bbox 659 1767 904 1804; x_wconf 89' lang='lat' dir='ltr'><strong>Aristodemo</strong></span> <span class='ocrx_word' id='word_1_192' title='bbox 940 1774 1118 1817; x_wconf 86' lang='lat' dir='ltr'><strong>ty1·ann0‚</strong></span> <span class='ocrx_word' id='word_1_193' title='bbox 1153 1770 1228 1819; x_wconf 60' lang='lat' dir='ltr'><strong>qui»</strong></span> 
     </span>
     <span class='ocr_line' id='line_1_27' title="bbox 102 1830 1218 1882; baseline 0.004 -17"><span class='ocrx_word' id='word_1_194' title='bbox 102 1830 220 1865; x_wconf 82' lang='lat' dir='ltr'><strong>haeres</strong></span> <span class='ocrx_word' id='word_1_195' title='bbox 251 1836 344 1872; x_wconf 88' lang='lat' dir='ltr'><strong>erat,</strong></span> <span class='ocrx_word' id='word_1_196' title='bbox 368 1835 525 1866; x_wconf 85' lang='lat' dir='ltr'><strong>retentae</strong></span> <span class='ocrx_word' id='word_1_197' title='bbox 554 1836 667 1868; x_wconf 85' lang='lat' dir='ltr'><strong>sunt:</strong></span> <span class='ocrx_word' id='word_1_198' title='bbox 699 1830 738 1866; x_wconf 93' lang='lat' dir='ltr'><strong>in</strong></span> <span class='ocrx_word' id='word_1_199' title='bbox 758 1830 906 1867; x_wconf 90' lang='lat' dir='ltr'><strong>Volscis</strong></span> <span class='ocrx_word' id='word_1_200' title='bbox 934 1831 1218 1882; x_wconf 87' lang='lat' dir='ltr'><strong>Pomptinoque</strong></span> 
     </span>
     <span class='ocr_line' id='line_1_28' title="bbox 98 1893 1217 1946; baseline 0.004 -18"><span class='ocrx_word' id='word_1_201' title='bbox 98 1905 147 1929; x_wconf 90' lang='lat' dir='ltr'><strong>ne</strong></span> <span class='ocrx_word' id='word_1_202' title='bbox 167 1893 240 1929; x_wconf 89' lang='lat' dir='ltr'><strong>emi</strong></span> <span class='ocrx_word' id='word_1_203' title='bbox 259 1893 409 1942; x_wconf 85' lang='lat' dir='ltr'><strong>quidem</strong></span> <span class='ocrx_word' id='word_1_204' title='bbox 431 1893 557 1943; x_wconf 88' lang='lat' dir='ltr'><strong>potuit</strong></span> <span class='ocrx_word' id='word_1_205' title='bbox 576 1907 583 1928; x_wconf 75' lang='grc' dir='ltr'>ε</span> <span class='ocrx_word' id='word_1_206' title='bbox 616 1893 822 1943; x_wconf 85' lang='lat' dir='ltr'><strong>periculum</strong></span> <span class='ocrx_word' id='word_1_207' title='bbox 842 1907 992 1944; x_wconf 85' lang='lat' dir='ltr'><strong>quoque</strong></span> <span class='ocrx_word' id='word_1_208' title='bbox 1014 1895 1061 1932; x_wconf 86' lang='lat' dir='ltr'><strong>ab</strong></span> <span class='ocrx_word' id='word_1_209' title='bbox 1080 1896 1217 1946; x_wconf 61' lang='lat' dir='ltr'><strong>‘inpetu</strong></span> 
     </span>
     <span class='ocr_line' id='line_1_29' title="bbox 96 1956 1211 2007; baseline 0.003 -13"><span class='ocrx_word' id='word_1_210' title='bbox 96 1958 295 1994; x_wconf 87' lang='lat' dir='ltr'><strong>hominum</strong></span> <span class='ocrx_word' id='word_1_211' title='bbox 338 1957 428 2007; x_wconf 87' lang='lat' dir='ltr'><strong>ipsis</strong></span> <span class='ocrx_word' id='word_1_212' title='bbox 465 1956 803 1994; x_wconf 84' lang='lat' dir='ltr'><strong>frumentatoribus</strong></span> <span class='ocrx_word' id='word_1_213' title='bbox 839 1959 923 1996; x_wconf 84' lang='lat' dir='ltr'><strong>fuit.</strong></span> <span class='ocrx_word' id='word_1_214' title='bbox 980 1959 1040 1995; x_wconf 83' lang='lat' dir='ltr'><strong>Ex</strong></span> <span class='ocrx_word' id='word_1_215' title='bbox 1077 1959 1211 1997; x_wconf 89' lang='lat' dir='ltr'><strong>Tuscis</strong></span> 
     </span>
    </p>

    <p class='ocr_par' dir='ltr' id='par_1_10' title="bbox 95 2021 1206 2074">
     <span class='ocr_line' id='line_1_30' title="bbox 95 2021 1206 2074; baseline 0.004 -17"><span class='ocrx_word' id='word_1_216' title='bbox 95 2022 326 2058; x_wconf 85' lang='lat' dir='ltr'><strong>frumentum</strong></span> <span class='ocrx_word' id='word_1_217' title='bbox 355 2021 486 2057; x_wconf 91' lang='lat' dir='ltr'><strong>Tiberi</strong></span> <span class='ocrx_word' id='word_1_218' title='bbox 513 2022 642 2058; x_wconf 90' lang='lat' dir='ltr'><strong>venit:</strong></span> <span class='ocrx_word' id='word_1_219' title='bbox 679 2035 725 2059; x_wconf 88' lang='lat' dir='ltr'><strong>eo</strong></span> <span class='ocrx_word' id='word_1_220' title='bbox 757 2029 977 2060; x_wconf 64' lang='lat' dir='ltr'><strong>sustentata&lt;</strong></span> <span class='ocrx_word' id='word_1_221' title='bbox 1001 2030 1058 2060; x_wconf 90' lang='lat' dir='ltr'><strong>est</strong></span> <span class='ocrx_word' id='word_1_222' title='bbox 1088 2024 1206 2074; x_wconf 64' lang='lat' dir='ltr'><strong>plebsi</strong></span> 
     </span>
    </p>

    <p class='ocr_par' dir='ltr' id='par_1_11' title="bbox 90 2085 1231 2330">
     <span class='ocr_line' id='line_1_31' title="bbox 96 2085 1231 2126; baseline 0.004 -5"><span class='ocrx_word' id='word_1_223' title='bbox 96 2085 345 2122; x_wconf 78' lang='lat' dir='ltr'><strong>incommodo</strong></span> <span class='ocrx_word' id='word_1_224' title='bbox 373 2085 474 2122; x_wconf 89' lang='lat' dir='ltr'><strong>bello</strong></span> <span class='ocrx_word' id='word_1_225' title='bbox 500 2087 538 2122; x_wconf 89' lang='lat' dir='ltr'><strong>in</strong></span> <span class='ocrx_word' id='word_1_226' title='bbox 567 2093 646 2123; x_wconf 83' lang='lat' dir='ltr'><strong>tam</strong></span> <span class='ocrx_word' id='word_1_227' title='bbox 671 2088 762 2124; x_wconf 83' lang='lat' dir='ltr'><strong>artis</strong></span> <span class='ocrx_word' id='word_1_228' title='bbox 789 2088 1062 2125; x_wconf 85' lang='lat' dir='ltr'><strong>commeatibus</strong></span> <span class='ocrx_word' id='word_1_229' title='bbox 1081 2090 1208 2126; x_wconf 83' lang='lat' dir='ltr'><strong>vexati</strong></span> <span class='ocrx_word' id='word_1_230' title='bbox 1223 2091 1231 2098; x_wconf 63' lang='lat'><em>²</em></span> 
     </span>
     <span class='ocr_line' id='line_1_32' title="bbox 93 2148 1215 2203; baseline 0.004 -18"><span class='ocrx_word' id='word_1_231' title='bbox 93 2148 233 2192; x_wconf 77' lang='lat' dir='ltr'><strong>forent,</strong></span> <span class='ocrx_word' id='word_1_232' title='bbox 262 2151 302 2185; x_wconf 89' lang='lat' dir='ltr'><strong>ni</strong></span> <span class='ocrx_word' id='word_1_233' title='bbox 320 2150 495 2194; x_wconf 88' lang='lat' dir='ltr'><strong>Volscos,</strong></span> <span class='ocrx_word' id='word_1_234' title='bbox 514 2149 598 2201; x_wconf 84' lang='lat' dir='ltr'><strong>jam</strong></span> <span class='ocrx_word' id='word_1_235' title='bbox 626 2157 820 2187; x_wconf 89' lang='lat' dir='ltr'><strong>moventes</strong></span> <span class='ocrx_word' id='word_1_236' title='bbox 843 2165 960 2195; x_wconf 82' lang='lat' dir='ltr'><strong>arma,</strong></span> <span class='ocrx_word' id='word_1_237' title='bbox 990 2151 1215 2203; x_wconf 66' lang='lat' dir='ltr'><strong>pestilentia&gt;</strong></span> 
     </span>
     <span class='ocr_line' id='line_1_33' title="bbox 93 2213 1213 2261; baseline 0.004 -13"><span class='ocrx_word' id='word_1_238' title='bbox 93 2213 227 2261; x_wconf 87' lang='lat' dir='ltr'><strong>ingens</strong></span> <span class='ocrx_word' id='word_1_239' title='bbox 246 2214 465 2251; x_wconf 82' lang='lat' dir='ltr'><strong>invasisset:</strong></span> <span class='ocrx_word' id='word_1_240' title='bbox 497 2227 543 2252; x_wconf 89' lang='lat' dir='ltr'><strong>ea</strong></span> <span class='ocrx_word' id='word_1_241' title='bbox 561 2215 665 2252; x_wconf 87' lang='lat' dir='ltr'><strong>clade</strong></span> <span class='ocrx_word' id='word_1_242' title='bbox 685 2217 900 2253; x_wconf 87' lang='lat' dir='ltr'><strong>conterritis</strong></span> <span class='ocrx_word' id='word_1_243' title='bbox 927 2217 1095 2256; x_wconf 81' lang='lat' dir='ltr'><strong>hostium</strong></span> <span class='ocrx_word' id='word_1_244' title='bbox 1120 2218 1213 2254; x_wconf 85' lang='lat' dir='ltr'><strong>ani--</strong></span> 
     </span>
     <span class='ocr_line' id='line_1_34' title="bbox 90 2277 1200 2330; baseline 0.005 -17"><span class='ocrx_word' id='word_1_245' title='bbox 90 2277 176 2319; x_wconf 90' lang='lat' dir='ltr'><strong>mis,</strong></span> <span class='ocrx_word' id='word_1_246' title='bbox 197 2282 240 2313; x_wconf 81' lang='lat' dir='ltr'><strong>ut</strong></span> <span class='ocrx_word' id='word_1_247' title='bbox 266 2278 395 2321; x_wconf 87' lang='lat' dir='ltr'><strong>etiam,</strong></span> <span class='ocrx_word' id='word_1_248' title='bbox 414 2278 480 2315; x_wconf 89' lang='lat' dir='ltr'><strong>ubi</strong></span> <span class='ocrx_word' id='word_1_249' title='bbox 509 2291 554 2315; x_wconf 85' lang='lat' dir='ltr'><strong>ea</strong></span> <span class='ocrx_word' id='word_1_250' title='bbox 577 2280 796 2324; x_wconf 86' lang='lat' dir='ltr'><strong>remisisset,</strong></span> <span class='ocrx_word' id='word_1_251' title='bbox 818 2286 962 2318; x_wconf 87' lang='lat' dir='ltr'><strong>terrore</strong></span> <span class='ocrx_word' id='word_1_252' title='bbox 987 2279 1115 2330; x_wconf 86' lang='lat' dir='ltr'><strong>aliquo</strong></span> <span class='ocrx_word' id='word_1_253' title='bbox 1142 2288 1200 2318; x_wconf 89' lang='lat' dir='ltr'><strong>te-</strong></span> 
     </span>
    </p>
   </div>
   <div class='ocr_carea' id='block_1_10' title="bbox 88 2341 1213 2443">
    <p class='ocr_par' dir='ltr' id='par_1_12' title="bbox 88 2341 1213 2443">
     <span class='ocr_line' id='line_1_35' title="bbox 88 2341 1213 2385; baseline 0.006 -9"><span class='ocrx_word' id='word_1_254' title='bbox 88 2345 284 2385; x_wconf 83' lang='lat' dir='ltr'><strong>nerentur,</strong></span> <span class='ocrx_word' id='word_1_255' title='bbox 321 2347 359 2377; x_wconf 86' lang='lat' dir='ltr'><strong>et</strong></span> <span class='ocrx_word' id='word_1_256' title='bbox 387 2341 540 2379; x_wconf 84' lang='lat' dir='ltr'><strong>Velitris</strong></span> <span class='ocrx_word' id='word_1_257' title='bbox 577 2355 716 2380; x_wconf 80' lang='lat' dir='ltr'><strong>auxere</strong></span> <span class='ocrx_word' id='word_1_258' title='bbox 750 2356 956 2384; x_wconf 78' lang='lat' dir='ltr'><strong>numerum</strong></span> <span class='ocrx_word' id='word_1_259' title='bbox 976 2343 1213 2383; x_wconf 87' lang='lat' dir='ltr'><strong>colonorum.</strong></span> 
     </span>
     <span class='ocr_line' id='line_1_36' title="bbox 605 2405 690 2443; baseline -0.024 -1"><span class='ocrx_word' id='word_1_260' title='bbox 605 2405 641 2442; x_wconf 87' lang='lat' dir='ltr'><strong>G</strong></span> <span class='ocrx_word' id='word_1_261' title='bbox 659 2407 690 2443; x_wconf 88' lang='grc'><strong>5.</strong></span> 
     </span>
    </p>
   </div>
   <div class='ocr_carea' id='block_1_11' title="bbox 1244 1174 1392 1197">
    <p class='ocr_par' dir='ltr' id='par_1_13' title="bbox 1244 1174 1392 1197">
     <span class='ocr_line' id='line_1_37' title="bbox 1244 1174 1392 1197; baseline 0.014 -2"><span class='ocrx_word' id='word_1_262' title='bbox 1244 1174 1392 1197; x_wconf 65' lang='lat' dir='ltr'><strong>ann0nae·</strong></span> 
     </span>
    </p>
   </div>
  </div>
 </body>
</html>
