1573 2598
335 116 492 146 LIBER
518 115 611 145 vu.
646 114 753 144 CAP.
776 113 924 143 xxm.
1096 109 1176 154 511

65 208 137 245 Sed
165 208 346 257 cupiditas
373 208 550 258 explenda
572 211 646 244 est:
676 217 718 243 ca
747 207 796 242 ad
813 205 1087 254 obpugnandam
1111 204 1179 240 Ca-
1193 204 1235 234 U.
1248 203 1284 234 C.
1302 209 1377 236 412-

61 285 175 323 puam
197 274 319 322 rupit:
348 278 413 310 aut
432 273 549 310 delere
568 271 692 309 urbem
708 271 1004 320 pulcherrimam,
1025 275 1089 306 aut
1116 249 1234 317 ipsiA'
1247 247 1284 277 C’
1301 252 1376 278 ‘54⁰'

59 340 236 388 possidere
264 340 400 376 volunt.
467 338 540 376 Sed
567 350 627 375 vos
650 338 784 386 potius,
817 336 987 378 Romani,
1019 335 1182 385 beneficio

62 407 173 439 vestro
192 409 363 452 occupate
380 416 473 446 eam,
495 415 601 452 quam
629 403 709 438 illos
729 401 859 437 habere
872 414 940 449 per
968 401 1182 449 maleficium

60 468 196 504 sinatis.
254 468 339 504 Non
359 468 483 517 loquor
511 468 609 516 apud
638 470 862 503 recusantem
881 465 985 510 justa
1003 466 1097 502 bella
1112 478 1179 514 po-

59 535 187 582 pulum
196 551 207 576 ,·
235 535 298 570 sed
328 538 459 575 tamen,
489 533 521 568 si
549 532 774 568 ostenderitis
806 532 944 567 auxilia
974 535 1103 573 vestra,
1136 542 1181 566 ‘ne

59 599 150 635 bello
169 600 311 647 quidem
339 598 495 634 arbitror
525 597 618 634 vobis
638 609 724 644 opus
742 595 843 644 fore.
906 596 1023 644 Usque
1043 596 1091 632 ad
1120 606 1183 631 nos

61 667 258 699 contemtus
283 663 505 698 Samnitium
529 662 705 710 pervenit,
725 673 836 708 supra
863 673 929 696 non
950 662 1111 697 escendit.
1142 660 1181 696 I-

60 731 166 774 taque
195 725 320 762 umbra
349 726 455 761 vestri
483 725 624 767 aziz-ilii,
664 724 834 766 Romani,
867 725 938 771 tegi
970 736 1179 772 possumus.-

58 791 231 839 quidquid
257 790 383 825 deinde
411 788 648 831 habuerimus,
679 788 856 836 quidquid
892 788 960 836 ipsi
982 787 1180 836 fuerimus,

57 857 212 890 vestrum
243 854 283 889 id
312 864 414 889 omne
443 853 692 889 existimaturi.
754 851 857 888 Vobis
893 852 1057 888 arabitur
1093 863 1181 899 ager

61 916 279 965 Campanus,
309 916 404 953 vobis
425 916 554 965 Capua
570 915 652 952 urbs
669 914 966 965 frequentabitur
979 932 992 953 s
1019 917 1182 952 condito-

56 994 153 1024 rann,
181 987 387 1031 parentum,
422 982 589 1018 Deorum
620 982 866 1017 inmortalium
901 992 1047 1017 numero
1083 981 1181 1017 nobis

55 1047 166 1082 eritis.
223 1046 341 1083 Nulla
377 1047 514 1083 colonia
550 1051 667 1083 vestra
699 1047 781 1089 erit,
815 1058 892 1096 quae
923 1058 986 1082 nos
1017 1046 1180 1095 obsequio

54 1122 142 1158 erga
161 1123 220 1147 vos
234 1111 384 1160 fideque
408 1115 562 1160 superet.
617 1112 790 1153 Adnuite,
812 1111 943 1148 Patres
972 1111 1177 1159 conscripti,

55 1180 183 1212 nutum
200 1187 398 1225 numenque
417 1180 570 1213 vestrum
587 1176 760 1212 invictum
781 1175 986 1224 Campanis,
1006 1180 1041 1211 et
1056 1174 1182 1222 jubete

53 1252 211 1289 sperare,
234 1241 444 1278 incolumem
466 1241 628 1289 Capuam
635 1240 823 1290 futuram.
873 1241 955 1282 Qua
962 1240 1178 1289 frequentia

55 1305 214 1342 omnium
229 1318 400 1354 generum
429 1307 673 1343 multitudinis
687 1310 924 1354 prosequente
949 1306 1091 1342 creditis
1114 1318 1178 1342 nos

53 1370 157 1406 illinc
170 1369 387 1419 profectos?
414 1383 523 1421 quam
545 1372 665 1407 omnia
686 1375 850 1407 votorum
875 1371 1178 1419 lacrimarumque

48 1435 163 1483 plena
190 1435 405 1483 reliquisse?
431 1436 470 1472 in
498 1447 571 1484 qua
601 1447 695 1472 nunc
725 1435 986 1483 exspectatione
1012 1440 1178 1471 senatum

48 1499 296 1547 populumque
329 1498 568 1547 Campanum,
607 1496 783 1546 conjuges,
815 1498 1008 1547 liberosque
1038 1503 1179 1536 nostros
1221 1502 1228 1507 ’

50 1563 156 1598 esse.9
210 1562 319 1599 Stare
346 1574 485 1599 omnem
512 1563 784 1617 multituidinem
820 1564 870 1599 ad
902 1568 1040 1612 portas,
1079 1564 1178 1600 viam

54 1625 138 1663 hinc
151 1625 336 1675 serentem
360 1631 642 1676 prospectantes,
676 1632 814 1664 certum
839 1627 962 1670 habeo,
993 1629 1080 1676 quid
1103 1630 1178 1666 illis

46 1702 124 1732 nos,
142 1691 272 1727 Patres
289 1693 495 1740 conscripti,
513 1692 675 1728 sollicitis
688 1704 731 1728 ac
743 1692 977 1741 pendentibus
990 1694 1104 1730 animi
1118 1705 1176 1730 re-

49 1755 222 1790 nunciare
233 1751 404 1799 jubeatis
458 1756 631 1791 Alterum
648 1767 854 1803 responsum
871 1757 1039 1802 salutem,
1060 1759 1174 1795 victo-

51 1819 158 1860 riam,
191 1819 317 1862 lucem,
344 1831 386 1855 ac
414 1819 637 1864 libertatem5
666 1821 822 1857 alterum
849 1823 1005 1859 ominari
1033 1822 1171 1866 horreo,

51 1881 256 1931 quaeferat.
300 1882 472 1935 ⁴Proinde
490 1888 532 1919 ut
549 1888 615 1919 aut
633 1885 677 1920 de
694 1886 818 1921 vestris
824 1884 970 1933 ficturis
993 1888 1095 1922 sociis
1113 1892 1171 1923 at-

51 1958 119 1996 que
137 1948 275 1989 amicis,
296 1952 362 1984 aut
380 1959 554 1996 nusquam
571 1949 656 1984 ullis
663 1948 809 1997 futuris
828 1950 938 1993 nobis,
961 1953 1141 1988 consulite.

106 2009 265 2048 XXXI.
297 2010 492 2047 Submotis
513 2012 648 2048 deinde
667 2012 818 2061 legatis,
840 2027 955 2063 quum
976 2015 1171 2051 consultus-

51 2080 204 2110 senatus
225 2080 338 2117 esset,
359 2075 430 2111 etsi
444 2088 593 2124 magnae
609 2078 708 2126 parti
724 2077 813 2114 urbs
830 2078 994 2115 maxima
1011 2079 1170 2130 opulem

52 2137 273 2187 tissimaque
302 2138 439 2183 Italiae,
461 2140 672 2177 uberrimus
702 2154 793 2191 ager
814 2144 984 2192 marique
1013 2146 1169 2194 propin-

51 2213 147 2250 quus
168 2201 215 2238 ad
233 2203 435 2240 varietates
457 2217 617 2240 annonae
645 2205 824 2243 horreum
850 2207 980 2257 populi
1002 2207 1169 2246 Romani

50 2264 134 2304 fore
154 2265 350 2305 videbatur
360 2285 374 2314 ,-
403 2274 531 2306 tamen
551 2275 660 2306 tanta
679 2270 848 2308 utilitate
864 2271 953 2309 fides
975 2274 1169 2323 antiquior

571 2334 603 2370 Z
623 2335 647 2371 4
