1573 2598
104 918 257 950 Lustrum

103 961 283 994 decimum.

103 1370 147 1404 U.
163 1369 202 1402 c.
217 1376 292 1404 296.

104 1416 143 1447 Α.
158 1414 197 1446 C.
212 1419 287 1446 456.

752 104 825 161 γ’

324 183 407 215 200
770 187 981 226 T.,1,1‚vn

323 285 409 310 cum
429 271 598 311 exercitu
614 271 746 310 urbem
763 273 942 317 inierunt,
965 274 1054 323 quia
1074 272 1269 312 silentium
1288 276 1332 313 de
1352 275 1436 326 lege

321 345 418 383 erat,¹
436 337 627 389 perculsos
646 349 784 387 magna
804 350 890 389 pars
917 337 1121 384 credebant
1140 338 1328 383 tribunos.
1368 341 1437 377 ,Αἰ

319 402 388 446 illi,
412 403 570 451 (etenim
592 407 802 440 extremum
827 402 916 439 anni
933 401 1017 452 jam
1044 403 1142 450 erat)
1171 409 1347 453 quartum
1369 405 1435 442 ad-

316 467 505 504 fectantes
529 466 780 510 tribunatum,
799 467 838 502 in
858 468 1100 504 comitiorum
1123 468 1436 518 disceptationem

320 530 368 569 ab
405 531 489 580 lege
526 537 716 569 certamen
753 537 997 568 averterant:
1038 538 1075 568 et
1111 544 1226 581 quum
1244 562 1245 565 ,
1263 531 1436 569 consules

318 595 441 633 nihilo
477 596 603 632 minus
636 596 810 632 adversus
840 596 1169 633 continuationem
1204 595 1435 639 tribunatus,

314 673 433 711 ‘quam
458 661 489 697 si
518 660 581 698 lex
610 660 822 698 minuendae
847 673 923 698 suae
953 659 1162 711 majestatis
1193 673 1325 698 caussa
1347 672 1437 710 pro-

318 723 489 773 mulgata
524 724 698 768 ferretur,
735 724 997 768 tetendissent,
1029 724 1188 760 victoria
1221 724 1436 760 certaminis

311 801 433 840 *penes
461 789 635 826 tribunos
664 789 749 826 fuit.
805 789 952 826 Eodem
980 801 1082 831 anno
1101 788 1247 838 .AEquis
1276 801 1352 839 pax
1380 794 1437 824 est

318 853 536 904 petentibus
560 854 660 892 data.
718 854 878 897 Census,
908 866 966 890 res
996 853 1121 904 priore
1149 865 1251 889 anno
1279 852 1438 888 inchoa-

318 924 373 962 ta,
406 918 625 970 perficitur:
656 918 770 967 idque
798 918 959 954 lustrum
988 917 1035 954 ab
1065 917 1212 966 origine
1241 916 1344 953 urbis
1373 917 1439 953 de-

319 983 460 1020 cimum
503 982 711 1019 conditum.
784 981 955 1018 Fuerunt
991 994 1104 1018 censa
1139 981 1277 1017 civium
1313 981 1440 1030 capita

318 1053 472 1084 centum
509 1047 779 1098 septemdecim
815 1045 935 1083 millia
964 1051 1136 1082 trecenta
1166 1044 1439 1082 novemdecim.

319 1112 530 1149 Consulum
573 1124 714 1161 magna
749 1111 853 1148 domi
887 1109 1054 1160 bellique
1090 1122 1136 1146 eo
1173 1121 1274 1146 anno
1317 1107 1442 1158 gloria

316 1175 414 1214 fuit:
446 1176 548 1226 quod
576 1182 616 1211 et
642 1175 735 1212 foris
764 1186 898 1226 pacem
932 1185 1125 1225 peperere,
1155 1178 1194 1209 et
1222 1172 1339 1215 domi,
1369 1171 1441 1208 etsi

317 1253 398 1278 non
427 1253 602 1284 concors,
625 1240 750 1276 minus
778 1244 921 1282 tamen,
946 1251 1058 1288 quam
1088 1236 1195 1281 alias,
1222 1236 1361 1273 infesta
1385 1235 1439 1272 ci-

317 1305 414 1341 vitas
433 1305 518 1341 fuit.

372 1368 504 1406 XXV.
533 1367 580 1405 L.
602 1366 797 1404 Minucius
827 1366 914 1403 inde
944 1372 982 1403 et
1007 1365 1052 1402 C.
1071 1365 1238 1403 Nautius
1267 1362 1441 1401 consules

317 1432 411 1471 facti
436 1433 529 1469 duas
551 1431 717 1469 residuas
744 1430 835 1466 anni
859 1430 996 1479 prioris
1023 1441 1174 1465 caussas
1199 1418 1444 1478 exiceperunt.

317 1496 467 1535 Eodem
491 1495 607 1532 modo
640 1493 814 1531 consules
844 1493 984 1542 legem,
1017 1492 1166 1529 tribuni>
1183 1491 1372 1542 judicium
1395 1490 1443 1527 de

312 1559 477 1596 -Volscio
505 1557 776 1610 inpediebant:
809 1556 875 1593 sed
896 1556 936 1591 in
956 1555 1206 1604 quaestoribus
1233 1555 1341 1591 novis
1361 1566 1442 1590 ma-

314 1625 382 1677 jor
408 1627 479 1670 vis,
509 1623 632 1675 major
669 1623 877 1660 auctoritas
911 1627 1004 1657 erat.
1062 1620 1160 1656 Cum
1187 1617 1244 1654 M.
1271 1617 1441 1661 Valerio,

321 1688 465 1727 Valerii
490 1689 584 1733 filio,
610 1687 742 1736 Volesi
764 1692 918 1737 nepote,
940 1689 1105 1734 quaestor
1130 1691 1211 1720 erat
1231 1681 1277 1718 T.
1298 1681 1443 1721 Quinc-

322 1755 399 1792 tius
431 1753 686 1804 Capitolinus,
718 1752 782 1801 qui
814 1757 873 1787 ter
910 1747 1043 1786 consul
1069 1747 1205 1784 fuerat.
1261 1745 1315 1791 Is,
1349 1758 1443 1795 quo-

323 1820 428 1857 niam
452 1830 575 1868 neque
600 1817 792 1856 Quinctiae
815 1814 968 1852 familiae
989 1812 1122 1855 Kaeso,
1146 1823 1268 1860 ncque
1293 1809 1445 1860 reipub-

325 1883 407 1922 licae
436 1883 622 1920 maximus
646 1880 833 1930 juvenum
861 1878 1011 1916 restitui
1047 1882 1190 1927 posset,
1217 1874 1354 1911 falsum
1386 1880 1443 1910 te-

326 1957 436 1992 stem,
467 1948 530 1996 qui
560 1946 726 1983 dicendae
756 1956 897 1981 caussae
926 1942 1085 1979 innoxio
1122 1945 1351 1990 potestatem
1380 1938 1443 1974 ad·

327 2014 493 2056 emisset,
516 2011 626 2062 justo
655 2022 698 2046 ac
726 2009 790 2059 pio
819 2007 921 2044 bello
953 2004 1259 2056 persequebatur.
1316 2002 1445 2041 Quum

326 2077 521 2126 Virginius
545 2075 708 2112 maxime
731 2079 770 2109 et
794 2071 938 2109 tribuni
960 2070 1005 2107 de
1031 2069 1114 2117 lege
1140 2072 1310 2116 agerent,
1331 2067 1445 2102 duum

328 2142 514 2180 mensium
546 2139 710 2190 spatium
742 2135 959 2173 consulibus
995 2133 1124 2170 datum
1157 2138 1214 2167 est
1246 2130 1294 2167 ad
1327 2129 1446 2180 inspi-

330 2207 502 2243 ciendam
539 2205 687 2253 legem:
726 2208 783 2245 ut,
821 2212 937 2250 quum
975 2198 1213 2235 edocuissent
1249 2193 1445 2245 populum,

331 2271 421 2320 quid
447 2270 588 2307 fraudis
617 2267 776 2306 occultae
804 2265 978 2307 ferretur,
1009 2264 1175 2298 sinerent
1205 2259 1338 2296 deinde
1368 2256 1448 2293 suf-

293 2368 298 2372 ,
332 2335 496 2385 fragium
524 2335 620 2371 inire
640 2348 649 2370 ς
679 2333 754 2370 hoc
779 2327 967 2367 intervalli
992 2327 1121 2364 datum
1145 2336 1202 2362 res
1225 2320 1446 2373 tranquillas
