1573 2598
365 195 520 224 Lmen
543 194 589 224 v.
622 193 729 224 cAP.
752 194 932 224 xxxxv.
1124 183 1204 239 381

96 295 195 334 saepe
223 284 409 321 exercitus
430 284 568 322 Gallici
596 296 824 335 pugnavere.
879 284 1092 321 Tuscorum
1120 292 1209 322 ante
1221 295 1310 327 uc,
1328 302 1406 330 3⁶4.

95 346 314 385 Romanum
348 350 545 399 imperium
582 349 659 385 late
687 356 788 385 terra
820 349 988 399 marique
1021 361 1111 398 opes
1142 362 1207 399 pa-
1221 340 1407 416 'iu-32³2&

96 418 224 448 tuere:
259 414 352 449 mari
381 426 517 464 supero
544 413 755 463 inferoque,
781 414 916 462 quibus
944 413 1057 449 Italia
1078 413 1209 449 insulae
1222 428 1364 467 antiquae

95 477 211 512 modo
231 477 409 526 cingitur,
430 484 614 527 quantum
638 479 847 528 potuerint,
868 478 1025 514 nomina
1043 483 1133 513 sunt
1150 490 1210 513 ar·
1223 478 1308 508 Ope-5·

96 549 306 589 gumento3
339 544 439 591 quod
475 543 635 579 alterum
673 543 839 579 Tuscum
878 542 1070 578 communi
1100 554 1214 578 voca-

95 604 188 642 bulo
214 607 352 655 gentiS,
380 607 539 643 alterum
560 606 825 643 Hadriaticum
851 618 968 649 mare,
998 605 1045 642 ab
1067 605 1216 642 Hadria

96 668 307 706 Tuscorum
329 670 493 713 colonia,
515 683 697 707 vocavere
716 670 860 706 Italicae
887 676 1032 719 gentes.
1089 669 1217 706 Graeci

96 734 225 770 eadem
255 734 495 784 Tyrrhenum
533 742 646 785 atque
675 735 942 771 Hadriaticum
972 739 1123 770 vocant.
1180 733 1216 769 Ii

96 796 137 833 in
162 804 363 847 utrumque
386 812 489 835 mare
508 805 704 848 vergentes
730 798 921 835 incoluere
944 797 1101 832 urbibus
1121 796 1215 832 duo-

98 860 203 898 denis
224 868 362 897 terras:
395 863 496 912 prius
513 863 565 898 cis
581 863 826 912 Apenninum
846 861 894 897 ad
913 860 1076 896 inferum
1096 872 1214 902 mare,

97 932 233 977 postea
257 931 361 961 trans
382 927 642 976 Apenninum,
670 927 846 969 totidem,
868 933 963 976 quot
988 927 1114 976 capita
1139 925 1217 962 ori·

101 989 199 1038 ginis
220 997 342 1032 erant,
363 990 523 1027 coloniis
548 992 694 1028 missis:
727 1005 809 1041 quae
835 998 940 1027 trans
962 991 1107 1026 Padum
1134 1003 1223 1026 om·

100 1054 166 1090 nia
184 1053 283 1097 loca,
304 1062 464 1105 excepto
483 1055 720 1093 Venetorum
741 1055 897 1104 angulo,
918 1056 982 1104 qui
1002 1055 1126 1090 sinum
1145 1055 1218 1090 cir-

101 1118 321 1154 cumcolunt
345 1120 473 1163 maris,
495 1133 613 1170 usque
635 1121 683 1157 ad
701 1120 817 1170 Alpes
844 1126 1012 1156 tenuere.
1068 1118 1219 1168 Alpinis

101 1193 253 1230 quoque
279 1194 323 1218 ea
351 1183 528 1231 gentibus
555 1185 655 1221 haud
686 1184 799 1221 dubie
824 1185 936 1233 origo
963 1188 1034 1226 est,
1055 1182 1220 1218 maxime

100 1242 248 1281 Raetis:
282 1258 376 1294 quos
405 1245 491 1283 loca
518 1249 601 1298 ipsa
629 1247 847 1290 efferarunt,
868 1259 917 1282 ne
943 1246 1030 1295 quid
1054 1258 1101 1281 ex
1120 1245 1221 1281 anti-

101 1320 193 1356 quo,
222 1316 359 1359 praeter
384 1322 520 1348 sonum
546 1311 701 1361 linguae,
724 1324 795 1348 nec
821 1324 907 1347 eum
933 1312 1218 1360 iuconruptum,

101 1373 320 1412 retinerent.

154 1435 351 1476 XXXIV.
380 1438 441 1475 De
469 1439 633 1475 transitu
661 1439 701 1475 in
730 1437 882 1474 Italiam
909 1437 1108 1474 Gallorum
1135 1436 1217 1473 haec
1229 1435 1398 1466 Transitus

102 1501 327 1551 accepimus.
372 1503 504 1540 Prisco
523 1504 734 1553 Tarquinio
753 1503 888 1539 Romae
909 1508 1107 1550 regnante,
1130 1501 1216 1537 Cel·
1229 1478 1420 1553 gapgfflss

101 1571 240 1610 tarum,
268 1581 351 1616 quae
380 1582 466 1618 pars
487 1569 620 1605 Galliae
650 1570 765 1605 tertia
794 1575 864 1612 est,
886 1580 1000 1617 penes
1023 1566 1218 1615 Bituriges
1248 1561 1253 1566 ’

103 1644 249 1668 summa
267 1634 413 1684 imperii
433 1634 529 1671 fuit:
562 1635 589 1671 ii
617 1648 746 1684 regem
767 1634 915 1671 Celtico
935 1633 1090 1669 dabant.
1126 1633 1221 1668 Am—

101 1695 253 1745 bigatus
282 1698 313 1734 is
342 1699 428 1741 fuit,
457 1700 594 1735 virtute
623 1698 853 1748 fortunaque
882 1710 998 1746 quum
1027 1709 1108 1739 sua,
1138 1704 1221 1732 tum

104 1760 270 1810 publica,
297 1763 538 1812 praepollens,
560 1764 661 1812 quod
690 1764 851 1813 imperio
871 1761 951 1811 ejus
972 1760 1099 1796 Gallia
1126 1760 1221 1796 adeo

103 1823 256 1873 frugum
278 1826 551 1875 hominumque
573 1826 707 1863 fertilis
727 1826 814 1869 fuit,
836 1832 879 1861 ut
901 1824 1097 1861 abundans
1124 1822 1222 1859 mul-

104 1888 230 1925 titudo
254 1890 314 1926 vix
344 1891 423 1939 regi
454 1891 643 1927 videretur
671 1903 794 1940 posse.
852 1889 930 1926 Hic
959 1900 1098 1936 magno
1128 1893 1222 1923 natu

105 1952 186 2002 ipse
204 1952 301 2003 jam,
322 1966 529 1989 exonerare
555 1959 817 2004 praegravante
839 1953 953 1988 turba
977 1964 1135 2000 regnum
1156 1962 1221 1985 cu-

106 2021 228 2071 piens,
255 2021 495 2057 Bellovesum
526 2035 569 2057 ac
596 2022 834 2070 Sigovesum,
859 2021 999 2056 sororis
1024 2018 1135 2061 filios,
1162 2018 1221 2053 in·

106 2086 234 2135 pigros
258 2085 432 2136 juvenes,
463 2087 664 2122 missurum
694 2098 733 2121 se
760 2098 854 2128 esse,
879 2086 918 2120 in
947 2095 1038 2133 quas
1062 2082 1128 2118 Dii
1157 2082 1222 2118 de-

107 2150 250 2186 dissent
269 2151 434 2199 auguriis
455 2151 575 2193 sedes,
597 2149 776 2186 ostendit.
833 2149 1031 2188 Quantum
1055 2147 1125 2195 ipsi
1145 2145 1223 2182 vel·

108 2213 191 2251 lent
217 2227 414 2252 numerum
443 2217 656 2258 hominum,
678 2216 861 2257 excirent,
882 2227 930 2250 ne
956 2226 1029 2262 qua
1053 2224 1144 2260 gens
1165 2225 1225 2248 ar-

109 2291 195 2315 cere
226 2280 464 2316 advenientes
502 2286 642 2330 posset.
699 2279 798 2315 Tum
837 2279 1021 2326 Sigoveso
1058 2275 1226 2312 sortibus

110 2342 190 2380 dati
210 2343 394 2393 Hercynii
421 2342 564 2380 saltus:
596 2342 799 2379 Belloveso
824 2341 925 2378 haud
949 2339 1078 2391 paullo
1103 2338 1226 2376 laetio-
