1573 2598
421 161 576 191 LIBER
600 161 683 191 111.
717 159 824 190 cAP.
849 162 991 190 Lxxr.
1185 158 1264 206 257

144 249 311 286 ordines.
369 248 571 286 Sinistrum
591 249 724 285 deinde
745 261 864 285 cornu
891 248 938 285 ab
968 248 1153 289 Quinctio
1173 263 1265 287 con·
1279 257 1322 289 U.
1338 257 1376 289 c.
1393 264 1470 293 θος.

142 314 225 350 sule
245 313 334 365 pelli
353 320 522 364 coeptum
537 330 548 359 3
580 314 619 350 in
638 314 772 350 dextro
790 313 995 363 plurimum
1013 313 1154 351 laboris
1180 315 1266 353 fuit.
1278 302 1320 332 A·
1334 301 1373 332 c·
1389 307 1466 333 44³.

146 377 208 414 Ibi
236 379 422 429 Agrippa,
457 385 568 415 aetate
600 378 819 427 viribusque
850 378 974 422 ferox,
1008 392 1124 427 quum
1161 380 1266 416 omni

146 448 253 492 parte
272 454 409 492 pugnae
429 442 561 479 melius
582 454 639 477 res
663 442 758 490 geri,
780 454 891 491 quam
914 442 1011 492 apud
1033 454 1087 486 se,
1106 443 1265 486 videret,

145 512 303 557 accepta
329 507 439 555 signa
461 507 508 544 ab
529 506 718 555 signiferis
740 506 819 555 ipse
838 505 992 550 inferre,
1014 507 1183 555 quaedam
1202 506 1266 557 ja-

145 582 230 606 cere
249 570 365 606 etiam
389 571 429 606 in
455 570 648 607 confertos
669 570 798 606 hostes
820 570 949 620 coepit.
1007 569 1125 620 Cujus
1155 571 1266 620 igno-

145 635 270 671 miniae
290 641 396 671 metu
422 636 605 672 concitati
628 635 782 678 milites,
813 636 984 672 invasere
1006 636 1179 672 hostem:
1211 636 1268 672 ita

146 708 296 752 aequata
314 714 362 738 ex
380 702 484 738 omni
504 707 612 752 parte
638 701 799 737 victoria
823 710 891 736 est.
938 700 1113 737 Nuncius
1140 707 1222 736 tum
1244 712 1268 737 a

144 767 329 807 Quinctio
356 768 476 811 venit,
506 768 691 803 victorem
712 766 795 817 jam
821 779 859 802 se
887 767 1071 803 inminere
1096 768 1266 805 hostium

136 831 278 868 -castris
295 847 306 878 3
341 831 448 868 nolle
476 832 706 881 inrumpere,
738 837 943 880 antequam
976 832 1071 867 sciat
1101 831 1266 868 debella-

144 900 227 931 tum
252 900 291 930 et
316 895 354 930 in
381 895 537 930 sinistro
557 906 676 930 cornu
695 905 788 930 esse.
846 894 886 929 Si
908 892 992 943 jam
1014 893 1174 930 fudisset
1192 895 1267 931 ho-

146 965 237 1003 stes,
257 959 449 995 conferret
468 959 515 995 ad
534 971 574 995 se
593 959 716 1008 signa,
740 965 782 995 ut
805 959 917 995 simul
936 961 1058 995 omnis
1080 962 1267 999 exercitus

146 1023 274 1074 praeda
292 1023 492 1072 potiretur.
535 1023 671 1058 Victor
689 1023 862 1072 Agrippa
881 1036 967 1059 cum
985 1031 1118 1060 mutua
1137 1031 1268 1075 gratu-

138 1087 291 1124 latione
310 1087 358 1123 ad
376 1087 560 1123 victorem
586 1086 772 1136 collegam
798 1094 996 1137 castraque
1016 1089 1185 1125 hostium
1203 1102 1267 1126 ve-

139 1151 227 1198 >nit3
269 1151 323 1188 ibi
355 1152 485 1202 paucis
516 1151 821 1195 defendentibus,
854 1158 1126 1202 momentoque
1156 1152 1265 1197 fusis,

145 1216 228 1251 sine
247 1216 453 1252 certamine
472 1217 511 1252 in
534 1217 765 1252 munitiones
789 1217 1032 1266 inrumpunt:
1066 1217 1268 1266 praedaque

145 1280 293 1330 ingenti
312 1268 529 1331 compotem
549 1281 770 1323 exercitum,
793 1281 868 1316 suis
889 1281 1005 1316 etiam
1027 1280 1138 1317 rebus
1159 1293 1267 1318 recu-

145 1346 301 1396 peratis,
322 1358 404 1395 quae
424 1345 673 1396 populatione
691 1358 868 1394 agrorum
890 1346 1035 1382 amissae
1065 1354 1186 1390 erant,
1207 1359 1267 1383 re-

145 1410 300 1446 ducunt.
356 1409 609 1459 Triumphum
637 1422 707 1445 nec
735 1410 837 1459 ipsos
858 1409 1084 1459 postulasse,
1108 1423 1180 1447 nec
1202 1410 1268 1447 de-

141 1474 267 1511 ·latum
300 1475 344 1510 iis
378 1474 426 1511 ab
454 1480 602 1516 senatu,
633 1475 806 1524 accipio:
842 1486 913 1510 nec
942 1475 1106 1511 traditur
1134 1487 1269 1511 caussa

147 1539 265 1590 spreti
294 1545 361 1575 aut
392 1552 471 1575 non
503 1539 643 1590 sperati
671 1539 842 1576 honoris.
897 1539 985 1588 Ego
1013 1545 1198 1588 quantum
1227 1540 1269 1577 in

144 1608 258 1639 tanto
288 1603 488 1640 intervallo
514 1609 730 1653 temporum
759 1602 941 1653 conjicio,
969 1616 1086 1652 quum
1114 1603 1269 1640 Valerio

148 1673 263 1716 atque
296 1668 463 1704 Horatio
497 1668 731 1711 consulibus,
765 1669 830 1716 qui
863 1674 1001 1718 praetcr
1030 1668 1193 1704 Volscos
1232 1674 1271 1703 et

150 1731 299 1781 AEquos
330 1732 462 1769 Sabini
490 1734 605 1769 etiam
629 1732 720 1769 belli
746 1732 904 1782 perfecti
930 1732 1091 1781 gloriam
1113 1744 1269 1781 pepere-

151 1802 249 1838 rant,
271 1802 430 1844 negatus
451 1795 498 1831 ab
519 1802 654 1831 senatu
672 1796 884 1844 triumphus
906 1794 1018 1838 esset,
1037 1795 1271 1831 verecundiae

151 1858 225 1895 fuit
246 1872 316 1908 pro
342 1866 450 1909 parte
475 1859 631 1895 dimidia
656 1871 781 1895 rerum
805 1859 1024 1895 consulibus
1051 1866 1179 1909 petere
1205 1859 1274 1894 tri-

153 1924 362 1972 umphum:
402 1936 451 1958 ne
480 1924 609 1966 etiam,
639 1923 671 1958 si
704 1923 971 1973 inpetrassent,
1002 1923 1123 1970 magis
1148 1921 1275 1958 homi-

151 1998 243 2022 num
263 1987 375 2029 ratio,
397 1999 510 2035 quam
530 1987 766 2029 meritorum,
786 1986 919 2023 habita
937 1986 1137 2023 videretur.

151 2071 153 2073 ·
205 2049 360 2086 LXXI.
380 2050 593 2086 Victoriam
613 2050 828 2094 honestam,
850 2063 897 2086 ex
915 2050 1090 2086 hostibus
1110 2056 1273 2099 partam,
1286 2055 1394 2094 Turpe
1406 2054 1460 2094 ju-

155 2119 263 2162 turpe
282 2114 385 2149 domi
404 2113 450 2149 de
469 2113 607 2150 finibus
634 2115 826 2150 sociorum
848 2113 1038 2165 judicium
1058 2112 1190 2163 populi
1211 2113 1275 2148 de·
1288 2099 1435 2171 dpififff‘ge

155 2177 343 2214 formavit.
400 2179 548 2214 Aricini
571 2186 685 2228 atque
711 2179 896 2214 Ardeates
916 2179 962 2214 de
982 2177 1161 2226 ambiguo
1181 2188 1275 2225 agro
1287 2184 1451 2214 sociorum

148 2241 270 2290 ¹quum
289 2242 388 2292 saepe
406 2242 508 2279 bello
524 2248 746 2286 certassent,
763 2242 891 2278 multis
912 2243 952 2278 in
967 2242 1086 2278 viceni
1108 2239 1273 2277 cladibus
1288 2226 1420 2257 finibus.

153 2306 259 2349 fessi,
283 2304 452 2355 judicem
481 2306 665 2358 populum
694 2305 914 2343 Romanum
943 2317 1088 2355 cepere.
1145 2303 1275 2344 Quum
