1573 2598
319 141 406 195 480
768 152 815 182 Τ.
840 153 976 183 mvn

125 253 217 286 uc,
234 259 309 288 393,
320 241 398 279 lum
417 242 633 293 adparatur,
654 242 732 292 qui,
762 251 801 279 et
829 244 928 292 parti
950 248 1039 278 ante
1058 241 1203 278 decoris
1222 252 1426 286 memores,

125 299 217 329 ᾸὈ·
234 304 307 332 ³⁵9·
320 319 443 355 neque
472 306 596 354 ignari
625 311 819 342 auctarum
845 307 981 342 virium
1008 305 1143 348 hostis,
1167 317 1252 341 suas
1278 317 1430 355 quoque

148 1086 251 1115 Atrox

147 1137 268 1167 pugna.

318 369 415 405 vires
445 375 598 418 augent.
655 369 781 405 Omne
809 369 1021 405 Hernicum
1039 381 1194 412 nomen,
1215 369 1337 405 omnis
1357 368 1432 405 mia

319 433 439 469 litaris
463 442 552 470 aetas
573 435 719 470 excitur
737 448 745 469 τ
777 434 1106 484 quadringenarias„²
1125 440 1216 470 octo
1235 434 1430 478 cohortes,

318 496 418 532 lecta
445 496 586 533 robora
612 497 793 540 virorum,
824 497 1054 533 scribuntur.
1110 496 1226 533 Hunc
1249 498 1431 533 eximium

318 558 451 595 florem
473 558 686 609 juventutis
708 572 753 595 eo
779 560 907 602 etiam,
928 560 1043 608 quod,
1063 566 1106 596 ut
1125 559 1264 610 duplex
1282 561 1429 611 accipe-

318 630 405 660 rent
424 625 666 675 stipendium,
688 625 944 668 decreverant,
965 626 1045 675 spei
1065 626 1353 674 animorumque
1371 626 1432 668 in<

319 687 480 737 plevere.
524 688 704 724 Inmunes
725 701 875 737 quoque
892 701 1049 739 operum
1067 688 1286 724 militarium
1307 695 1432 733 erant,

319 756 375 793 ut,
414 751 455 786 in
487 763 604 786 unum
633 763 771 800 pugnae
807 751 976 787 laborem
1006 752 1198 793 reservati,
1229 750 1312 801 plus
1343 751 1430 795 sibi,

319 826 433 863 quam
461 827 530 864 pro
558 814 656 850 virili
685 821 807 864 parte,
836 814 1082 850 adnitendum
1102 816 1252 851 scirent.
1308 815 1432 851 Extra

320 877 492 912 ordinem
512 878 626 912 etiam
646 878 685 912 in
705 878 786 912 acie
805 876 935 920 locati,
956 890 1032 926 quo
1053 878 1295 926 conspectior
1311 878 1429 914 virtus

320 945 431 975 esset.
485 939 617 975 Duum
646 939 805 975 millium
833 939 1016 989 planicies
1038 946 1161 975 castra
1185 939 1363 976 Romana
1381 941 1430 977 ab

320 1001 497 1039 Hernicis
528 1003 728 1040 dirimebat
746 1018 753 1039 :
786 1003 840 1039 ibi
858 1005 940 1054 pari
960 1004 1077 1040 ferme
1099 1004 1286 1053 utrimque
1305 1005 1430 1055 spatio

320 1066 357 1100 in
378 1066 502 1101 medio
522 1072 732 1115 pugnatum
752 1072 821 1103 est.
877 1066 1008 1103 Primo
1038 1068 1144 1102 stetit
1167 1066 1345 1116 ambigua
1364 1080 1430 1118 spe

319 1140 447 1179 pugna
466 1143 474 1163 z
506 1129 759 1178 nequidquam
782 1142 882 1179 saepe
907 1130 1053 1166 conatis
1075 1130 1264 1179 equitibus
1284 1131 1430 1168 Roma·

317 1193 376 1228 nis
397 1193 529 1242 inpetu
546 1192 701 1229 turbare
720 1193 889 1230 hostium
909 1195 1040 1230 aciem.
1072 1193 1282 1243 Postquam
1297 1208 1430 1244 eques-

318 1258 386 1293 tris
420 1270 550 1307 pugna
579 1258 728 1301 effectu,
763 1271 877 1307 quam
910 1257 1125 1301 conatibus,
1156 1259 1289 1294 vanior
1322 1265 1426 1304 erat3

319 1321 495 1357 consulto
528 1323 630 1372 prius
664 1322 851 1358 dictatore
885 1323 1045 1371 equiteS‚
1078 1322 1263 1371 permissu
1295 1322 1430 1359 deinde

320 1384 416 1434 ejus,
437 1385 577 1421 relictis
602 1387 720 1434 equis,
751 1385 915 1422 clamore
943 1386 1090 1434 ingenti
1118 1385 1323 1436 provolant
1342 1392 1430 1422 ante

320 1449 445 1497 signa,
465 1456 504 1485 et
523 1462 660 1485 novam
679 1450 871 1499 integrant
889 1462 1056 1500 pugnam
1073 1463 1081 1485 t
1113 1462 1235 1499 neque
1254 1449 1430 1486 sustineri

322 1518 513 1561 poterant,
534 1514 572 1548 ni
594 1513 902 1549 extraordinariae
922 1513 1098 1549 cohortes
1127 1513 1210 1563 pari
1228 1525 1429 1564 corporum

322 1576 610 1625 animorumque
628 1576 766 1612 robore
785 1588 824 1611 se
844 1575 1085 1626 objecissent.

376 1638 489 1675 VIII.
528 1640 637 1676 Tunc
670 1640 768 1676 inter
796 1641 979 1690 primores
1014 1640 1174 1676 duorum
1202 1640 1429 1691 populorum

320 1713 379 1738 res
400 1703 561 1751 geritur:
585 1704 766 1753 quidquid
785 1704 873 1739 hinc
890 1711 955 1740 aut
973 1703 1077 1740 illinc
1098 1705 1307 1741 communis
1322 1705 1429 1743 Mars

319 1764 410 1802 belli
430 1767 567 1811 aufert,
586 1767 800 1818 muitiplex‚
821 1780 933 1816 quam
961 1780 1030 1818 pro
1060 1780 1231 1812 numero,
1251 1768 1430 1806 damnum

319 1836 401 1866 est:
434 1831 566 1880 vulgus
587 1831 689 1868 aliud
709 1839 954 1876 armatorum,
974 1832 1077 1867 velut
1096 1831 1269 1881 delegata
1287 1834 1429 1883 primo·

319 1892 423 1929 ribus
442 1907 584 1943 pugna,
606 1902 782 1931 eventum
801 1907 910 1931 suum
930 1896 969 1931 in
995 1896 1134 1931 virtute
1152 1894 1275 1932 aliena
1292 1897 1426 1946 ponit:

319 1955 429 1992 multi
466 1959 654 2007 utrimque
689 1960 841 2002 cadunt,
880 1958 1005 2008 plures
1039 1958 1194 1995 vulnera
1222 1961 1428 2010 accipiimt.

319 2018 491 2057 Tandem
510 2023 654 2070 equites
675 2023 768 2058 alins
790 2023 905 2058 alium
924 2023 1177 2072 increpanteS‚
1198 2025 1285 2071 quid
1305 2025 1430 2062 deinde

319 2089 481 2128 restaret,
502 2087 717 2134 quaerendo,
737 2089 767 2122 si
791 2098 901 2134 neque
930 2098 972 2122 ex
996 2088 1093 2134 equis
1113 2088 1331 2134 pepulissent
1348 2089 1428 2125 hos·

320 2153 403 2190 tem,
423 2159 534 2196 neque
542 2150 680 2197 pedites
698 2150 894 2198 quidquam
913 2151 1081 2185 momenti
1088 2148 1292 2198 facerent?
1321 2164 1428 2200 quam

319 2213 462 2247 tertiam
481 2218 721 2261 exspectare-nt
737 2225 897 2262 pugnam
915 2215 936 2248 ,9
964 2215 1050 2262 quid
1068 2219 1152 2250 ante
1168 2215 1272 2262 signa
1284 2215 1429 2264 seroces
1476 2206 1479 2209 .

313 2276 570 2321 prosiluissent,
600 2282 635 2313 et
663 2278 778 2314 alieno
803 2283 1011 2326 pugnarent
1033 2279 1111 2315 loco
1128 2280 1149 2315 f>
1176 2278 1250 2316 His
1269 2279 1369 2316 inter
1386 2291 1435 2316 se-
