1573 2598
122 249 165 279 U.
175 247 213 278 C.
229 254 303 282 365.

121 293 161 324 Δ.
174 291 210 323 C.
227 299 302 329 ³87·

314 160 402 201 404
743 162 790 191 T.
815 162 948 192 mvn

313 250 410 298 quod
434 250 576 297 imperii
597 251 728 298 pignus
755 252 916 288 custodia
942 250 1016 298 ejus
1043 251 1168 300 templi
1197 256 1349 297 tenetur,
1370 254 1423 291 lo-

314 325 406 362 quar
422 315 443 349 ,9
469 314 557 362 quid
581 314 625 350 de
649 314 820 352 ancilibus
845 317 981 360 vestris,
1005 316 1107 352 Mars
1131 316 1298 360 Gradive,
1321 323 1428 366 tuque

316 378 466 419 Quirine
496 382 605 425 pater
620 379 642 414 ‚9
676 378 748 416 hoec
775 381 894 416 omnia
922 382 959 416 in
982 379 1142 429 profano
1171 382 1281 417 deseri
1305 382 1428 429 placet

311 453 428 484 sacra,
448 442 603 490 oequalia
620 442 711 486 urbi,
732 445 894 491 quaedam
919 445 1113 480 vetustiora
1138 445 1273 492 origine
1295 445 1393 481 urbis
1407 446 1429 481 ,9

311 505 363 541 Et
381 507 510 548 videte,
531 507 616 555 quid
632 507 725 543 inter
742 519 804 544 nos
822 520 865 544 ac
882 507 1032 555 majores
1050 510 1216 545 intersit:
1244 509 1301 545 illi
1323 507 1429 545 sacra

312 571 474 617 quaedam
505 571 543 606 in
573 576 692 607 monte
718 571 859 608 Albano
887 572 1108 622 Lavinioque
1136 573 1232 609 nobis
1252 572 1429 622 facienda

312 634 549 670 tradiderunt.
604 637 664 672 An
691 648 733 672 ex
761 636 914 673 hostium
941 638 1082 674 urbibus
1108 637 1262 673 Romam
1290 638 1340 673 ad
1366 649 1429 674 nos

312 697 499 746 transferri
513 711 617 735 sacra
631 701 833 748 religiosum
843 700 947 750 fuit:
967 702 1048 738 hinc
1061 704 1136 738 sine
1151 702 1297 751 piaculo
1312 703 1348 737 in
1363 702 1426 738 ho-

309 762 419 797 stium
443 762 564 798 urbem
589 763 690 799 Veios
708 763 961 813 tranfferemus
977 767 998 801 ,9
1025 765 1292 810 Recordamini,
1312 766 1427 813 agite-

311 825 410 868 dum,
441 828 576 873 quoties
602 838 706 863 sacra
734 829 990 872 instaurentur,
1012 830 1097 877 quia
1125 830 1264 877 aliquid
1291 840 1334 865 ex
1355 841 1427 877 pa-

311 889 380 924 trio
404 890 479 924 ritu
503 890 722 937 negligentia
746 903 872 928 casuve
892 894 1170 941 praetermissum
1195 896 1256 927 est.
1313 892 1429 928 Modo

310 964 390 1000 quae
411 965 480 996 res,
496 958 580 1000 post
598 953 808 1001 prodigium
827 953 960 990 Albani
985 955 1096 997 lacus,
1116 956 1185 991 nisi
1212 956 1432 992 instauratio

307 1025 489 1051 sacrorum
506 1017 815 1065 auspiciorumque
828 1019 1024 1060 renovatio,
1036 1017 1190 1067 adfectae
1204 1018 1341 1054 Veienti
1354 1018 1427 1055 bel-

310 1079 345 1114 lo
359 1079 561 1128 reipublicae
573 1082 730 1117 remedio
734 1081 847 1130 fuit?
865 1083 917 1119 At
931 1084 1055 1126 etiam,
1074 1087 1256 1131 tamquam
1270 1087 1429 1120 veterum

307 1143 520 1190 religionum
549 1156 733 1188 memores,
763 1150 799 1181 et
821 1148 1028 1194 peregrinos
1052 1147 1153 1183 Deos
1181 1146 1430 1183 transtulimus

310 1205 480 1251 Romam,
510 1213 546 1244 et
575 1210 795 1246 instituimus
821 1222 938 1247 novos.
994 1210 1092 1247 Juno
1121 1209 1278 1258 Regina,
1309 1215 1426 1247 trans-

308 1276 409 1308 vecta
433 1285 456 1308 a
479 1272 585 1316 Veiis,
606 1286 718 1322 nuper
744 1276 782 1310 in
799 1276 977 1311 Aventino
1005 1287 1113 1323 quam
1140 1276 1269 1322 insigni
1297 1275 1338 1311 ob
1366 1286 1426 1311 ex-

308 1336 436 1372 cellens
470 1341 719 1373 matronarum
753 1339 910 1374 studium
944 1339 1137 1386 celebrique
1173 1339 1340 1374 dedicata
1375 1343 1428 1374 est

309 1399 368 1434 die
383 1400 404 1435 ,9
437 1401 508 1436 Aio
533 1400 686 1437 Locutio
716 1403 900 1449 templum,
933 1407 1083 1450 propter
1110 1402 1280 1438 caelestem
1307 1414 1427 1438 vocem

308 1464 516 1499 exauditam
536 1465 573 1499 in
592 1464 697 1500 Nova
715 1466 788 1508 via,
799 1464 970 1511 jussimus
982 1466 1072 1514 fieri
1087 1481 1100 1501 .·
1130 1465 1349 1514 Capitolinos
1368 1466 1425 1501 lu-

308 1527 372 1562 dos
397 1528 620 1564 sollemnibus
648 1529 729 1565 aliis
757 1530 963 1565 addidimus
976 1546 989 1573 ‚·
1028 1529 1284 1577 collegiumque
1311 1530 1360 1565 ad
1386 1529 1427 1565 id

307 1602 450 1634 novum,
470 1597 615 1628 auctore
631 1598 770 1636 senatu,
792 1594 1024 1630 condidimus.
1078 1594 1175 1634 Quid
1194 1593 1319 1629 horum
1338 1604 1425 1641 opus

297 1652 383 1702 fuit
408 1657 551 1703 suscipi,
581 1657 611 1692 si
638 1669 712 1692 una
740 1669 820 1693 cum
845 1657 960 1692 Gallis
987 1656 1107 1692 urbem
1137 1655 1340 1692 Romanam
1367 1668 1424 1692 re·

307 1718 430 1754 licturi
446 1719 590 1767 fuimus
604 1721 626 1756 ,9
651 1722 681 1756 si
705 1733 776 1757 non
801 1721 986 1757 voluntate
1006 1722 1199 1757 mansimus
1216 1722 1254 1757 in
1276 1720 1423 1769 Capito-

307 1782 356 1817 lio
380 1794 447 1830 per
477 1787 529 1819 tot
556 1795 689 1819 menses
716 1784 904 1820 obsidionis
919 1786 940 1820 .9
966 1786 998 1820 si
1019 1784 1063 1820 ab
1082 1784 1236 1820 hostibus
1253 1789 1348 1820 metu
1367 1795 1424 1820 re-

307 1847 396 1882 tenti
413 1858 532 1883 sumus
548 1848 570 1883 ‚9
597 1847 661 1883 De
681 1850 790 1883 sacris
815 1849 991 1896 loquimur
1016 1854 1051 1885 et
1078 1850 1123 1885 de
1148 1849 1310 1896 templis:
1338 1849 1424 1896 quid

307 1910 451 1945 tandem
486 1911 529 1946 de
568 1912 844 1948 sacerdotibus.9
889 1913 1018 1949 Nonne
1052 1915 1090 1949 in
1124 1917 1276 1949 mentem
1311 1913 1421 1955 venit,

305 1979 477 2021 quantum
505 1976 641 2022 piaculi
666 1978 910 2012 committatur
926 1978 947 2013 ,9
979 1977 1175 2013 Vestalibus
1199 1988 1324 2024 nempe
1347 1988 1422 2012 una

304 2037 371 2073 illa
395 2039 492 2074 sedes
510 2043 573 2081 est,
597 2051 640 2075 ex
668 2052 739 2087 qua
767 2051 826 2075 eas
851 2040 945 2076 nihil
972 2053 1155 2088 umquam,
1182 2045 1421 2088 proeterquam

302 2102 385 2138 urbs
405 2108 527 2150 capta,
548 2104 668 2138 movit.
724 2103 881 2140 Flamini
903 2105 1011 2140 Diali
1038 2110 1172 2140 noctem
1202 2116 1312 2140 unam
1340 2116 1419 2140 ma-

301 2176 384 2202 nere
403 2171 504 2202 extra
529 2166 648 2202 urbem
670 2166 770 2215 nefas
795 2172 857 2204 est.
913 2168 990 2204 Hos
1013 2168 1171 2204 Veientes
1196 2180 1262 2217 pro
1283 2168 1418 2205 Roma-

300 2230 356 2265 nis
373 2228 519 2277 facturi
545 2231 626 2266 estis
643 2231 852 2274 sacerdotes,
874 2236 908 2267 et
931 2232 1085 2268 Vestales
1105 2236 1174 2268 tuae
1193 2236 1226 2267 te
1246 2232 1415 2274 deserent,

305 2291 410 2331 Vesta
427 2295 448 2329 ,9
475 2298 510 2330 et
524 2294 666 2344 stamen
687 2306 835 2344 peregre
860 2295 1052 2334 habitando
1073 2298 1110 2333 in
1127 2296 1284 2345 singulas
1301 2300 1421 2334 noctes
