1573 2598
432 215 588 245 LIBER
613 215 695 244 111.
729 214 836 243 CAP.
862 215 932 244 lv.
1164 212 1242 258 173

126 305 215 355 gido
249 306 452 345 Quinctius
486 303 620 340 consul
648 303 811 340 redierat
833 302 1015 346 Romam,
1040 302 1095 350 (id
1124 315 1244 338 reme·

127 370 231 406 dium
258 361 387 406 timori
416 368 506 415 fuit)
531 368 773 417 tumultuque
799 367 944 410 sedato,
970 368 1089 403 victos
1119 367 1245 402 timeri

127 435 325 485 increpans
345 435 489 477 hostes,
514 433 689 484 praesidia
711 433 832 482 portis
858 433 1041 482 inposuit.
1096 431 1247 467 vocato

128 499 216 535 dein
241 505 388 541 senatu,
416 510 545 547 quum,
578 510 624 534 ex
653 497 883 533 auctoritate
912 496 1071 533 Patrum
1092 495 1248 546 justitio

129 563 288 606 indicto,
317 562 510 612 profectus
541 561 589 597 ad
617 561 798 597 tutandos
829 561 920 597 fines
952 567 1064 604 esset,
1093 560 1141 599 Q.
1164 560 1248 596 Ser-

127 628 219 664 vilio
241 628 419 678 praefecto
439 627 542 663 urbis
562 627 711 670 relicto,
733 627 885 662 hostem
904 627 943 661 in
963 626 1064 674 agris
1089 638 1169 661 non
1190 625 1249 660 in-

128 693 243 728 venit.
300 691 362 727 Ab
401 690 522 727 altero
557 690 713 726 consule
745 703 804 727 res
838 696 946 738 gesta
979 689 1130 737 egregie
1168 694 1249 724 est:

130 755 208 804 qui,
236 768 312 803 qua
330 760 532 790 venturum
560 754 710 790 hostem
740 753 898 796 sciebat,
929 765 1081 801 gravem
1110 751 1251 801 praeda,

129 830 250 867 eoque
269 817 496 867 inpeditiore
519 818 671 866 agmine
694 817 932 853 incedentem
958 816 1170 864 adgressuS,
1190 815 1250 851 fu-

130 888 278 919 nestam
297 883 330 918 ei
353 881 640 932 populationem
663 881 768 919 fecit.
824 882 942 918 Pauci
968 881 1138 917 hostium
1165 892 1251 916 eva—

130 959 212 983 sere
241 960 286 983 ex
315 946 487 982 insidiis:
520 946 647 996 praeda
675 947 798 982 omnis
828 952 982 996 recepta
1011 951 1093 982 est:
1127 945 1180 980 sic
1210 944 1253 980 fi-

131 1023 222 1047 nem
234 1009 403 1061 justitio,
425 1011 527 1060 quod
547 1012 791 1060 quatriduum
810 1011 897 1055 fuit,
918 1010 1060 1046 reditus
1081 1009 1254 1048 Quinctii

134 1074 298 1111 consulis
329 1076 367 1112 in
397 1075 529 1112 urbem
557 1076 660 1113 fecit.
719 1077 864 1112 Census
894 1076 1029 1112 deinde
1058 1080 1180 1117 actus,
1215 1079 1253 1110 et
1300 1088 1303 1089 ⁷

133 1140 329 1175 conditum
362 1140 410 1176 ab
439 1140 623 1179 Quinctio
660 1140 846 1176 lustrum:
879 1152 992 1176 censa
1021 1139 1159 1175 civium
1188 1151 1250 1174 ca-

135 1204 216 1252 pita
245 1210 398 1239 centum
424 1210 587 1253 quatuor
616 1204 734 1240 millia
764 1211 802 1240 et
831 1204 994 1240 ducenta
1022 1203 1250 1252 quatuorde-

135 1268 210 1303 cim
243 1267 432 1310 dicuntur,
471 1274 608 1317 praeter
638 1268 752 1304 orbos
786 1267 985 1316 orbasque.
1040 1267 1088 1302 In
1118 1266 1255 1315 AEquis

134 1331 231 1367 nihil
249 1331 383 1368 deinde
398 1332 643 1368 memorabile
660 1338 787 1368 actum
803 1346 811 1367 ε
835 1332 874 1368 in
894 1332 1035 1382 oppida
1055 1343 1124 1367 sua
1143 1344 1181 1367 se
1197 1344 1255 1367 re-

136 1408 282 1446 cepere,
314 1396 370 1432 uri
399 1408 466 1432 sua
495 1397 744 1447 popularique
776 1397 891 1447 passi,
949 1396 1108 1437 Consul,
1139 1409 1256 1444 quum

137 1459 336 1509 aliquoties
370 1474 437 1512 per
467 1474 621 1498 omnem
649 1462 819 1498 hostium
849 1473 982 1510 agrum
1016 1461 1157 1496 infesto
1190 1473 1257 1509 ag-

137 1525 238 1560 mine
269 1525 560 1576 populabundus
590 1527 696 1570 isset,
727 1538 812 1562 cum
841 1525 988 1574 ingenti
1017 1524 1127 1562 laude
1161 1538 1257 1576 prae-

139 1589 260 1638 daque
279 1590 445 1627 Romam
464 1592 587 1629 rediit.

190 1654 260 1691 IV.
291 1655 476 1692 Consules
505 1657 593 1693 inde
619 1658 666 1693 A.
687 1657 906 1693 Postumius
932 1657 1069 1701 Albus,
1098 1658 1161 1707 Sp.
1180 1657 1256 1693 Fu-
1271 1660 1313 1690 U.
1330 1659 1367 1689 C.
1385 1666 1459 1692 290-

138 1718 214 1753 rius
235 1718 368 1755 Fusus.
424 1719 560 1757 Furios
579 1720 715 1756 Fusios
735 1721 918 1770 scripsere
937 1721 1110 1769 quidam:
1135 1721 1173 1757 id
1192 1722 1256 1758 ad·
1270 1704 1309 1734 A·
1327 1703 1363 1734 Ο·
1379 1707 1453 1733 462·

140 1793 292 1824 moneo,
310 1795 359 1818 ne
378 1783 459 1831 quis
480 1784 773 1820 inmutationem
787 1785 954 1820 virorum
975 1785 1143 1834 ipsorum
1163 1798 1258 1830 esse,

139 1858 222 1894 quae
246 1846 445 1882 nominum
466 1853 535 1890 est,
556 1854 675 1897 putet.
733 1848 850 1884 Haud
876 1848 1033 1884 dubium
1052 1855 1146 1893 erat,
1167 1850 1258 1899 quin

140 1921 225 1944 cum
244 1908 380 1958 AEquis
412 1909 508 1946 alter
527 1910 724 1947 consulum
743 1911 885 1947 bellum
907 1919 1065 1960 gereret.
1123 1913 1258 1964 Itaque

139 1972 258 2021 AEqui
278 1972 325 2008 ab
345 1973 544 2010 Ecetranis
565 1974 714 2010 Volscis
744 1976 961 2026 praesidium
985 1978 1150 2027 petiere:
1183 1993 1260 2028 quo

140 2038 274 2087 cupide
299 2038 446 2082 oblato,
471 2040 585 2088 (adeo
610 2041 782 2077 civitates
809 2042 867 2077 hae
896 2049 1082 2092 perpetuo
1112 2044 1151 2079 in
1177 2043 1258 2080 Ro-

141 2114 272 2137 manos
299 2103 388 2138 odio
412 2105 624 2151 certavere)
648 2104 789 2140 bellum
812 2118 959 2142 summa
978 2107 1014 2142 vi
1043 2107 1259 2157 parabatur.

143 2165 319 2201 Sentiunt
348 2166 523 2211 Hernici,
552 2175 589 2204 et
627 2169 836 2217 praedicunt
868 2168 1070 2214 Romanis,
1101 2171 1258 2208 Ecetra-

143 2241 234 2264 num
263 2229 309 2264 ad
337 2230 485 2279 AEquos
515 2232 677 2268 descisse
696 2246 707 2267 ε.
736 2239 911 2282 suspecta
939 2240 977 2270 et
1006 2233 1158 2271 colonia
1174 2236 1256 2272 An·
1269 2235 1408 2267 Antium

1269 2278 1395 2308 colonia

142 2292 342 2335 tium-fuit,
364 2294 465 2342 quod
483 2308 622 2344 rna-gna
641 2297 694 2332 vis
714 2297 912 2334 hominum
931 2299 1031 2341 inde,
1053 2312 1168 2348 quum
1186 2313 1255 2351 Op·
1267 2328 1425 2361 suspecta.

141 2356 286 2406 pidum*
307 2364 460 2407 captum
496 2366 608 2403 esset,
647 2361 882 2411 confugisset
914 2363 960 2399 ad
990 2362 1165 2414 AEquos:
1205 2366 1254 2401 is-

668 2422 685 2459 1
706 2424 728 2460 3
