1573 2598
415 207 570 236 mnan
591 207 686 237 vn.
717 206 823 236 CAP.
849 206 910 235 11.
1118 206 1201 250 473

93 294 240 340 fierent,
268 302 518 333 convenerat:
551 304 684 346 postea
712 295 968 345 promiscuum
995 293 1080 330 fuit.
1136 294 1202 330 In·
1215 303 1305 334 U.C.
1321 309 1397 337 390.

95 361 153 403 de,
175 361 221 398 L.
243 361 414 396 Genucio
435 367 472 396 et
497 360 545 397 Q.
567 359 725 395 Servilio
748 358 980 401 consulibus,
1001 364 1039 393 et
1067 357 1114 394 ab
1143 371 1202 394 se-
1214 347 1253 377 A·
1267 346 1304 376 C·
1321 351 1398 377 3⁶²·

94 425 238 460 ditione
258 431 296 460 et
321 436 343 460 a
363 423 465 459 bello
492 423 626 471 quietis
655 423 782 465 rebus,
803 435 851 458 ne
879 422 1029 471 quando
1052 434 1074 456 a
1098 428 1203 458 metu

92 500 136 523 ac
155 487 329 536 periculis
349 493 539 528 vacarent,
560 485 776 534 pestilentia
796 486 927 534 ingens
949 491 1045 521 orta.
1101 485 1200 520 Cen·
1214 481 1408 513 Pestilffl-tia-

91 562 228 594 sorem,
260 550 404 586 aedilem
434 549 613 592 curulem,
640 555 715 585 tres
745 549 918 585 tribunos
947 548 1067 598 plebis
1098 561 1200 584 mor—

89 620 176 650 tuos
205 614 345 658 ferunt,
375 627 444 664 pro
480 614 656 663 portione
694 620 730 649 et
767 626 814 649 ex
850 613 1091 649 multitudine
1128 612 1203 648 alia

90 677 208 714 multa
236 678 371 714 funera
393 677 532 713 fuisse:
565 678 803 725 maximeque
834 689 917 712 eam
943 676 1201 726 pestilentiam

89 741 276 790 insignem
304 754 404 778 mors
427 753 540 790 quam
565 748 727 783 matura,
749 747 827 776 tam
847 741 997 783 acerba,
1017 740 1074 776 M.
1094 740 1201 775 Furii

86 805 189 843 fecit.
244 805 334 842 Fuit
356 806 457 841 enim
475 817 561 840 vere
579 806 636 840 vir
658 805 789 840 unicus
814 805 853 840 in
883 805 988 840 omni
1015 803 1194 839 fortuna:
1211 796 1343 834 Camilli

87 870 260 920 princeps
279 882 373 920 pace
393 869 569 917 belloque
588 869 705 918 prius,
726 880 839 916 quam
862 867 1075 903 exsulatum
1099 867 1171 902 iret
1183 883 1195 912 3
1213 856 1309 878 mors·

89 934 224 971 clarior
252 936 291 970 in
320 934 452 970 exsilio
472 933 531 969 vel
560 933 745 969 desiderio
775 933 954 975 civitatis,
974 945 1058 980 quae
1087 939 1199 982 capta

88 998 254 1035 absentis
285 998 489 1048 inploravit
517 1010 643 1046 opem,
672 996 731 1032 vel
759 995 956 1039 felicitate,
987 1008 1061 1044 qua
1088 996 1198 1031 resti-

87 1068 190 1098 tutus
224 1062 264 1097 in
300 1062 462 1111 patriam
499 1073 626 1096 secum
663 1060 826 1110 patriam
862 1060 983 1109 ipsam
1019 1059 1199 1095 restituit.

85 1124 160 1161 Par
188 1125 321 1161 deinde
349 1137 416 1175 per
444 1124 609 1173 quinque
638 1129 675 1159 et
694 1123 829 1171 viginti
858 1134 978 1158 annos
1001 1123 1078 1170 (tot
1097 1123 1199 1159 enim

85 1195 218 1238 postea
236 1188 348 1234 vixit)
371 1187 484 1223 titulo
499 1193 618 1223 tantae
637 1187 767 1235 gloriae
787 1185 874 1228 fuit,
895 1185 1106 1235 dignusque
1128 1186 1198 1221 ha-

84 1252 200 1295 bitus,
222 1264 333 1301 quem
359 1252 564 1288 secundum
590 1264 613 1287 a
633 1250 803 1286 Romulo
832 1249 1067 1286 conditorem
1093 1249 1197 1286 urbis

84 1315 270 1353 Romanae
291 1316 446 1354 ferrent.

138 1379 193 1416 ΙΙ.
221 1380 274 1416 Et
300 1380 375 1416 hoc
404 1387 442 1417 et
470 1380 685 1429 insequenti
713 1392 829 1422 anno,
857 1379 901 1416 C.
928 1378 1098 1429 Sulpicio
1122 1378 1195 1415 Pe·
1208 1381 1300 1412 U.C.
1317 1387 1394 1415 391.

85 1443 177 1487 tico,
217 1444 260 1481 C.
297 1444 449 1480 Licinio
487 1444 660 1487 Stolone,
699 1442 933 1485 consulibus,
977 1441 1198 1492 pestilentia
1208 1425 1298 1456 A‘C'
1315 1429 1391 1455 3⁶¹·

84 1507 184 1544 fuit:
225 1521 271 1545 eo
298 1508 395 1544 nihil
423 1509 577 1557 dignum
610 1508 794 1543 memoria
822 1513 963 1550 actum,
993 1507 1066 1542 nisi
1096 1507 1198 1555 quod
1236 1547 1241 1552 „

86 1572 188 1621 pacis
203 1571 330 1608 Deum
345 1572 591 1623 exposcendae
611 1584 744 1608 caussa
761 1571 877 1606 tertio
895 1576 978 1607 tum
996 1576 1084 1620 post
1103 1583 1196 1606 con-

87 1635 203 1672 ditam
222 1635 354 1672 urbem
382 1636 654 1672 lectisternium
676 1634 750 1671 fuit
766 1649 774 1670 ε
807 1641 846 1670 et
864 1647 980 1683 quum
998 1634 1052 1669 vis
1072 1634 1197 1670 morbi

86 1711 156 1736 nec
183 1700 357 1736 humanis
381 1699 547 1736 consiliis
572 1713 642 1736 nec
662 1712 734 1749 ope
753 1699 881 1734 divina
897 1698 1098 1741 levaretur,
1118 1699 1197 1734 vic-

87 1763 135 1798 tis
165 1764 432 1812 superstitione
461 1764 611 1806 animis,
636 1763 715 1798 ludi
737 1774 887 1810 quoque
916 1762 1069 1803 scenici,
1098 1774 1198 1798 nova
1211 1764 1414 1814 lindi.⁵‘?‘¹¹i‘¹

87 1838 146 1862 res
174 1826 358 1863 bellicoso
386 1827 546 1877 populo,
570 1829 675 1874 (nam
695 1826 784 1862 circi
809 1826 922 1862 modo
942 1825 1199 1875 spectaculum
1210 1817 1358 1848 c¹pr¹m¹'

86 1890 229 1939 fuerat)
248 1892 347 1927 inter
365 1891 439 1927 alia
457 1891 621 1927 coelestis
640 1892 705 1927 irae
724 1891 937 1940 placamina
956 1891 1122 1926 instituti
1142 1891 1200 1926 di-

90 1961 238 1992 cuntur,
295 1955 474 1991 Ceterum
495 1968 611 2004 parva
629 1967 778 2003 quoqne
802 1957 861 2001 (ut
878 1953 996 1989 ferme
1015 1954 1203 2003 principia

88 2019 235 2065 omnia)
258 2025 296 2055 et
315 2031 359 2055 ea
377 2020 459 2068 ipsa
483 2019 682 2068 peregrina
707 2030 764 2054 res
783 2017 869 2054 fuit.
926 2017 1015 2053 Sine
1035 2018 1202 2055 carmine

89 2082 181 2125 ullo,
202 2083 283 2118 sine
305 2083 572 2119 imitandorum
598 2083 805 2118 carminum
833 2088 933 2124 actu,
954 2081 1126 2119 ludiones
1153 2093 1201 2118 ex

90 2145 245 2182 Etruria
276 2146 404 2188 adciti,
435 2147 482 2182 ad
512 2146 679 2182 tibicinis
710 2146 842 2182 modos
872 2145 1068 2187 saltantes,
1099 2144 1201 2180 haud

93 2209 290 2245 indecdros
318 2216 444 2246 motus
475 2223 581 2246 more
609 2211 737 2246 Tusco
766 2210 933 2246 dabant:
967 2209 1106 2244 imitari
1136 2208 1201 2244 de-

94 2272 180 2309 inde
208 2285 272 2308 eos
295 2273 491 2323 juventuS‚
512 2274 624 2310 simul
653 2273 856 2310 inconditis
876 2273 975 2308 inter
993 2283 1033 2306 se
1051 2270 1203 2320 jocula-

95 2337 149 2375 ria
175 2336 376 2374 fundentes
396 2338 579 2380 versibus,
603 2351 779 2391 coepere3
812 2349 881 2374 nec
910 2335 1044 2373 absoni
1070 2348 1094 2374 a
1110 2347 1205 2375 voce
