1573 2598
324 168 408 223 482
791 181 836 211 r.
861 181 995 213 nvn

132 273 175 303 U.
191 273 227 303 C.
241 279 315 307 394.
327 270 442 308 facit:
474 283 590 321 quum
609 271 842 308 mentionem
857 272 937 323 ejus
953 274 1008 310 rei
1027 273 1068 310 in
1085 271 1355 313 vetustioribus
1370 285 1439 312 an-

133 316 476 372 A‘C‘358'nalibus
512 334 656 372 nullam
691 335 895 380 inveniam,
933 337 1069 386 magis,
1106 343 1149 374 ut
1179 336 1270 374 belli
1303 336 1442 375 Gallici

133 374 313 451 giilffcmum,
331 414 463 439 caussa
482 402 707 438 dictatorem
726 409 894 439 creatum
913 402 1087 446 arbitrer,
1104 402 1262 440 inclinat
1281 403 1442 441 animus.

329 466 391 504 Eo
417 472 518 503 certe
538 479 639 503 anno
659 465 760 502 Galli
779 467 827 504 ad
845 467 1001 504 tertium
1026 466 1189 518 lapidem
1212 466 1358 504 Salaria
1380 467 1443 505 via

328 536 433 568 trans
447 536 603 581 pontem
614 530 772 567 Anienis
786 538 909 568 castra
919 531 1098 568 habuere.
1120 530 1313 575 Dictator,
1326 542 1442 581 quum

329 594 513 631 tumultus
545 593 683 630 Gallici
715 607 849 630 caussa
871 593 1066 644 justitium
1095 595 1287 638 edixisset,
1310 605 1441 631 omncs

322 659 497 710 juniores
524 665 760 695 sacramento
787 658 928 708 adegit,
955 659 1178 708 ingentique
1203 660 1371 696 exercitu
1391 657 1442 695 ab

330 724 422 761 urbe
447 723 654 775 profectuS,
675 722 714 759 in
735 723 910 759 citeriore
935 723 1018 774 ripa
1035 723 1194 760 Anienis
1222 730 1347 760 castra
1371 736 1444 775 po·

330 789 418 825 suit.
475 788 576 824 Pons
592 787 632 823 in
648 787 772 823 medio
788 793 882 831 erat,
902 788 1046 824 neutris
1063 801 1150 825 eum
1164 787 1442 839 rumpentibus,

331 865 379 890 ne
407 852 555 889 timoris
588 851 767 887 indicium
804 857 914 888 esset.
970 851 1113 888 Proelia
1142 852 1189 888 de
1223 851 1444 902 occupando

330 924 447 970 ponte
468 916 598 952 crebra
618 922 748 961 erant3
780 927 864 958 nec,
885 915 949 964 qui
969 915 1197 965 potirentur,
1212 916 1366 952 incertis
1386 916 1443 952 vi-

331 982 450 1025 ribus,
482 981 571 1017 satis
599 980 760 1034 discerni
789 985 951 1030 poterat.
981 979 1081 1016 Tum
1112 981 1251 1016 eximia
1275 980 1444 1031 corporis

332 1044 595 1095 magnitudine
622 1044 660 1079 in
690 1056 851 1079 vacuum
887 1049 1045 1093 pontem
1073 1043 1205 1080 Gallus
1235 1044 1442 1095 processit3

333 1117 372 1146 et
391 1115 574 1160 quantum
594 1109 759 1145 maxima
777 1122 869 1145 voce
888 1110 1027 1159 potuit,
1051 1110 1163 1151 Quem
1185 1123 1289 1154 nunc,
1307 1111 1444 1160 inquit,

333 1175 453 1212 Roma.
477 1176 590 1210 virum
607 1173 849 1222 fortissimum
872 1174 988 1218 habet,
1006 1176 1192 1222 procedat,
1213 1177 1377 1224 agedum,
1398 1175 1448 1211 ad

329 1252 505 1290 pugnam,
528 1244 567 1275 ut
593 1243 709 1276 noster
725 1240 876 1275 duorum
898 1244 1041 1275 eventus
1062 1241 1239 1283 ostendat,
1266 1245 1348 1276 utra
1363 1251 1449 1288 gens

334 1306 422 1342 bello
441 1306 487 1343 sit
507 1305 631 1341 melior

119 1363 286 1422 singulare
392 1369 444 1406 X.
474 1369 553 1406 Diu
579 1370 677 1405 inter
702 1369 884 1419 primores
904 1367 1089 1419 juvenum
1114 1368 1378 1406 Romanorum
1397 1368 1448 1405 s'i-

116 1415 288 1482 ’ἳ-ῗῐῇῗῐῒῐῗιῖῑ
338 1434 497 1472 lentium
516 1434 602 1476 fuit,
623 1428 737 1483 quum
761 1440 798 1469 et
817 1434 982 1470 abnuere
999 1441 1192 1470 certamen
1216 1439 1448 1478 vererentur,

119 1503 197 1525 cum
213 1493 318 1524 Gallo·
339 1506 378 1537 et
409 1500 636 1549 praecipuam
663 1504 802 1534 sortem
832 1497 988 1548 periculi
1017 1504 1143 1548 petere
1172 1497 1337 1534 nollent:
1368 1503 1449 1533 tum

337 1564 384 1602 T.
404 1562 587 1604 Manlius,
613 1561 659 1598 L.
690 1561 801 1605 filius,
832 1563 893 1611 qui
922 1571 1067 1612 patrem
1098 1575 1120 1598 a
1148 1563 1349 1599 vexatione
1381 1563 1448 1598 tri-

334 1627 490 1665 bunicia
509 1626 776 1668 vindicaverat,
798 1637 843 1662 ex
863 1627 1027 1662 statione
1047 1626 1094 1662 ad
1113 1626 1337 1662 dictatorem
1364 1638 1448 1675 per-

336 1692 414 1741 git:
455 1689 594 1737 Injussu
633 1694 706 1733 tao,
744 1690 880 1738 inquit,
921 1691 1127 1738 imperator,
1161 1695 1264 1725 extra
1295 1690 1453 1725 ordinem

338 1768 533 1805 numquam
550 1755 796 1803 pugnaverim,
812 1766 882 1790 non
899 1756 930 1790 si
945 1760 1077 1790 certam
1095 1756 1283 1790 victoriam
1302 1755 1453 1791 videam.

343 1822 386 1858 Si
405 1826 442 1857 tu
466 1821 656 1869 permitti-3,
678 1819 755 1855 volo
781 1831 844 1867 ego
870 1820 923 1855 illi
948 1819 1071 1855 'bellaae
1096 1820 1290 1862 ostendere,
1312 1820 1452 1868 quando

343 1888 434 1924 adeo
446 1885 557 1934 ferox
581 1884 767 1932 praesultat
791 1883 943 1919 hostium
959 1885 1082 1931 signis,
1104 1895 1158 1920 me
1183 1895 1226 1919 ex
1243 1895 1286 1919 ea
1300 1882 1456 1931 familia

343 1956 476 1994 ortum,
496 1962 573 1998 quae
597 1950 781 1985 Gallorum
810 1961 934 1996 agmen
961 1961 1003 1984 ex
1028 1961 1116 1997 rupe
1146 1949 1300 1996 Tarpeia
1318 1947 1455 1995 dejecit.

344 2016 446 2052 Tum
475 2015 652 2056 dictator,
684 2014 806 2050 Macte
840 2015 984 2056 virtute,
1015 2013 1152 2061 inquit,
1189 2025 1233 2049 ac
1256 2014 1392 2061 pietate
1420 2014 1458 2049 in

343 2085 499 2130 patrem,
519 2079 758 2127 patriamque,
784 2078 824 2113 T.
844 2077 978 2119 Manli,
998 2082 1082 2112 esto.
1138 2076 1267 2124 Perge,
1281 2080 1315 2111 et
1333 2088 1459 2112 nomen

351 2146 553 2182 Romanam
568 2146 751 2186 invictum,
762 2141 969 2189 juvantibus
981 2143 1079 2184 Diis,
1096 2147 1240 2190 praesta.
1295 2142 1459 2179 Armant

350 2209 437 2246 inde
456 2208 636 2259 juvenem
656 2206 838 2256 aequales:
871 2206 1042 2256 pedestre
1061 2212 1209 2241 scutum
1229 2206 1343 2255 capit,
1364 2205 1458 2242 His-

351 2286 452 2324 pano
479 2273 642 2322 cingitur
661 2271 801 2321 gladio,
822 2271 868 2308 ad
894 2271 1112 2322 propiorem
1133 2269 1251 2306 habili
1276 2283 1456 2321 pugnam.

355 2338 552 2375 Armatum
588 2336 886 2388 adornatumque
922 2335 1097 2373 adversus
1131 2334 1284 2372 Gallum
1319 2334 1455 2373 stolide
