1573 2598
375 175 461 233 386
829 186 877 217 Τ.
900 187 1035 217 mvn

184 282 275 315 U.C.
293 288 367 315 365.
379 294 452 332 que
476 279 645 318 hostium
663 277 776 330 plena
794 285 916 324 erant,
937 286 976 317 et
1000 286 1092 317 nata
1105 280 1150 317 in
1169 293 1287 318 vanos
1305 282 1487 320 tumultus

183 328 224 359 Α·
237 326 276 358 C·
293 331 368 362 ³⁸7'
380 357 488 396 gens,
518 344 618 381 truci
650 349 767 380 cantu
802 343 1107 395 clamoribusque
1131 345 1261 389 variis,
1296 346 1490 384 horrendo

379 415 517 448 cuncta
535 407 818 458 compleverant
836 420 945 445 sono.

162 470 310 501 Vincunt
433 472 673 512 XXXVIII.
702 471 763 509 lbi
789 472 937 510 tribuni
961 471 1139 516 militum,
1158 483 1239 509 non
1255 471 1343 510 loco
1360 474 1493 511 castris

162 513 340 589 ἓῖἲῧῗὲῐῗ,
380 544 470 576 ante
497 544 625 589 capto,
644 549 724 574 non
751 537 979 588 praemunito
998 535 1113 580 vallo,
1133 549 1209 586 quo
1235 545 1409 589 receptus
1435 551 1495 575 es-

377 609 452 647 set,
471 615 552 640 non
569 602 744 640 Deorum
770 601 920 645 saltem,
943 602 975 638 si
1003 614 1083 638 non
1110 602 1326 646 hominum,
1350 615 1495 640 memo-

379 680 453 712 res,
479 680 550 705 nec
578 667 790 718 auspicato,
812 679 883 703 nec
911 666 1038 710 litato,
1065 667 1260 703 instruunt
1285 667 1406 704 aciem
1431 668 1496 704 de-

379 732 532 769 ductam
556 732 596 768 in
615 744 771 775 cornua,
791 743 841 767 ne
866 731 1131 768 circumveniri
1159 731 1400 769 multitudine
1423 723 1498 769 ho-

379 796 497 832 stium
523 801 682 846 possent
699 810 707 831 :
742 807 812 831 nec
831 800 960 831 tamen
979 795 1119 844 aequari
1137 795 1283 832 frontes
1302 801 1496 846 poterant,

378 873 497 910 quum
520 859 764 897 extenuando
790 858 980 896 infirmam
1005 865 1044 895 et
1062 860 1125 896 vix
1145 860 1400 896 cohaerentem
1417 872 1497 897 me-

380 924 483 961 diam
519 924 639 960 aciem
672 922 870 959 haberent.
933 920 1110 958 Paullum
1145 929 1226 958 erat
1259 922 1307 959 ab
1342 923 1499 960 dextera

381 988 475 1026 editi
501 987 591 1031 loci,
612 999 725 1037 quem
753 986 986 1023 subsidiariis
1017 986 1153 1037 repleri
1181 986 1349 1037 placuit3
1379 999 1499 1037 eaque

379 1066 455 1098 res,
476 1060 519 1091 ut
545 1054 700 1091 initium
728 1052 879 1103 pavoris
907 1064 950 1089 ac
976 1052 1091 1102 fugae,
1112 1052 1165 1089 sic
1185 1066 1261 1089 una
1279 1052 1378 1090 salus
1397 1053 1499 1103 fugi-

376 1118 531 1155 entibus
560 1117 646 1155 fuit.
701 1117 804 1154 Nam
830 1118 1021 1160 Brennus,
1047 1118 1200 1167 regulus
1220 1118 1433 1164 Gallorum,
1460 1119 1500 1156 in

375 1183 574 1234 paucitate
601 1181 771 1219 hostium
800 1189 921 1219 artem
949 1183 1115 1220 maxime
1140 1183 1294 1227 timens,
1318 1190 1424 1221 ratus
1452 1184 1500 1220 ad

379 1249 420 1285 id
439 1255 593 1300 captum
611 1249 847 1300 superiorem
870 1248 1012 1292 locum,
1033 1254 1090 1291 ut,
1110 1246 1176 1284 ubi
1194 1246 1297 1284 Galli
1315 1260 1402 1285 cum
1420 1247 1501 1284 acie

377 1313 577 1363 legionum
605 1319 709 1350 recta
736 1313 865 1350 fronte
892 1313 1236 1357 concucurrissent,
1266 1310 1433 1350 subsidia
1458 1313 1500 1349 in

382 1390 535 1415 aversos
571 1383 883 1427 transversosque
915 1378 1088 1429 inpetum
1115 1378 1264 1420 darent,
1293 1376 1342 1414 ad
1377 1376 1501 1414 subsi-

383 1442 524 1479 diarios
543 1443 654 1492 signa
673 1443 883 1480 convertit:
915 1443 948 1479 si
967 1455 1031 1479 eos
1055 1441 1142 1479 loco
1161 1441 1381 1492 depulisset,
1400 1440 1502 1478 haud

383 1506 536 1551 dubius,
568 1506 720 1544 facilem
753 1508 793 1543 in
826 1519 934 1556 aequo
969 1508 1094 1557 campi
1125 1513 1277 1544 tantum
1307 1505 1503 1557 superanti

382 1570 619 1608 multitudini
644 1571 844 1607 victoriam
866 1570 973 1607 fore:
1006 1570 1101 1607 adeo
1126 1582 1207 1606 non
1234 1569 1391 1607 fortuna
1417 1581 1501 1606 mo-

385 1631 450 1678 do,
469 1635 535 1671 sed
553 1635 652 1671 ratio
673 1634 802 1677 etiam,
825 1645 910 1670 cum
926 1633 1098 1670 barbaris
1118 1633 1256 1671 stabat.
1313 1633 1362 1670 In
1383 1632 1502 1670 altera

385 1698 467 1736 acie
499 1697 597 1734 nihil
628 1698 751 1735 simile
781 1697 983 1741 Romanis,
1017 1710 1096 1734 non
1129 1697 1231 1747 apud
1261 1697 1389 1740 duces,
1423 1708 1502 1733 non

385 1762 487 1814 apud
505 1761 659 1806 milites,
679 1768 761 1799 erat
779 1777 785 1799 ε
818 1775 938 1813 pavor
958 1761 1125 1812 fugaque
1144 1767 1396 1812 occupaverat
1420 1762 1503 1798 ani-

382 1829 485 1869 mOS,
515 1832 554 1862 et
585 1832 696 1863 tanta
730 1826 931 1862 hominum
959 1825 1117 1869 oblivio,
1147 1832 1190 1861 ut
1226 1825 1348 1862 multo
1379 1823 1505 1875 major

386 1901 474 1940 pars
496 1889 627 1933 Veios,
651 1890 690 1925 in
719 1889 886 1925 hostium
913 1888 1059 1932 urbem,
1084 1902 1199 1938 quum
1223 1889 1373 1925 Tiberis
1399 1900 1502 1925 arce-

386 1957 461 1995 ret,
481 1965 594 2002 quam
613 1958 718 1989 recto
738 1951 874 1989 itinere
892 1951 1059 1988 Romam
1077 1953 1125 1988 ad
1144 1951 1326 2002 conjuges
1346 1965 1390 1989 ac
1410 1950 1504 1989 libe·
1553 1985 1555 1991 .

172 2023 290 2064 Turpis
387 2026 451 2052 ros
471 2016 659 2065 fugerent.
715 2017 923 2067 Parumper
940 2017 1184 2053 subsidiarios
1205 2023 1350 2054 tutatus
1369 2021 1425 2051 est
1445 2015 1502 2052 lo·

174 2067 353 2152 ἓᾝᾞὲἔὲ.
391 2092 480 2117 cus:
511 2081 551 2117 in
577 2081 723 2130 reliqua
746 2082 826 2118 acie
852 2081 963 2117 simul
984 2087 1042 2117 est
1064 2081 1220 2125 clamor,
1244 2080 1425 2131 proximis
1455 2079 1503 2116 ab
1550 2075 1555 2087 ¹

391 2144 524 2190 latere,
549 2145 691 2182 ultimis
722 2145 768 2182 ab
797 2152 921 2195 tergo,
953 2146 1117 2189 auditus,
1151 2147 1326 2195 ignotum
1354 2145 1503 2181 hostem

391 2209 495 2261 prius
523 2222 621 2261 pene
648 2222 762 2260 quam
788 2211 968 2254 viderent,
997 2223 1076 2247 non
1106 2211 1220 2247 modo
1248 2223 1326 2247 non
1355 2214 1503 2245 tentato

392 2276 614 2318 certamine,
641 2275 707 2312 sed
733 2288 782 2312 ne
809 2274 973 2312 clamore
996 2276 1146 2325 quidem
1174 2275 1335 2317 reddito,
1365 2272 1504 2324 integri

394 2338 602 2390 intactique
636 2339 829 2390 fugerunt.
883 2340 968 2378 Nec
998 2340 1075 2378 ulla
1105 2339 1222 2378 caedes
1252 2337 1504 2391 pugnantium
