1573 2598
422 235 575 264 numu
600 235 695 264 vu.
729 234 834 264 ων.
858 235 906 264 x.
1131 212 1214 277 48¹3

99 322 244 369 laetum,
264 332 302 362 et
323 325 522 376 (qnoniam
540 325 579 362 id
597 337 747 375 qnoque
765 323 949 361 memoria
968 321 1124 373 dignum
1146 336 1213 360 an-
1228 323 1270 354 U.
1281 323 1317 354 C.
1335 330 1409 358 894.

100 388 216 438 tiquis
242 389 363 426 visum
383 390 456 437 est)
480 388 649 439 linguam
676 388 791 425 etiam
817 387 864 424 ab
892 387 1012 424 inrisu
1037 399 1214 424 exseren-
1227 367 1263 398 A'
1278 367 1314 398 C'
1333 374 1412 402 ὕπ’

97 458 190 497 tem,
209 448 439 505 producunt.
494 453 704 505 Recipiunt
728 453 816 490 inde
842 465 882 489 se
908 452 956 489 ad
981 452 1211 489 stationem:

98 523 139 553 et
170 517 245 555 duo
275 519 316 556 in
352 519 477 556 medio
514 518 664 562 armati,
703 516 910 569 spectaculi
941 517 1062 566 magis
1092 529 1212 560 more,

96 593 211 631 qnam
238 582 322 633 lege
349 583 455 627 belli,
486 582 757 626 destituuntur,
788 592 1028 632 nequaquam
1056 581 1140 617 visu
1170 593 1214 617 ac

96 646 222 695 specie
251 646 527 684 aestimantibus
564 659 686 697 pares.
743 647 891 697 Corpus
922 644 1032 682 alteri
1063 645 1212 694 magni-

96 709 228 746 tudine
254 711 449 755 eximium,
469 710 690 747 versicolori
715 716 820 746 veste
845 709 1032 760 pictisque
1054 714 1093 745 et
1118 721 1212 746 auro

96 770 238 809 caelatis
267 773 459 824 refulgens
489 775 627 810 armis:
663 773 788 810 media
817 773 856 808 in
887 771 1007 808 altero
1037 771 1212 808 militaris

94 842 254 882 statura,
280 839 507 888 modicaque
533 839 572 875 in
599 837 712 875 armis
738 836 930 874 habilibus
956 837 1076 885 magis
1098 849 1213 886 quam

94 899 239 938 decoris
263 903 430 953 species:
469 915 550 939 non
573 908 721 945 cantus,
746 914 826 938 non
853 899 1057 937 exsultatio
1083 913 1210 936 armo-

91 977 248 1015 rumque
264 962 428 1015 ⁴agitatio
451 979 563 1010 vana,
584 966 649 1002 sed
668 971 814 1016 pectus,
835 964 1048 1001 animorum
1069 964 1210 1014 iraeque

91 1029 219 1066 tacitae
239 1029 406 1080 plenum,
428 1042 580 1067 omnem
598 1029 780 1066 ferociam
799 1028 836 1064 in
857 1028 1058 1064 diScrimen
1083 1028 1210 1079 ipsum

93 1094 308 1131 certaminis
346 1095 555 1132 distulerat.
614 1093 692 1131 Ubi
730 1093 936 1130 constitere
979 1093 1079 1129 inter
1115 1093 1207 1129 duas

91 1158 205 1201 acies,
226 1165 285 1195 tot
306 1159 406 1196 circa
431 1158 648 1195 mortalium
669 1157 802 1194 animis
823 1169 889 1206 spe
907 1162 1086 1206 metuque
1112 1169 1206 1207 pen-

89 1220 279 1266 dentibus,
319 1222 464 1265 Gallus,
503 1221 606 1258 velut
642 1221 760 1257 moles
803 1232 964 1271 superne
1000 1220 1204 1264 inminens,

88 1285 262 1337 projecto
288 1287 382 1324 laeva
402 1294 525 1330 scuto,
547 1287 586 1322 in
613 1285 846 1322 advenientis
875 1298 978 1321 arma
997 1285 1118 1321 hostis
1139 1298 1204 1322 va-

88 1363 180 1387 num
200 1352 325 1388 caesim
345 1365 430 1388 cum
449 1351 597 1400 ingenti
620 1350 748 1387 sonitu
767 1362 895 1386 ensem
914 1348 1064 1399 dejecit.
1119 1348 1203 1386 Ro-

88 1428 237 1459 manus,
254 1429 434 1453 mucrone
450 1415 642 1459 subrecto,
656 1427 771 1464 quum
787 1421 895 1450 scuto
916 1420 1065 1450 scutum
1084 1414 1204 1452 imum

86 1480 321 1531 perculisset,
351 1488 512 1531 totoque
542 1492 701 1531 corpore
737 1479 896 1515 interior
924 1479 1092 1529 periculo
1118 1479 1201 1516 vul-

85 1546 185 1582 neris
214 1546 353 1589 factus,
384 1547 612 1583 insinuasset
640 1557 680 1581 se
708 1545 807 1580 inter
837 1557 971 1595 corpus
1006 1558 1198 1595 armaque,
1233 1551 1235 1553 ’

83 1623 161 1647 uno
185 1610 379 1660 alteroque
408 1610 567 1647 subinde
595 1611 672 1646 ictu
700 1615 870 1646 ventrem
900 1615 1013 1659 atque
1042 1611 1201 1659 inguina

83 1675 224 1719 hausit,
246 1683 283 1712 et
309 1677 348 1711 in
369 1676 532 1726 spatium
560 1676 692 1723 ingens
713 1682 885 1710 ruentem
912 1675 1082 1724 porrexit
1106 1675 1197 1711 hos·-

84 1747 184 1775 tem:
210 1739 375 1790 jacentis
403 1740 490 1776 inde
517 1752 668 1790 corpuS‚
689 1739 736 1775 ab
763 1739 867 1775 omni
894 1739 968 1776 alia
992 1740 1195 1777 vexatione

82 1804 281 1847 intactum,
315 1816 392 1840 uno
428 1811 565 1853 torque
601 1803 800 1854 spoliavit:
833 1816 945 1852 quem
981 1817 1194 1854 respersum

83 1881 216 1904 cruore
237 1866 336 1904 collo
356 1867 601 1903 circumdedit
618 1880 699 1904 suo.
755 1867 953 1903 Defixerat
971 1881 1088 1917 pavor
1108 1882 1195 1907 cum

82 1932 332 1970 admiratione
359 1931 506 1970 Gallos.
562 1931 745 1976 Romani,
776 1931 918 1968 alacres
947 1932 994 1968 ab
1026 1934 1193 1972 stadone

79 1997 230 2035 obviam
250 1997 361 2033 militi
388 2010 457 2033 suo
482 1997 686 2047 progressi,
714 1995 947 2045 gratulantes
974 1996 1192 2035 laudantes-

76 2074 148 2113 que
165 2061 210 2098 ad
227 2061 451 2098 dictatorem
464 2060 686 2110 perducunt.
729 2060 835 2096 Inter
847 2061 1056 2097 carminum
1070 2074 1193 2112 prope

76 2124 231 2162 modurn
267 2125 465 2161 incondita
499 2124 672 2174 quaedam
709 2123 924 2161 militariter
952 2124 1187 2175 joculantes,

74 2188 262 2238 Torquati
305 2200 520 2237 cognomen
557 2188 750 2234 auditum3
789 2187 1018 2224 celebratum
1056 2189 1190 2227 deinde

70 2253 236 2305 posteris
273 2253 389 2289 etiam
425 2250 653 2301 familiaeque
693 2251 834 2288 honori
869 2252 954 2289 fuit.
1009 2252 1190 2292 Dictator

76 2328 258 2354 coronam
285 2328 436 2353 auream
462 2316 606 2354 addidit
624 2316 780 2360 donum,
801 2317 980 2368 mirisque
1005 2329 1075 2369 pro
1095 2330 1189 2357 con·

77 2381 186 2420 cione
206 2393 288 2418 eam
307 2393 472 2434 pugnam
490 2380 664 2419 laudibus
683 2381 785 2419 tulit.

605 2444 644 2484 Y
662 2446 686 2483 2
