1573 2598
373 157 530 186 LIBER
553 156 586 185 1.
619 156 726 185 cAP.
747 145 869 186 'xxm
1122 155 1176 201 45

61 259 193 298 quum,
226 244 387 282 effractis
420 244 553 295 portis,
587 243 762 280 stratisve
799 244 916 280 ariete
949 245 1079 288 muris,
1114 253 1180 282 aut

64 324 149 350 arce
169 311 205 347 vi
229 316 354 360 capta,
378 308 519 345 clamor
547 307 696 344 hostilis
727 314 765 343 et
794 320 923 344 cursus
952 321 1020 359 per
1047 310 1180 346 urbem

65 384 296 415 armatorum
318 375 447 412 omnia
467 373 568 410 ferro
596 374 822 423 flammaque
846 375 1003 411 miscet:
1036 376 1101 411 sed
1130 377 1180 412 si-

66 441 225 478 lentium
256 440 364 476 triste
400 451 444 475 ac
476 437 594 474 tacita
626 438 809 474 moestitia
846 438 900 474 ita
937 439 1067 475 defixit
1100 452 1182 475 om-

65 506 172 542 nium
201 503 361 545 animos,
391 508 447 544 ut,
477 514 553 551 prae
583 508 687 537 metu
715 500 840 544 obliti,
872 503 962 550 quid
994 503 1184 552 relinque-

67 576 165 612 rent,
196 567 284 618 quid
321 578 449 602 secum
484 565 641 608 ferrent,
675 564 872 602 deficiente
911 566 1085 610 consilio,
1122 581 1184 604 ro-

69 635 308 684 gitantesque
341 629 405 667 alii
437 629 547 673 alim,
584 643 687 666 nunc
723 630 762 666 in
799 629 992 667 liminibus
1026 638 1185 677 starent,

68 708 170 735 nunc
203 695 404 733 errabundi
434 693 566 747 domos
601 707 700 738 suas,
733 694 905 731 ultimum
936 695 1027 732 illud
1056 697 1186 741 visuri,

69 766 377 813 pervagarentur.
434 759 490 796 Ut
509 771 599 795 vero
618 757 702 809 jam
725 760 893 808 equitum
919 759 1062 797 clamor
1086 762 1189 798 exire

63 826 282 878 jubentium
310 823 492 867 instabat,
516 822 600 873 jam
628 823 758 872 fragor
786 829 988 868 tectorum,
1020 839 1104 875 quae
1133 826 1189 862 di-

70 890 290 932 ruebantur,
311 888 453 925 ultimis
474 888 576 924 urbis
600 887 769 938 partibus
791 889 1027 933 audiebatur,
1048 890 1190 940 pulvis-

70 968 157 1005 que,
179 968 225 991 ex
254 952 481 990 distantibus
510 950 603 988 locis
630 958 750 995 ortus,
775 951 877 988 velut
905 953 1006 990 nube
1035 955 1191 991 inducta

71 1020 202 1057 onmia
229 1018 464 1069 inpleverat,
496 1018 648 1067 raptim,
673 1017 808 1066 quibus
838 1019 996 1068 quisque
1024 1026 1190 1070 poterat,

72 1083 195 1127 elatis,
226 1095 342 1132 quum
370 1081 487 1118 larem
516 1094 559 1117 ac
587 1087 743 1131 penates
773 1088 962 1131 tectaque,
986 1084 1025 1119 in
1056 1085 1191 1133 quibus

72 1155 184 1188 natus
213 1149 370 1198 quisque
402 1147 657 1196 educatusque
685 1153 796 1190 esset,
827 1147 1082 1198 relinquentes
1114 1151 1193 1186 exi-

70 1219 183 1251 rent:
208 1212 293 1263 jam
321 1211 520 1247 continens
544 1223 680 1259 agmen
710 1211 956 1259 migrantium
984 1213 1195 1263 inpleverat

75 1279 177 1315 vias:
210 1282 248 1314 et
267 1280 491 1325 conspectus
520 1274 682 1311 aliorum
708 1281 839 1312 mutua
864 1277 1107 1314 miseratione
1135 1279 1194 1314 in·

76 1342 253 1392 tegrabat
279 1340 476 1378 lacrimas:
508 1352 695 1389 vocesque
724 1341 838 1377 etiam
867 1342 1099 1379 miserabiles
1130 1355 1196 1379 ex-

78 1406 354 1450 audiebantur3
387 1403 586 1439 mulierum
612 1404 814 1454 praecipue,
836 1418 951 1454 quum
971 1406 1126 1443 obsessa
1148 1406 1196 1443 ab

79 1470 232 1508 armatis
253 1467 395 1519 templa
413 1473 576 1516 augusta
599 1468 848 1518 praeterirent,
871 1482 914 1506 ac
934 1469 1037 1506 velut
1065 1477 1197 1521 captos

79 1534 335 1582 relinquerent
365 1530 483 1567 Deos
538 1530 712 1580 Egressis
751 1530 882 1568 urbem
910 1533 1084 1578 Albanis,
1114 1534 1197 1570 Ro-

79 1611 213 1637 manus
242 1597 382 1648 passim
414 1595 567 1647 publica
594 1596 815 1647 privataque
843 1599 972 1635 omnia
1000 1606 1103 1636 tecta
1131 1600 1196 1636 ad-
1246 1619 1253 1623 s

83 1669 206 1713 aequat
225 1661 322 1704 solo,
342 1673 492 1709 unaque
514 1660 610 1696 hora
631 1659 995 1710 quadringentorum
1015 1676 1203 1700 annorum

83 1740 193 1778 opuS,
220 1724 354 1776 quibus
381 1724 482 1761 Alba
507 1730 677 1768 steterat,
703 1726 850 1761 excidio
877 1739 921 1762 ac
946 1728 1064 1763 ruinis
1089 1728 1204 1764 dedit.

83 1790 252 1841 Templis
282 1796 410 1825 tamen
442 1788 570 1824 Deum
603 1789 674 1836 (ita
703 1789 804 1824 enim
837 1789 1002 1826 edictum
1036 1791 1083 1827 ab
1117 1803 1206 1839 rege

27 1867 30 1870 ’
84 1854 225 1901 fuerat)
247 1858 499 1902 temperatum
519 1858 586 1888 est.

137 1917 275 1955 XXX.
304 1916 431 1952 Roma
451 1915 602 1951 interim
622 1915 755 1951 crescit
775 1915 884 1952 Albae
908 1916 1050 1954 ruinis:
1082 1917 1205 1968 dupli-
1218 1922 1340 1954 Coelius
1394 1963 1401 1969 ⁶

87 1988 193 2020 catur
213 1981 350 2018 civium
372 1991 564 2016 numerus.
622 1978 765 2015 Coelius
792 1980 943 2016 additur
962 1981 1046 2018 urbi
1069 1994 1177 2018 mons
1193 1998 1203 2027 3
1220 1963 1403 2039 ζὲῗὶζὶἒὼ

89 2053 140 2091 et,
172 2058 247 2095 quo
274 2044 508 2093 frequentius
536 2043 787 2086 habitaretur,
818 2056 902 2079 eam
925 2045 1050 2081 sedem
1073 2045 1207 2082 Tullus

89 2111 201 2160 regiae
239 2109 354 2159 capit,
388 2108 515 2157 ibique
551 2107 752 2144 habitavit.
808 2107 1003 2158 Principes
1035 2109 1209 2146 Albano-

92 2187 176 2212 rum
204 2174 244 2210 in
268 2173 415 2216 Patres,
436 2178 479 2208 ut
508 2185 552 2208 ea
577 2185 728 2222 quoque
756 2185 841 2222 pars
871 2173 1089 2223 reipublicae
1112 2186 1211 2210 cres-

94 2246 209 2282 ceret,
241 2237 336 2287 legit
352 2237 515 2281 Tullios,
547 2236 740 2281 Servilios,
763 2237 980 2281 Quinctios,
1003 2237 1212 2287 Geganios,

96 2298 302 2347 Curiatios,
324 2302 503 2356 Cloelios:
533 2301 794 2353 'templumque
821 2303 944 2340 ordini
968 2303 1014 2340 ab
1042 2315 1080 2339 se
1100 2309 1214 2339 aucto
