1573 2598
84 298 127 328 U.
145 298 180 328 C.
200 305 271 331 ¹293.

84 341 124 372 A.
142 341 179 371 C.
197 349 271 375 459.

83 688 180 718 Kaeso

85 730 270 762 Quinctius.

77 1647 113 1677 Ei
131 1648 196 1678 dies

75 1691 202 1722 dicitur.

305 198 384 250 184
767 209 813 238 τ.
836 208 971 237 mvn

300 296 525 348 inpedienda
544 294 738 344 gerebant.
793 294 953 331 Initium
971 299 1052 330 erat
1074 293 1179 337 rixae,
1199 306 1318 342 quum
1339 294 1415 332 dis-

300 363 432 398 cedere
463 360 646 410 populum
667 358 872 410 jussissent
899 359 1056 401 tribuni,
1088 358 1189 406 quod
1216 357 1347 395 Patres
1376 371 1417 395 se

300 425 514 462 submoveri
542 424 643 460 hand
671 422 870 459 sinebant:
901 435 972 459 nec
993 421 1073 459 fere
1093 417 1260 458 seniores
1279 423 1332 458 rei
1357 423 1417 459 in-

297 496 492 534 tererant3
533 488 673 537 quippe
709 500 791 536 quae
829 500 908 523 non
941 486 1101 523 consilio
1136 486 1314 536 regenda,
1352 486 1419 523 sed

298 555 481 604 permissa
509 551 715 588 temeritati
746 551 986 601 audaciaeque
1017 557 1126 587 esset.
1182 550 1351 586 Multum
1379 556 1419 586 et

300 616 473 652 consules
493 628 532 652 se
552 614 809 657 abstinebant,
829 628 877 651 ne
897 617 955 650 cui
979 616 1019 651 in
1040 614 1266 650 conluvione
1292 626 1417 650 rerum

296 679 536 729 majestatem
555 691 661 715 suam
681 679 919 715 contumeliae
940 678 1146 717 obferrent.
1198 678 1316 715 Kaeso
1336 684 1416 714 erat

297 744 516 786 Quinctius,
543 743 651 778 ferox
672 741 839 791 juvenis,
866 755 941 791 qua
961 742 1161 779 nobilitate
1184 744 1321 790 gentiS,
1343 753 1417 790 qua

299 808 467 858 corporis
505 807 767 855 magnitudine
803 813 841 843 et
876 807 1042 843 viribus:
1083 807 1128 842 ad
1165 819 1209 842 ea
1245 818 1414 847 munera,

297 872 386 908 data
418 884 441 907 a
466 871 565 913 Diis,
599 877 636 907 et
666 871 744 919 ipse
774 871 967 907 addiderat
995 870 1115 906 multa
1145 870 1233 906 belli
1264 870 1414 912 decora,

296 934 588 983 facundiamque
620 935 660 969 in
682 934 798 979 foro3
831 940 874 969 ut
901 947 1029 976 nemo,
1056 946 1134 969 non
1164 934 1306 982 lingua,
1336 945 1415 969 non

297 1011 426 1041 manu,
453 999 652 1048 promtior,
673 998 712 1033 in
736 998 889 1033 civitate
916 997 1130 1033 haberetur.
1188 996 1279 1040 Hic,
1301 1009 1416 1045 quum

297 1063 336 1097 in
362 1062 488 1098 medio
507 1062 663 1097 Patrum
687 1062 838 1110 agmine
859 1062 1107 1104 constitisset,
1128 1052 1295 1097 eminens
1317 1062 1417 1097 inter

297 1125 405 1169 alios,
436 1125 538 1161 velut
567 1137 696 1161 omnes
727 1125 930 1161 dictaturas
961 1124 1253 1173 consulatusque
1282 1137 1415 1173 gerens

296 1191 335 1225 in
355 1202 447 1226 voce
467 1203 510 1226 ac
529 1190 670 1225 viribus
694 1190 785 1233 suis,
806 1201 902 1225 unus
925 1190 1074 1238 inpetus
1096 1189 1320 1226 tribunicios
1345 1201 1414 1238 po-

296 1254 518 1304 pularesque
555 1253 738 1303 procellas
774 1254 998 1290 sustinebat.
1054 1253 1143 1290 Hoc
1176 1253 1283 1296 duce,
1316 1265 1414 1302 saepe

296 1317 394 1367 puisi
412 1318 499 1354 foro
518 1318 675 1360 tribuni,
695 1318 780 1353 fusa
799 1331 843 1354 ac
861 1318 995 1367 fugata
1017 1317 1129 1368 plebs
1143 1323 1198 1353 est
1221 1333 1236 1369 ι(
1261 1318 1324 1366 qui
1344 1317 1414 1353 ob-

294 1383 375 1417 vius
405 1383 543 1425 fuerat,
574 1381 760 1418 mulcatus
793 1383 1031 1431 nudatusque
1060 1382 1215 1418 abibat:
1248 1388 1290 1418 ut
1322 1382 1413 1418 satis

294 1449 505 1498 adpareret,
543 1449 574 1483 si
612 1448 666 1484 sic
703 1449 765 1496 agi
803 1447 946 1490 liceret,
986 1448 1123 1483 victam
1162 1446 1284 1496 legem
1320 1459 1413 1483 esse.

291 1512 406 1555 Tum,
438 1524 555 1561 prope
577 1510 660 1562 jam
689 1512 870 1562 perculsis
899 1512 983 1549 aliis
1010 1512 1186 1554 tribunis,
1217 1512 1264 1547 A.
1284 1511 1412 1559 Virgi-

291 1577 392 1617 nius,
423 1588 469 1611 ex
498 1575 662 1623 collegio
692 1588 803 1618 unus,
828 1575 987 1612 Kaesoni
1017 1575 1151 1625 capitis
1180 1574 1279 1610 diem
1307 1574 1411 1610 dicit.

293 1641 416 1675 Atrox
446 1641 640 1688 ingenium
671 1640 894 1676 accenderat
923 1653 969 1676 eo
998 1640 1101 1676 facto
1130 1639 1265 1686 magis,
1299 1650 1411 1686 quam

293 1710 577 1741 conten-uerat:
611 1716 657 1740 eo
691 1705 813 1740 acrius
847 1704 1000 1740 obstare
1033 1704 1122 1751 legi,
1154 1703 1298 1751 agitare
1330 1701 1409 1752 ple-

289 1768 392 1810 bem,
418 1768 592 1804 tribunos
612 1767 715 1803 velut
736 1767 846 1817 justo
875 1768 1047 1817 persequi
1072 1767 1185 1803 bello.
1240 1766 1409 1802 Accusa-

289 1839 351 1868 tor
379 1833 459 1881 pati
488 1845 593 1868 reum
616 1844 737 1875 ruere,
763 1832 987 1880 invidiaeque
1015 1832 1203 1868 flammam
1223 1843 1267 1866 ac
1289 1835 1408 1865 mate—

289 1896 384 1931 riam
404 1895 623 1931 criminibus
644 1897 719 1931 suis
744 1896 969 1944 subgerere:
1000 1895 1124 1943 legem
1146 1894 1310 1935 interim,
1329 1904 1409 1929 non

287 1966 367 1995 tam
386 1959 433 1995 ad
452 1973 556 2009 spem
583 1961 809 2010 perferendi,
830 1974 942 2009 quam
968 1961 1014 1996 ad
1040 1959 1295 1997 lacessendam
1314 1958 1406 1994 Kae-

287 2023 390 2059 sonis
426 2025 691 2067 temeritatem,
722 2024 832 2060 ferre.
889 2024 950 2060 lbi
979 2024 1112 2068 multa,
1143 2036 1241 2073 saepe
1270 2022 1316 2058 ab
1340 2022 1406 2072 ju-

286 2092 442 2122 ventute
471 2086 684 2122 inconsulte
714 2087 815 2123 dicta
843 2087 1032 2136 factaque,
1059 2088 1098 2123 in
1128 2087 1237 2122 unius
1267 2086 1405 2122 Kaeso-

286 2150 345 2185 nis
379 2156 594 2199 suspectum
630 2150 801 2186 incidunt
831 2151 1050 2199 ingenium:
1083 2157 1210 2187 tamen
1239 2149 1314 2199 legi
1346 2163 1406 2186 re-

287 2213 501 2249 sistebatur.
561 2214 610 2248 Et
636 2214 682 2250 A.
708 2214 901 2263 Virginius
931 2214 1147 2251 idemtidem
1176 2213 1300 2264 plebi:
1333 2214 1406 2249 Ec·-

287 2278 374 2324 quid
398 2279 536 2313 sentitis
552 2276 648 2323 jam,
674 2290 747 2321 vos,
770 2279 937 2321 Quirites,
959 2279 1143 2315 Ktesonem
1166 2279 1273 2314 simul
1297 2281 1407 2314 civem

287 2344 322 2376 et
341 2340 463 2388 legem,
485 2353 592 2389 quam
610 2343 752 2390 cupitis,
773 2342 900 2379 habere
916 2354 988 2379 non
1008 2354 1112 2392 posse
1127 2344 1149 2379 ‚9
1179 2342 1405 2390 Quamquam
