1573 2598
397 160 554 190 LIBER
577 159 661 191 111.
693 159 800 189 CAP.
826 160 1012 189 valll.
1207 160 1286 206 253

223 247 414 286 LXVIII.
440 249 650 296 Agiteclum,
670 247 731 284 ubi
749 247 807 283 hic
824 249 963 284 curiam
980 249 1285 294 circumsederitis,
1301 251 1344 283 U.
1360 251 1399 299 C?
1413 255 1493 286 809.

167 318 205 350 et
228 313 358 363 sommi
390 313 558 363 infestum
582 312 761 362 feceritis,
791 317 826 348 et
861 325 1037 349 carcerem
1072 316 1288 363 impleveritis
1299 296 1339 326 A*
1356 295 1489 358 effa*

163 379 412 428 principibus,·
448 380 572 415 iisdem
606 379 684 414 istis
705 377 890 426 ferocibus
925 380 1054 415 animis
1081 381 1290 427 egredimini

168 447 270 479 extra
292 448 438 492 portam
457 443 710 491 Esquilinam:
738 446 815 483 aut,
841 443 874 478 si
896 455 940 478 ne
965 443 1030 479 hoc
1055 445 1197 492 quidem
1223 457 1289 481 au-

170 507 272 550 detis,
293 519 336 543 ex
351 509 460 543 muris
477 508 579 543 visite
596 518 702 554 agros
724 511 857 542 vestros
870 505 977 554 ferro
1003 509 1146 556 ignique
1169 513 1290 545 vasta—

169 576 235 614 tos,
258 572 422 620 praedam
448 571 556 618 abigi,
576 569 729 620 fumare
752 571 894 606 incensa
918 572 1053 619 passim
1077 576 1181 609 tecta.
1237 574 1291 609 At

169 636 263 672 enim
285 637 477 672 communis
501 647 556 671 res
580 648 645 683 per
673 635 747 672 haec
772 636 848 671 loco
867 641 919 671 est
937 634 1081 684 pejore:
1110 649 1196 685 ager
1213 638 1290 674 uri-

171 704 242 742 ίαν,
261 699 343 735 urbs
360 699 549 742 obsidetur,
571 699 653 735 belli
674 701 796 747 gloria
817 712 922 748 penes
940 699 1053 736 hostes
1074 706 1135 737 est.
1194 702 1292 743 Quid

172 765 347 800 tandem?
370 764 524 812 privatae
546 776 602 800 res
624 768 746 800 vestrae
775 766 812 801 in
841 777 908 813 quo
936 770 1032 801 statu
1059 767 1177 801 sunt?
1202 766 1292 802 Jam

171 830 360 876 unicuique
385 839 428 864 ex
452 830 548 875 agris
571 840 638 864 sua
662 829 795 865 damna
819 829 1105 866 nunciabuntur:
1132 831 1218 878 quid
1240 835 1293 866 est

173 893 317 929 tandem
336 894 444 936 domi,
465 895 561 929 unde
576 905 620 929 ea
638 894 809 941 expleatis
822 894 844 929 ,9
876 893 1023 929 Tribuni
1043 894 1138 930 vobis
1163 896 1293 931 amissa

171 958 322 993 reddent
339 969 383 993 ac
398 958 618 994 restituent?
643 959 737 994 vocis
757 957 1009 1006 verborumque
1035 963 1206 1006 quantum
1231 970 1294 995 vo-

174 1022 266 1064 letis,
285 1023 458 1069 ingerent,
479 1026 514 1057 et
533 1023 722 1058 criminum
742 1022 778 1057 in
793 1023 986 1070 principes,
1007 1026 1043 1057 et
1062 1023 1177 1070 legum
1198 1024 1293 1059 alia-

172 1099 255 1123 rum
271 1098 376 1134 super
395 1086 500 1128 alias,
522 1091 557 1122 et
575 1087 791 1123 concionum.
832 1086 906 1122 Sed
924 1098 966 1122 esc
985 1087 1056 1123 illis
1076 1088 1295 1124 concionibus

174 1162 369 1198 numquam
387 1155 539 1186 vestrum
560 1152 745 1198 quisquam
769 1162 820 1193 re,
837 1149 1010 1204 fortuna,
1039 1152 1182 1187 domum
1207 1164 1293 1188 auc-

176 1218 247 1251 tior
264 1216 383 1251 rediit.
442 1216 573 1262 Ecquis
599 1216 723 1251 retulit
744 1216 883 1263 aliquid
901 1217 949 1252 ad
974 1214 1153 1263 conjugem
1181 1229 1223 1252 ac
1249 1218 1294 1252 li·

173 1279 269 1318 beros
289 1284 422 1328 praeter
446 1281 544 1322 odia,
565 1278 792 1328 offensiones,
812 1281 1012 1317 simultates
1034 1281 1194 1327 publicas
1214 1283 1295 1329 pri-

175 1349 345 1393 vatasque
358 1346 379 1380 .9
406 1357 427 1380 a
447 1344 568 1392 quibas
585 1356 720 1392 semper
738 1357 808 1380 non
832 1349 948 1380 vestra
972 1346 1104 1380 virtute
1130 1346 1294 1381 innocen-

178 1411 312 1458 tiaque‚
341 1410 403 1445 sed
439 1410 573 1445 auxilio
610 1410 727 1445 alieno
764 1410 835 1444 tuti
869 1410 956 1445 sitis.
1012 1410 1078 1451 At,
1107 1409 1294 1452 Hercules,

178 1487 285 1523 quum
309 1475 502 1522 stipendia,
522 1473 620 1509 nobis
642 1474 851 1516 consulibus,
868 1486 938 1509 non
965 1474 1112 1510 tribunis
1137 1475 1294 1515 ducibus,

178 1544 213 1574 et
233 1540 267 1574 in
287 1539 423 1581 castris,
443 1549 514 1573 non
532 1539 570 1573 in
584 1537 689 1585 foro,
705 1537 915 1586 faciebatis,
937 1542 971 1573 et
990 1539 1025 1573 in
1044 1539 1120 1573 acie
1144 1543 1295 1573 vestrum

180 1603 368 1638 clamorem
392 1602 517 1644 hoste-³,
538 1613 608 1637 non
634 1602 669 1637 in
695 1603 858 1637 concione
878 1602 1008 1637 Patres
1026 1601 1184 1637 Romani
1213 1601 1296 1637 hor-

178 1666 317 1708 rebant,
337 1666 459 1713 praeda
481 1670 606 1713 parta,
627 1677 714 1712 agro
733 1677 774 1700 esc
793 1664 890 1700 hoste
916 1670 1033 1713 capto,
1051 1665 1150 1712 pleni
1166 1663 1295 1713 fortu-

137 1770 140 1772 ,
179 1742 307 1766 narum
324 1730 528 1777 gloriemini,
547 1729 655 1765 simul
669 1729 833 1776 publicae,
852 1729 960 1764 simul
982 1730 1146 1776 privata’,
1169 1731 1296 1765 trium—

165 1795 330 1843 ·phantes
349 1794 492 1829 domum
511 1794 560 1828 ad
579 1793 733 1828 Penates
751 1793 931 1834 rndibatis.
989 1793 1095 1829 Nunc
1113 1798 1298 1830 oneratum

179 1860 302 1896 vestris
310 1857 474 1907 fortunis
492 1858 626 1893 hostem
644 1858 740 1893 abire
757 1859 881 1893 sinitis.
924 1857 1067 1893 Hcerete
1086 1858 1196 1907 aciffiri
1214 1870 1297 1894 con-

181 1923 347 1965 cionibus,
369 1927 402 1958 et
428 1923 464 1957 in
479 1921 571 1970 foro
596 1922 725 1957 vivite:
752 1922 910 1969 sequitur
936 1933 995 1957 vos
1020 1923 1205 1957 necessitas
1228 1923 1297 1957 mi·-

181 1988 326 2030 litandi,
353 1999 461 2035 quam
477 1986 625 2036 fugitis.
687 1986 805 2022 Grave
831 1990 910 2021 erat
931 1987 964 2021 in
985 1986 1127 2034 AEquos
1154 1990 1189 2021 et
1212 1986 1296 2022 Vol-

167 2065 255 2088 -scos
286 2052 496 2102 prqfi‘cz'sci?
523 2052 619 2087 Ante
641 2056 770 2099 portas
796 2055 846 2086 est
875 2050 1001 2086 bellum
1016 2065 1029 2086 .·
1060 2051 1090 2085 si
1117 2051 1200 2086 inde
1226 2062 1297 2086 non

180 2119 341 2164 pellitur,
353 2117 435 2165 jam
452 2119 549 2153 intra
567 2118 695 2153 moenia
720 2118 801 2160 erit,
821 2122 857 2152 et
880 2128 995 2152 arcem
1024 2120 1058 2151 et
1079 2116 1298 2164 Capitolium

182 2184 339 2224 scandet,
359 2187 395 2218 et
416 2184 452 2219 in
472 2184 592 2219 domos
616 2187 748 2219 vestras
771 2194 832 2218 vos
850 2186 1089 2230 persequetur.
1147 2181 1298 2216 Biennio

132 2254 135 2257 ’
183 2231 266 2282 ante
283 2251 424 2282 senatus
442 2248 615 2283 delectum
635 2247 769 2289 haberi,
789 2251 825 2282 et
843 2248 946 2282 educi
964 2247 1074 2280 e.z·erc1'
1080 2249 1152 2280 tum
1173 2246 1210 2280 in
1227 2245 1297 2280 Al-

179 2311 304 2358 gidum
321 2309 456 2357 jussit:
481 2302 640 2348 sedemus
657 2312 792 2349 desides
811 2311 920 2354 domi,
941 2309 1130 2346 mulierum
1147 2310 1221 2346 ritu
1239 2310 1296 2345 in-
