1573 2598
96 293 138 324 U.
154 293 191 324 C.
208 302 281 328 295.

92 337 131 366 A·
149 336 187 370 C.
202 343 275 372 457·

312 201 388 254 198
775 213 819 240 T.
847 212 980 241 L1v11

306 312 437 350 perare
454 298 597 336 vallum·
617 297 718 336 haud
738 299 849 336 facile
868 300 1003 342 fuerat,
1025 311 1140 348 quum
1169 298 1215 335 ad
1243 299 1280 335 id
1309 310 1415 350 spec-

306 369 409 399 tator
432 375 569 413 pugnae
588 361 807 406 adstitisset,
827 362 948 399 libero
969 375 1103 412 campo
1119 362 1288 412 adeptus,
1309 367 1415 412 parte

304 427 473 463 victoriae
491 426 642 469 fruitur,
658 426 809 463 territos
829 427 1019 463 caedendo.
1073 426 1220 475 Magna
1239 433 1276 462 et
1294 426 1333 461 in
1353 437 1415 461 ca-

305 491 391 526 stris
424 497 462 526 et
494 497 601 527 extra
632 491 867 527 munimenta
900 491 1017 528 caedes
1051 491 1279 540 fugientium
1314 489 1387 525 fuit
1405 503 1413 524 :

305 554 369 590 sed
398 555 524 604 praeda
551 552 698 603 major3
730 554 819 603 quia
835 555 898 590 vix
918 567 1021 591 arma
1040 567 1166 590 secum
1193 553 1322 590 efferre
1346 552 1416 587 ho-

303 617 372 653 stis
408 619 558 667 potuit:
596 617 813 667 deletusque
841 619 1026 655 exereitus
1055 618 1168 661 foret,
1199 618 1238 653 ni
1266 616 1417 665 fugien-

304 687 360 717 tes
381 680 482 717 silvae
501 682 696 719 texissent.

88 745 155 774 Arx
168 744 296 775 TUSCU—
359 745 520 782 XXIII.
548 745 653 782 Dum
682 746 728 783 ad
746 746 905 783 Antium
933 747 1014 783 haec
1043 752 1238 795 geruntur,
1266 744 1418 781 interim

87 787 160 817 lana
175 787 214 817 ab
231 788 289 818 AE-

85 831 157 867 quis
171 838 274 872 capta.

82 1827 215 1860 Auxilio

82 1872 248 1904 Romano.

82 1925 156 1946 rum
174 1924 221 1944 re-

80 1964 181 1998 cepta.

304 809 438 859 AEqui,
465 809 602 846 robore
621 807 833 859 juventutis
859 811 1066 860 praemisso,
1090 822 1213 846 arcem
1231 807 1416 845 Tuscula-

303 886 391 909 nam
410 873 604 923 inproviso
621 880 738 910 nocte
757 874 934 923 capiunt:
966 873 1111 922 reliquo
1131 873 1297 909 exercitu
1315 863 1418 908 ha'ud

302 937 434 987 procul
462 937 650 974 moenibus
670 937 827 974 Tusculi
850 938 1066 980 considunt,
1096 943 1138 972 ut
1163 936 1418 973 distenderent

300 1001 470 1037 hostium
498 1001 639 1051 copias.
695 1000 792 1037 Haec
818 1001 992 1037 celeriter
1015 1000 1195 1043 Romam,
1221 999 1269 1048 ab
1290 998 1420 1034 Roma

301 1065 341 1100 in
370 1071 494 1101 castra
520 1065 681 1101 Antium
715 1064 874 1115 perlata,
903 1070 1058 1100 movent
1085 1062 1283 1100 Romanos
1318 1061 1419 1098 haud

301 1140 423 1172 secuS,
461 1142 574 1178 quam
610 1130 640 1165 si
678 1128 912 1179 Capitolium
946 1135 1098 1178 captum
1141 1127 1414 1163 nunciaretur:

301 1191 395 1228 adeo
424 1198 462 1228 et
490 1204 619 1229 recens
649 1199 730 1229 erat
757 1191 1061 1228 Tusculanorum
1088 1191 1279 1233 meritum,
1300 1194 1338 1225 et
1366 1188 1417 1224 si-

300 1254 474 1292 militudo
503 1256 585 1306 ipsa
609 1255 766 1306 periculi
789 1268 985 1305 reposcere
1011 1255 1141 1291 datum
1161 1253 1342 1290 auxilium
1360 1252 1417 1288 vi-

300 1318 471 1355 debatur.
526 1319 681 1362 Fabius,
702 1319 850 1355 omissis
874 1317 1065 1360 omnibus,
1091 1316 1256 1366 praedam
1282 1327 1329 1351 ex
1353 1326 1418 1350 ca·

300 1385 386 1422 stris
411 1385 550 1435 raptim
568 1385 729 1420 Antium
748 1383 948 1421 convehit:
981 1382 1033 1418 ibi
1062 1381 1214 1418 modico
1241 1379 1424 1430 praesidio

298 1447 447 1491 relicto,
469 1449 626 1484 citatum
653 1459 788 1496 agmen
808 1445 1015 1482 Tusculum
1041 1444 1167 1494 rapit:
1197 1441 1293 1478 nihil
1319 1453 1418 1491 prae·

299 1517 358 1546 ter
381 1523 498 1554 arma,
519 1517 557 1546 et
585 1511 687 1560 quod
716 1510 814 1546 cocti
844 1510 890 1546 ad
918 1520 1072 1544 manum
1099 1506 1174 1543 fuit
1202 1503 1291 1546 cibi,
1317 1503 1417 1539 ferre

298 1572 411 1608 militi
446 1573 565 1609 licuit.
623 1573 888 1609 Commeatum
924 1571 971 1607 ab
1000 1570 1128 1606 Roma
1156 1565 1289 1605 consul
1318 1565 1416 1601 Cor·

297 1637 419 1674 nelius
448 1638 648 1674 subvehit:
681 1638 826 1686 aliquot
854 1648 1001 1672 menses
1019 1633 1175 1671 Tusculi
1199 1630 1383 1669 bellatum
1400 1644 1412 1666 t

298 1710 406 1753 parte
435 1704 621 1740 exercitus
650 1702 784 1739 consul
816 1709 940 1739 castra
966 1701 1183 1750 AEquorum
1215 1698 1416 1748 obpugna-

298 1765 389 1802 bat:
423 1773 569 1816 partem
594 1765 819 1802 Tusculanis
850 1765 1003 1801 dederat
1031 1764 1077 1800 ad
1105 1775 1229 1799 arcem
1258 1773 1413 1811 recupe-

298 1831 466 1868 randam.
522 1831 572 1866 Vi
590 1842 795 1879 numquam
815 1842 861 1865 eo
881 1829 997 1865 subiri
1024 1829 1150 1878 potuit
1168 1844 1175 1864 :
1206 1827 1324 1864 fames
1344 1839 1413 1877 po-

300 1902 441 1932 stremo
468 1895 556 1931 inde
581 1895 745 1931 detraxit
766 1895 927 1931 hostem.
984 1894 1073 1932 Quo
1101 1900 1301 1943 postquam
1324 1905 1414 1928 ven-

299 1965 380 1994 tum
407 1958 453 1993 ad
481 1963 690 1992 extremum
716 1963 786 2000 est,
807 1957 966 1992 inermes
993 1956 1156 2003 nudique
1185 1966 1314 1990 omnes
1344 1953 1414 1990 sub

291 2021 431 2072 jugum
460 2021 506 2057 ab
527 2019 752 2056 Tusculanis
782 2020 908 2056 missi:
941 2020 1025 2062 hos,
1051 2019 1305 2067 ignominiosa
1324 2017 1415 2066 fuga

299 2085 453 2121 domum
482 2095 521 2119 se
550 2083 787 2132 recipientes,
818 2082 1016 2117 Romanus
1046 2080 1178 2117 consul
1208 2081 1244 2115 in
1274 2079 1414 2128 Algido

298 2153 537 2189 consecutus,
558 2146 605 2183 ad
625 2158 740 2181 unum
760 2157 890 2182 omnes
912 2145 1062 2181 occidit.
1122 2143 1256 2179 Victor
1276 2142 1322 2178 ad
1337 2142 1413 2177 Co-

298 2212 423 2248 lumen
441 2211 494 2259 (id
515 2210 601 2247 loco
620 2222 759 2246 nomen
780 2211 854 2254 est)
873 2209 1040 2246 exercitu
1060 2207 1193 2244 relicto
1213 2213 1336 2243 castra
1356 2206 1413 2241 lo-

296 2284 370 2317 cat,
427 2276 479 2311 Et
501 2275 595 2312 alter
614 2270 760 2318 consul,
788 2280 989 2324 postquam
1016 2272 1204 2308 moeuibus
1226 2270 1310 2319 jam
1329 2269 1410 2304 Ro-

297 2342 432 2394 manis,
455 2341 567 2393 pulso
587 2341 711 2382 hoste,
739 2339 946 2390 periculum
964 2350 1046 2374 esse
1071 2337 1246 2378 desierat,
1267 2341 1305 2371 et
1332 2335 1411 2385 ipse
