1573 2598
122 269 164 300 U.
181 268 218 299 C.
233 275 310 303 349.

123 313 163 343 A.
179 311 214 343 C.
234 319 308 345 403.

127 1228 257 1258 Bellum

126 1280 206 1319 cum
223 1270 299 1302 Vol-

124 1322 197 1345 sels.

321 167 409 211 3322
754 169 800 198 τ.
825 169 963 198 L1v11

319 268 456 294 ornnem
486 258 673 293 Etruriam
701 258 754 293 sit.
779 259 1029 293 concitaturus.
1084 255 1182 293 Haec
1209 269 1278 293 sua
1304 263 1440 308 sponte

319 321 486 369 agitata:
524 322 677 370 insuper
712 321 856 358 tribuni
889 321 1010 371 plebis
1044 320 1280 357 accendunt:
1317 323 1440 358 Maxi-

317 397 414 421 mum
439 386 568 421 bellum
596 385 767 421 Patribus
795 397 874 421 cum
900 385 1004 432 plebe
1029 396 1100 420 esse
1128 384 1329 421 dictitant:
1362 397 1441 421 eam

317 448 362 484 de
380 449 557 484 industria
575 449 771 484 vexandam
792 448 925 483 militia
945 448 1266 494 trucidandamque
1290 446 1442 482 hostibus

317 510 421 555 objici
434 526 444 547 .·
476 522 556 546 eam
577 511 706 558 procul
732 511 816 546 urbe
834 510 953 546 haberi
971 514 1078 557 atque
1096 509 1268 556 ablegari,
1285 519 1329 544 ne
1347 508 1444 543 (lomi

314 585 382 622 per
414 575 525 610 otium
557 585 690 609 memor
726 574 898 609 libertatis
933 573 1235 619 coloniarumque,
1267 575 1330 607 aut
1362 572 1443 618 agri

318 639 464 686 publici,
502 643 568 674 aut
600 639 764 687 suffragii
801 638 907 675 libere
937 637 1088 687 serendi
1125 638 1271 674 consilia
1306 639 1445 685 agitet:

319 709 616 753 prensantesque
635 708 848 746 veteranos,
869 702 1058 752 stipendia
1086 701 1268 752 cujusque
1297 708 1335 738 et
1360 700 1443 737 vul·

320 779 411 804 nera
431 780 476 804 ac
494 768 689 804 cicatrices
708 766 961 804 numerabant
981 783 989 804 ε
1022 769 1108 816 quid
1126 766 1208 813 jam
1226 769 1357 814 integri
1375 778 1446 804 esse

318 834 358 869 in
376 846 521 882 corpore
541 834 608 870 loci
626 835 675 870 acl
692 846 783 870 nova
799 835 949 870 vulnera
965 835 1175 882 accipienda
1191 835 1212 869 ,9
1239 835 1324 882 quid
1340 845 1447 883 super

318 899 513 944 sanguinis,
544 899 623 946 qui-
633 899 714 934 dari
737 909 806 946 pro
832 899 1015 946 republica
1039 903 1158 946 posset
1172 899 1194 935 ,9
1219 899 1443 947 rogitantes.

321 961 418 998 Haec
438 974 554 1010 quum
574 961 613 997 in
632 961 871 997 sermonibus
902 961 1227 1011 concionibusque
1254 963 1444 1000 interdum

320 1025 510 1074 agitantes
541 1025 766 1060 avertissent
794 1024 944 1074 plebem
975 1024 1022 1061 ab
1056 1026 1296 1075 suscipiendo
1323 1025 1442 1070 bello,

319 1089 512 1140 profertur
530 1096 679 1140 tempus
708 1090 875 1126 ferundae
903 1089 1022 1139 legis:
1055 1103 1182 1140 quam,
1212 1092 1245 1127 si
1272 1091 1446 1142 subjecta

319 1153 472 1190 invidiae
493 1160 605 1197 esset,
625 1155 815 1203 antiquari
835 1154 1052 1204 adparebat.
1103 1172 1105 1174 ·

374 1217 485 1254 LIX.
514 1217 673 1253 Interim
691 1217 866 1254 tribunos
882 1217 1099 1254 militumin
1113 1217 1295 1254 Volscum
1309 1231 1441 1268 agrum

322 1281 458 1317 ducere
477 1282 684 1317 exercitum
703 1281 857 1330 placuit.
888 1282 958 1318 Cn.
973 1281 1172 1318 Cornelius
1193 1294 1290 1318 unus
1306 1281 1442 1318 Romae

321 1345 486 1385 relictus.
543 1346 637 1381 Tres
666 1345 824 1388 tribuni,
845 1353 1048 1395 postquam
1077 1345 1183 1382 nullo
1211 1345 1298 1382 loco
1320 1353 1444 1383 castra

316 1409 548 1446 -Volscorum
577 1423 672 1453 esse,
697 1422 766 1446 nec
795 1411 1062 1446 commissuros
1093 1422 1132 1446 se
1161 1409 1298 1460 proelio
1326 1410 1442 1460 adpa»

318 1473 409 1517 ruit,
429 1474 623 1523 tripartito
643 1474 689 1510 ad
709 1474 960 1511 devastandos
980 1474 1073 1511 fines
1093 1475 1310 1511 discessere.
1364 1475 1441 1511 Va-

318 1537 431 1574 lerius
451 1539 611 1574 Antium
630 1539 740 1588 petit,
762 1539 962 1575 Cornelius
991 1538 1173 1575 Ecetras:
1206 1551 1443 1588 quacumque

318 1602 520 1645 incessere,
540 1601 616 1638 late
643 1602 816 1652 populati
847 1609 936 1638 sunt
962 1609 1066 1639 tecta
1085 1614 1285 1651 agrosque,
1308 1609 1349 1638 ut
1368 1603 1443 1639 dis-

318 1666 486 1703 tinerent
505 1666 668 1703 Volscos
688 1682 695 1703 :
728 1667 883 1710 Fabius,
905 1668 1007 1716 quod
1034 1667 1200 1703 maxime
1228 1667 1442 1716 petebatur,

317 1731 367 1767 ad
392 1731 529 1768 Anxur
556 1731 856 1781 obpugnandum
883 1733 964 1768 sine
994 1731 1071 1767 ulla
1099 1731 1350 1782 populatione
1380 1745 1442 1768 ac-

316 1795 443 1831 cessit.
484 1795 620 1832 Anxur
637 1795 724 1838 fuit,
745 1809 827 1844 quae
847 1808 948 1831 nunc
966 1794 1183 1831 Tarracinae
1204 1802 1292 1830 sunt
1308 1811 1318 1840 3
1351 1795 1439 1831 urbs

316 1870 438 1907 prona
457 1859 496 1893 in
516 1858 693 1907 paludes:
726 1859 772 1894 ab
803 1872 847 1894 ea
875 1865 982 1908 parte
1011 1858 1152 1895 Fabius
1183 1858 1443 1907 obpugnatio-

317 1934 405 1957 nem
424 1922 602 1958 ostendit.
651 1923 936 1958 ‹Circummissae
957 1929 1120 1971 quatuor
1149 1922 1328 1957 cohortes
1357 1934 1443 1959 cum

318 1984 363 2020 C.
385 1983 543 2020 Servilio
563 1985 688 2020 Ahala
706 1998 820 2033 quum
847 1986 1095 2021 inminentem
1126 1985 1209 2020 urbi
1228 1984 1363 2021 collem
1383 1998 1444 2022 ce-

317 2048 490 2098 pissent3
523 2060 570 2084 ex
603 2048 688 2084 loco
721 2048 870 2091 altiore,
902 2061 977 2097 qua
1012 2048 1158 2084 nullum
1196 2056 1277 2085 erat
1312 2051 1443 2099 praesi-

322 2115 441 2158 dium,
464 2116 608 2164 ingenti
630 2115 794 2151 clamore
813 2128 856 2151 ac
879 2115 1045 2152 tumultu
1074 2116 1215 2151 moeuia
1243 2115 1440 2150 invasere:

319 2179 367 2215 ad
396 2191 506 2227 quem
535 2178 739 2215 tumultum
770 2178 1041 2228 obstupefacti,
1069 2179 1133 2227 qui
1163 2177 1340 2214 adversus
1369 2177 1443 2213 Fa-

318 2241 423 2277 bium
444 2243 575 2279 urbem
595 2243 761 2279 infimam
780 2242 1001 2285 tuebantur,
1020 2242 1145 2278 locum
1166 2241 1302 2278 (ledere
1320 2240 1438 2277 scalas

316 2304 555 2349 admovendi,
585 2305 772 2357 plenaque
799 2307 968 2343 hostium
997 2312 1133 2342 cuncta
1162 2311 1284 2348 erant,
1314 2310 1354 2341 et
1385 2305 1441 2340 in-
