1573 2598
476 176 631 205 mmm
656 175 714 204 11.
748 175 854 204 CAP.
877 176 921 204 1..
1179 171 1257 219 151

148 263 370 301 Veientibus
389 264 536 300 visum:
569 259 656 300 inde
677 262 877 300 consilium
903 277 950 301 ex
973 276 1013 300 re
1041 269 1172 300 natum
1202 265 1260 301 in-

147 328 250 364 sidiis
287 327 452 364 ferocem
488 328 637 363 hostem
675 327 883 376 captandi:
929 327 1093 376 gaudere
1129 329 1259 372 etiam,

146 391 268 428 multo
297 403 470 428 successu
498 389 623 427 Fabiis
658 390 854 426 audaciam
890 404 1068 428 crescere.
1125 391 1261 440 Itaque

146 462 184 491 et
219 468 358 505 pecora
384 453 638 505 praedantibus
667 453 883 502 aliquoties,
914 454 1017 491 velut
1046 467 1137 491 casu
1165 455 1260 491 inci·

147 519 302 562 dissent,
331 519 483 555 obviam
508 524 618 554 acta:
651 524 689 554 et
718 519 924 566 agrestium
953 519 1045 567 fuga
1070 519 1166 555 vasti
1199 532 1259 555 re-

143 583 222 619 licti
252 584 355 632 agri:
387 589 426 619 et
454 582 621 620 subsidia
645 588 892 626 armatorum,
913 583 960 619 ad
986 579 1164 619 arcendas
1188 597 1258 634 po-

143 646 356 696 pulationes
385 646 512 689 missa,
543 646 678 696 saepius
702 645 894 689 simulato,
925 660 1037 696 quam
1056 659 1160 690 vero,
1190 660 1258 697 pa-

142 722 232 753 ,vore
257 710 489 759 refugerunt.
545 708 706 758 Jamque
726 709 835 746 Fabii
862 710 957 746 adeo
978 716 1260 747 contemserant

142 774 305 818 hostem,
326 781 368 810 ut
390 787 458 812 sua
482 774 624 810 invicta
643 786 747 810 arma
765 786 889 824 neque
914 774 1001 811 loco
1020 788 1143 824 neque
1160 781 1258 812 tem-

141 849 233 888 pore
256 837 332 874 ullo
356 838 552 875 crederent
573 838 752 875 sustineri
776 851 913 888 posse:
945 838 1026 875 haec
1056 851 1139 890 spes
1169 852 1258 890 pro-

140 902 257 945 vexit,
288 908 330 938 ut
365 903 411 940 ad
443 910 648 954 conspecta
682 905 815 955 procul
851 918 874 942 a
903 905 1081 942 Cremera
1116 918 1258 955 magno

142 967 266 1016 campi
294 968 493 1005 intervallo
523 981 662 1019 pecora
692 970 937 1019 (quamquam
970 983 1056 1006 rara
1090 970 1259 1007 hostium

145 1031 377 1081 adparebant
406 1033 527 1079 arma)
557 1033 827 1070 decurrerent:
861 1041 898 1070 et
927 1047 1043 1083 quum
1071 1035 1260 1085 inprovidi

144 1095 262 1132 effuso
288 1109 399 1133 cursu
428 1097 582 1133 insidias
605 1098 705 1134 circa
723 1099 847 1147 ipsum
870 1099 942 1134 iter
966 1099 1108 1135 locatas
1129 1112 1259 1149 super-

143 1166 284 1203 assent,
305 1160 497 1210 palatique
524 1162 664 1211 passim
684 1174 792 1210 vaga,
815 1168 856 1198 ut
875 1162 917 1198 fit
941 1176 1081 1212 pavore
1100 1162 1257 1213 injecto,

140 1231 317 1273 raperent
338 1237 502 1273 pecora,
536 1225 663 1261 subito
692 1238 739 1261 ex
767 1227 912 1262 insidiis
939 1228 1194 1275 consurgitur,
1221 1233 1259 1263 et

141 1289 287 1326 adversi
307 1296 344 1325 et
364 1289 528 1338 undique
546 1289 676 1326 hostes
697 1297 816 1327 erant.
873 1291 1004 1327 Primo
1024 1291 1167 1328 clamor
1186 1292 1259 1327 cir-

140 1352 326 1390 cumlatus
347 1354 542 1396 exterruit,
564 1354 651 1390 dein
672 1353 749 1390 tela
767 1354 816 1391 ab
843 1355 946 1391 omni
975 1362 1082 1406 parte
1111 1356 1258 1393 accide-

140 1415 261 1453 bant:
293 1416 592 1467 coeuntibusque
621 1417 808 1462 Etruscis,
831 1417 916 1468 jam
944 1419 1157 1455 continenti
1189 1433 1256 1470 ag-

139 1481 242 1518 mine
265 1488 495 1518 armatorum
521 1482 633 1532 septi,
654 1495 730 1531 quo
759 1484 880 1532 magis
910 1496 950 1519 se
976 1483 1098 1520 hostis
1118 1484 1257 1521 infere-

138 1543 220 1588 bat,
241 1544 477 1595 cogebantur
493 1544 667 1582 breviore
692 1546 817 1596 spatio
843 1553 882 1582 et
906 1547 978 1597 ipsi
1007 1546 1139 1583 orbem
1165 1561 1258 1584 con-

136 1607 279 1658 ligere:
311 1623 395 1658 quae
423 1622 481 1646 res
511 1615 549 1646 et
576 1610 808 1660 paucitatem
831 1623 962 1647 eorum
991 1610 1192 1660 insignem,
1219 1616 1258 1649 et

137 1673 419 1710 multitudinem
437 1674 701 1717 Etruscorum,
722 1674 985 1725 multiplicatis
1011 1676 1050 1712 in
1080 1681 1164 1712 arto
1194 1689 1257 1712 or-

138 1736 303 1780 dinibus,
340 1736 517 1775 faciebat.
571 1737 687 1780 Tum,
717 1737 857 1773 omissa
893 1751 1036 1788 pugna,
1067 1752 1180 1788 quam
1216 1740 1256 1776 in

139 1813 270 1837 omnes
307 1807 432 1850 partes
461 1814 590 1851 parem
619 1802 874 1845 intenderant,
904 1803 944 1838 in
973 1815 1092 1839 unum
1127 1802 1257 1840 locum

137 1877 177 1902 se
209 1877 340 1901 omnes
370 1857 581 1911 inclinant3
614 1878 659 1902 eo
690 1866 764 1902 nisi
790 1866 1012 1916 corporibus
1050 1867 1254 1916 armisque,

136 1942 270 1979 rupere
303 1941 426 1966 cuneo
453 1931 565 1966 viam.
620 1929 745 1966 Duxit
771 1930 833 1966 via
865 1931 905 1966 in
943 1930 1083 1966 editum
1119 1930 1257 1967 leniter

137 1993 299 2030 collem:
339 1994 426 2030 inde
456 1995 578 2044 primo
607 1994 806 2030 restitere:
838 2007 942 2037 mox,
975 2000 1016 2030 ut
1045 1995 1256 2045 respirandi

138 2058 309 2108 superior
339 2057 444 2094 locus
479 2058 643 2109 spatium
672 2058 787 2100 dedit,
820 2058 1100 2108 recipiendique
1134 2071 1156 2095 a
1187 2071 1255 2108 pa·

137 2134 226 2158 vore
245 2127 354 2158 tanto
373 2123 556 2169 animum,
579 2121 757 2173 pepulere
777 2122 891 2159 etiam
910 2121 1114 2158 subeuntes
1130 2137 1138 2158 :
1171 2123 1255 2158 vin-

139 2184 323 2234 cebatque
348 2186 490 2223 auxilio
514 2187 590 2223 loci
614 2187 800 2237 paucitaS,
830 2187 870 2222 ni
889 2185 988 2237 jugo
1020 2186 1254 2222 circummis-

138 2261 201 2285 sus
221 2249 358 2295 Vei'ens
385 2251 422 2288 in
440 2252 621 2289 -verticem
645 2250 751 2288 collis
772 2251 951 2289 evasisset
970 2265 978 2287 :
1011 2251 1066 2287 ita
1083 2251 1255 2301 superior

136 2327 265 2352 rursus
292 2316 413 2353 hostis
438 2317 574 2355 factus.
629 2316 739 2353 Fabii
767 2318 854 2354 caesi
883 2317 931 2354 ad
961 2329 1076 2353 unum
1105 2328 1252 2360 omnes,

661 2380 745 2419 114

1274 265 1316 296 U.
1333 265 1369 296 C.
1387 270 1462 301 276.

1273 310 1313 341 A.
1329 309 1366 340 C.
1384 313 1458 345 47⁶·

1268 1419 1348 1452 Caesi
1363 1421 1381 1451 ὲ

1269 1463 1457 1496 Veientibus
1464 1482 1471 1494 .
