1573 2598
479 166 632 195 Lmen
657 165 690 194 1.
723 164 830 194 CAP.
856 165 932 193 Lx.
1196 154 1248 210 83

139 256 379 306 populorum,
417 255 568 305 opifices
605 266 649 290 ac
685 252 862 303 lapicidas
899 265 968 302 pro
1003 251 1250 288 bellatoribus

135 322 273 359 factos.
331 323 490 371 Indigna
513 322 590 357 Ser.
609 320 725 356 Tullii
755 320 851 368 regis
881 327 1090 356 memorata
1118 320 1251 361 caedes,

138 392 177 422 et
203 387 349 422 invecta
369 385 516 435 corpori
542 384 658 433 patris
682 382 846 418 nefando
865 381 1038 418 vehiculo
1058 381 1134 417 filia
1149 397 1159 426 3
1192 382 1250 417 in-

138 449 338 498 vocatique
364 448 503 484 ultores
531 452 729 497 parentum
748 445 827 482 Dii.
883 445 956 480 His
981 443 1251 480 atrocioribus-

139 523 225 559 que,
263 510 387 553 credo,
425 509 522 552 aliis,
560 522 641 558 quae
684 519 848 559 praesens
887 519 1011 543 rerum
1046 505 1251 554 indignitas

138 575 427 624 haudquaquam
468 574 592 610 relatu
633 573 880 624 scriptoribus
916 572 1043 609 facilia
1082 571 1251 622 subjicit,

138 641 354 677 memoratis
381 641 573 677 incensam
598 639 878 676 multitudinem
906 638 1084 689 perpulit,
1114 644 1157 674 ut
1180 638 1252 674 im-

137 707 283 757 perium
311 707 391 756 regi
423 706 639 756 abrogaret,
669 705 891 755 exsulesque
919 718 1000 742 esse
1023 705 1177 756 juberet
1203 704 1255 742 L.

138 769 388 819 Tarquinium
417 782 501 806 cum
530 768 692 820 conjuge
721 782 764 806 ac
798 768 937 806 liberis.
994 769 1094 819 Ipse,
1118 768 1252 819 junio-

139 832 255 876 ribus,
287 834 350 883 qui
379 833 479 870 ultro
512 834 668 870 nomina
696 832 850 875 dabant,
884 831 990 868 lectis
1025 833 1254 882 armatisque

138 898 185 934 ad
211 898 476 934 concitandum
499 898 586 934 inde
606 898 779 934 adversus
808 910 933 946 regem
955 899 1160 934 exercitum
1179 899 1254 934 Ar-

139 959 247 995 deam
279 960 319 996 in
351 965 473 996 castra
504 966 561 995 est
596 959 811 1010 profectus,
852 961 1050 1010 imperium
1086 962 1125 997 in
1162 961 1256 998 urbe

140 1025 335 1068 Lucretio,
369 1025 548 1076 praefecto
585 1024 686 1060 urbis
710 1023 794 1075 jam
830 1032 919 1060 ante
950 1025 997 1061 ab
1028 1038 1115 1074 rege
1144 1026 1255 1062 insti-

140 1097 241 1134 tuto,
279 1089 468 1138 relinquit.
525 1088 631 1124 Inter
667 1088 768 1124 hunc
800 1087 1004 1124 tumultum
1032 1088 1160 1125 Tullia
1188 1089 1255 1126 do-

138 1165 203 1188 mo
235 1151 418 1202 profugit,
449 1149 745 1193 exsecrantibus,
777 1163 1012 1198 quacumque
1041 1150 1256 1195 incedebat,

137 1216 478 1265 invocantibusque
513 1221 712 1266 parentum
743 1214 860 1250 furias
896 1214 982 1250 viris
1015 1214 1256 1251 mulieribus-

139 1295 223 1333 que.

191 1347 280 1385 LX.
318 1345 466 1383 Harum
502 1357 627 1381 rerum
663 1345 810 1381 nunciis
848 1346 888 1381 in
926 1352 1050 1383 castra
1086 1347 1255 1398 perlatis,

140 1425 255 1461 quum
290 1423 331 1447 re
367 1422 466 1446 nova
501 1408 668 1458 trepidus
705 1421 771 1444 rex
807 1416 980 1458 pergeret
1007 1409 1173 1448 Romam
1210 1411 1258 1448 ad

140 1476 441 1527 comprimendos
472 1480 613 1517 motus,
641 1474 747 1510 flexit
766 1474 866 1510 viam
891 1472 1046 1518 Brutus,
1072 1477 1258 1523 (senserat

139 1543 239 1578 enim
268 1540 488 1586 adventum)
520 1552 568 1575 ne
600 1538 734 1575 obvius
772 1538 901 1585 fieret3
943 1540 1150 1589 eodemque
1178 1541 1258 1577 fere

137 1613 322 1655 tempore,
353 1605 508 1641 diversis
538 1603 752 1647 itineribus,
782 1603 924 1639 Brutus
951 1605 1131 1648 Ardeam,
1161 1605 1257 1641 Tar‘-

139 1670 288 1718 quinius
311 1668 491 1711 Romam,
511 1673 706 1704 venerunt.
762 1667 973 1717 Tarquinio
1003 1668 1138 1704 clausae
1167 1681 1254 1719 por—

138 1739 202 1776 tae,
233 1733 479 1782 exsiliumque
508 1732 718 1768 indictum:
758 1731 1002 1768 liberatorem
1030 1732 1133 1768 urbis
1171 1733 1257 1769 laeta

139 1804 262 1834 castra
282 1809 459 1847 accepere
481 1811 487 1832 :
521 1797 719 1846 exactique
743 1797 832 1832 inde
859 1796 969 1833 liberi
998 1798 1109 1846 regis.
1166 1797 1257 1834 Duo

139 1867 285 1912 patrem
309 1861 427 1897 secuti
456 1866 557 1903 sunt,
591 1861 655 1909 qui
685 1860 897 1897 exsulatum
923 1862 1030 1897 Caere
1061 1863 1100 1897 in
1122 1862 1257 1899 Etrus-

140 1938 205 1963 cos
234 1926 369 1962 ierunt.
427 1926 513 1962 Sex.
533 1925 776 1974 Tarquinius,
805 1925 964 1969 Gabios,
995 1932 1188 1976 tamquam
1217 1928 1258 1964 in

141 2003 249 2026 suum
277 2003 449 2039 regnum,
478 1989 686 2040 profectuS,
717 1990 764 2026 ab
794 1990 979 2026 ultoribus
1009 1997 1177 2027 veterum
1207 1992 1256 2027 si-

141 2053 356 2097 multatum,
377 2066 468 2103 quas
496 2053 568 2089 sibi
593 2054 673 2104 ipse
694 2054 857 2090 caedibus
883 2054 1100 2104 rapinisque
1129 2055 1256 2091 conci-

141 2124 260 2161 verat,
286 2124 341 2154 est
364 2118 596 2156 interfectus.
651 2117 698 2155 L.
717 2117 946 2167 Tarquinius
977 2119 1168 2169 Superbus
1197 2132 1255 2156 re-

143 2183 274 2230 gnavit
299 2195 417 2219 annos
438 2183 603 2232 quinque
623 2188 661 2219 et
680 2182 827 2231 viginti.
883 2181 1103 2232 Regnatum
1121 2182 1257 2220 Romae

142 2245 190 2283 ab
211 2247 363 2285 condita
386 2247 478 2284 urbe
502 2247 548 2285 ad
577 2246 776 2284 liberatam
804 2259 924 2285 annos
954 2248 1136 2286 ducentos
1166 2260 1259 2298 qua-

661 2311 697 2348 E
718 2311 740 2348 6

1269 1671 1443 1713 Expellun-

1269 1726 1331 1748 tur.
