1573 2598
341 144 497 178 LIBER
518 145 641 175 vlu.
671 142 782 173 cAP.
803 139 984 172 xxxw.
1131 128 1214 185 581

106 247 192 271 -rum
210 240 308 278 esset,
327 247 371 271 ne
394 236 487 270 iram
513 234 655 282 quidem
679 242 847 279 umquam
871 230 1083 266 atrociorem
1098 229 1217 279 fuisse
1228 228 1271 259 U·
1285 226 1320 259 C·
1337 233 1411 259 4³0.

113 299 150 334 in
178 310 247 341 eos,
274 301 333 347 qui
361 299 559 334 temeritate
584 301 690 344 atque
714 296 854 330 inscitia
882 294 1052 329 exercitus
1079 296 1217 330 amisis·
1232 274 1268 302 A.
1283 271 1318 303 C*
1335 276 1410 303 322‘

112 367 202 403 sent,
224 375 328 411 quam
352 367 393 398 ut
407 363 561 410 pecunia
576 373 632 396 eos
650 360 844 395 multaret:
872 359 988 406 capite
1002 359 1220 405 anquisitum

110 425 152 461 ob
170 438 246 461 rem
261 426 350 461 hello
370 426 464 460 male
479 429 616 472 gestam
635 425 678 459 de
703 424 918 470 imperatore
943 421 1042 456 nullo
1067 422 1116 456 ad
1141 433 1221 457 earn

110 490 206 525 diem
221 502 302 525 esse.
360 490 466 524 Nunc
485 488 630 524 ducibus
646 487 772 534 populi
789 486 956 527 Romani,
976 497 1051 531 quae
1064 497 1107 521 ue
1119 487 1220 521 victis

112 554 253 600 quidem
273 552 582 600 bellofasfuerit,
602 552 719 597 virgas
746 555 781 585 et
804 561 940 585 secures
963 550 1163 592 victoribus,
1184 555 1219 586 et

103 615 316 662 justissimos
334 619 468 652 meritis
483 615 678 663 triumphos
692 615 877 650 intentari.
913 614 1007 654 Quid
1026 615 1119 649 enim
1135 619 1218 649 tan-

110 682 189 716 dem
213 692 401 728 passurum
416 679 533 728 fuisse
544 681 670 728 filium
687 692 803 721 suum,
823 680 854 714 si
872 680 1062 715 exercitum
1080 681 1219 715 amisis-

108 749 186 779 set:
212 745 243 779 si
256 743 379 791 fusus,
398 742 570 791 fugatus,
592 745 716 779 castris
741 742 1042 791 exutusfuisset?
1074 755 1141 790 quo
1161 744 1219 779 ul-

112 811 170 842 tra
194 808 286 842 iram
310 808 587 854 violentiamque
614 805 689 852 ejus
715 818 932 842 excessuram
948 806 1082 854 fuisse,
1111 819 1219 854 quam

109 874 152 906 ut
169 871 370 906 verberaret
388 875 595 918 necaretque
609 872 632 906 ?
655 871 772 910 Quam
786 872 989 906 conveniens
1006 882 1088 911 esse,
1108 882 1218 918 prop-

112 939 166 970 ter
187 935 230 975 Q.
251 935 397 970 Fabium
417 936 600 971 civitatem
626 936 664 970 in
690 936 831 977 laetitia,
851 936 1015 977 victoria,
1033 936 1220 983 supplica-

110 998 273 1041 tionibus,
303 1011 346 1034 ac
370 998 670 1045 gratulationibus
697 1010 791 1034 esse:
818 1011 911 1041 eum,
939 1003 1089 1046 propter
1116 1010 1221 1046 quem

109 1062 235 1098 Deum
256 1062 404 1098 delubra
417 1067 582 1110 pateant,
603 1075 676 1099 arce
690 1064 875 1112 sacrificiis
887 1062 1048 1111 fument,
1073 1063 1218 1104 honore,

112 1127 214 1162 donis
233 1127 469 1169 cumulentur,
490 1128 664 1162 nudatum
682 1127 792 1174 virgis
811 1128 965 1162 lacerari
984 1129 1019 1162 in
1035 1131 1220 1174 conspectu

104 1190 235 1236 populi
266 1189 448 1233 Romani;
475 1192 670 1226 intuentem
701 1189 919 1238 Capitolium
950 1195 1058 1238 atque
1085 1201 1218 1231 arcem,

110 1253 280 1300 Deosque
298 1252 342 1288 ab
359 1264 395 1288 se
413 1253 544 1288 duobus
563 1254 699 1300 praeliis
717 1253 814 1289 haud
824 1252 973 1302 frustra
997 1254 1187 1289 advocatos
1199 1254 1222 1289 P

111 1315 191 1356 Quo
206 1317 246 1351 id
263 1318 384 1352 animo
402 1318 608 1359 exercitum,
626 1318 686 1364 qui
703 1315 775 1363 ejus
788 1318 897 1353 ductu
916 1318 1150 1365 auspiciisque
1167 1319 1221 1353 vi-

109 1379 224 1420 cisset,
247 1379 405 1414 laturum
418 1380 439 1415 ‚9
457 1391 557 1427 quem
574 1380 707 1421 luctum
723 1381 760 1416 in
777 1383 900 1416 castris
910 1381 1100 1425 Romanis,
1114 1392 1222 1429 quam

113 1442 276 1478 laetitiam
293 1443 385 1478 inter
405 1442 518 1479 hostes
531 1443 653 1492 fore?
680 1443 790 1487 Haec,
810 1444 922 1480 simul
933 1443 1108 1494 jurgans,
1129 1456 1221 1493 que·
1250 1449 1256 1453 ’
1571 1472 1573 1489 1

112 1517 213 1548 rens,
233 1504 359 1541 Deum
387 1506 659 1555 hominumque
687 1506 799 1543 fidem
827 1507 1039 1552 obtestans,
1060 1513 1097 1544 et
1116 1520 1221 1544 com·
1570 1493 1573 1532 ³

110 1567 243 1620 plexus
263 1568 395 1612 filium,
415 1569 584 1619 plurimis
605 1582 690 1606 cum
709 1570 872 1607 lacrimis
893 1571 1042 1619 agebat.

166 1631 363 1668 XXXIV.
393 1632 528 1669 Stabat
547 1645 632 1669 cum
652 1645 697 1669 eo
717 1640 868 1670 senatus
897 1633 1088 1684 majestas,
1112 1633 1221 1671 favor

113 1694 260 1745 populi,
281 1693 524 1731 tribunicium
546 1694 740 1739 auxilium,
761 1697 943 1733 memoria
968 1697 1133 1733 absentis
1152 1711 1219 1734 ex—

112 1759 265 1794 ercitus.
319 1757 382 1794 Ex
405 1765 512 1808 parte
540 1759 672 1802 altera,
693 1762 882 1808 imperium
899 1762 1070 1797 invictam
1092 1762 1221 1809 populi

110 1821 282 1864 Romani,
303 1826 339 1857 et
357 1822 546 1869 disci-plina
570 1824 623 1858 rei
651 1824 833 1865 militaris,
854 1829 890 1859 et
917 1825 1104 1875 dictatoris
1124 1825 1220 1860 edic-

112 1889 189 1922 tum
213 1898 282 1933 pro
306 1887 449 1922 numine
471 1898 607 1934 semper
625 1886 859 1930 observatum,
879 1893 914 1924 et
938 1888 1131 1924 Manliana
1151 1889 1219 1924 im-

106 1950 225 1997 peria,
247 1954 282 1985 et
306 1949 509 1997 posthabita
520 1951 599 1999 filii
620 1953 753 1986 caritas
776 1951 928 1999 publicae
953 1953 1119 1995 utilitati,
1132 1951 1218 2001 jac-

113 2012 304 2049 tabantur.
346 2014 428 2050 Hoc
442 2018 550 2050 etiam
569 2014 614 2050 L.
631 2015 799 2057 Brutum,
815 2017 1031 2052 conditorem
1047 2017 1219 2053 Romanae
1230 2024 1400 2058 Dictatoris

112 2076 297 2119 libertatis,
317 2082 423 2113 antea
448 2080 485 2114 in
512 2079 645 2114 duobus
672 2079 787 2114 liberis
794 2079 927 2127 fecisse
942 2096 954 2116 .·
982 2092 1075 2116 nunc
1096 2085 1220 2128 patres
1230 2067 1339 2101 oram·

113 2150 239 2181 comes,
259 2145 294 2176 et
310 2153 406 2177 senes
418 2141 554 2190 faciles
582 2143 626 2178 de
653 2144 769 2178 alieno
797 2145 945 2191 imperio
971 2148 1103 2191 spreto,
1125 2149 1219 2180 tam-

114 2213 219 2249 quam
245 2205 297 2238 rei
320 2216 456 2251 parvae,
477 2206 674 2254 disciplinae
701 2208 869 2243 militaris
894 2219 1018 2244 eversce
1036 2207 1221 2254 juventuti

111 2267 268 2313 gratiam
289 2266 430 2315 facere.
487 2270 535 2306 Se
567 2275 684 2306 tamen
712 2276 958 2318 perstaturum
985 2273 1021 2309 iu
1052 2274 1189 2322 incepto
1205 2289 1217 2310 .·

600 2333 637 2369 ,Ο
651 2346 677 2370 ,ο
697 2335 720 2370 3
