1573 2598
395 197 556 226 L113E1z
583 196 652 224 lv.
687 195 794 224 CAP.
817 194 923 223 Lm.
1137 192 1219 236 335

97 287 263 324 militum
289 285 479 323 consulari
506 290 697 334 potestate
724 284 754 319 is
774 283 902 329 [annus
922 283 1057 319 habuit
1083 283 1127 318 C.
1144 283 1220 318 Va-
1237 290 1278 320 U.
1295 289 1331 320 C.
1349 297 1422 321 351.

95 349 234 388 lerium
253 351 428 387 Potitum
447 350 616 391 tertium,
637 347 706 384 M'.
727 348 901 396 Sergium
920 348 1156 389 Fidenatem,
1178 347 1221 384 P.
1234 334 1274 363 A·
1291 332 1327 364 C·
1345 341 1419 365 ‘¹⁰¹’

97 415 320 453 Cornelium
348 414 670 462 Maluginensem,
701 413 771 448 Cn.
793 410 1013 449 Cornelium
1045 415 1221 465 Cossum,

99 479 152 517 K.
173 479 334 516 Fabium
362 478 606 519 Ambustum,
637 476 700 525 Sp.
731 475 919 511 Nautium
947 476 1121 515 Rutilum
1152 482 1223 516 ite-

99 558 195 581 rum.
245 544 343 580 Cum
362 542 509 578 Volscis
531 542 630 576 inter
648 539 894 575 Ferentinum
914 547 1026 590 atque
1043 543 1221 581 Ecetram
1233 546 1316 597 Victi
1332 546 1409 579 νοις

100 609 219 657 signis
250 606 411 643 conlatis
445 605 676 640 dimicatum.
731 602 918 640 Romanis
948 607 1112 643 secunda
1140 599 1290 645 for-⁵⁰¹·

99 681 194 709 tuna
213 683 350 722 pugnae
363 669 454 707 suit.
494 670 641 705 Artena
659 667 760 711 inde,
778 669 1004 707 Volscorum
1024 674 1221 723 oppidum,

101 738 148 774 ab
169 736 330 773 tribunis
361 734 525 771 obsideri
554 740 707 783 coepta:
740 733 828 768 inde
857 734 956 770 inter
986 739 1225 787 eruptionem

101 807 303 842 tentatam,
320 797 519 848 compulso
536 798 575 833 in
595 796 728 833 urbem
747 797 872 839 hoste,
889 800 1041 835 occasio
1061 801 1150 837 data
1169 809 1228 839 est

102 865 289 902 Romanis
319 862 583 912 inrumpendi:
616 867 827 911 praeterque
847 875 971 899 arcem
991 870 1115 902 cetera
1138 880 1227 918 cap-

102 936 165 966 ta:
198 930 236 964 in
273 940 397 964 arcem
434 928 620 963 munitam
656 932 793 961 natura
823 926 957 974 globus
994 936 1226 969 armatorum

103 993 305 1031 concessit.
362 991 469 1027 Infra
500 1002 624 1026 arcem
659 990 746 1025 caesi
780 991 955 1040 capt—ique
985 993 1095 1029 multi
1124 1008 1227 1033 mor-
1283 1030 1288 1034 ,

104 1060 222 1097 talesz
255 1073 320 1096 arx
342 1059 476 1095 deinde
497 1057 762 1094 obsidebatur:
795 1070 864 1094 nec
885 1066 949 1095 aut
969 1061 1004 1096 vi
1031 1063 1113 1112 capi
1134 1071 1228 1114 pot·

106 1132 200 1168 erat,
221 1125 310 1173 quia
328 1136 397 1173 pro
417 1124 541 1173 spatio
561 1122 635 1158 loci
655 1123 744 1158 satis
765 1124 927 1172 praesidii
946 1125 1136 1173 habebat;
1154 1135 1228 1165 *aut

105 1201 212 1240 spem
231 1188 346 1224 dabat
368 1188 585 1229 deditionis,
607 1187 711 1222 omni
740 1187 894 1236 publico
922 1189 1129 1235 frumento,
1150 1193 1227 1242 pri-

107 1252 373 1307 usquam'urbs
398 1258 608 1301 caperetur,
624 1252 667 1287 in
698 1263 822 1288 arcem
851 1260 1061 1290 convecto:
1091 1257 1227 1293 taedio-

108 1330 180 1367 que
198 1328 385 1353 recessum
413 1315 500 1351 inde
528 1313 643 1357 foret,
663 1315 703 1350 ni
732 1328 858 1352 servus
888 1330 1012 1354 arcem
1041 1318 1227 1356 Romanis

108 1381 358 1432 prodidisset:
382 1379 438 1415 *ab
473 1392 517 1415 eo
552 1379 689 1415 milites
723 1392 790 1429 per
819 1380 944 1416 locum
975 1383 1132 1419 arduum
1166 1396 1228 1420 ac-

110 1445 210 1495 cepti
230 1456 384 1494 cepere:
411 1455 433 1479 a
451 1442 585 1492 quibus
606 1455 721 1492 quum
741 1445 915 1480 custodes
935 1447 1228 1491 trucidarentur,

111 1515 236 1545 cetera
264 1507 482 1550 multitude,
503 1507 703 1556 repentino
731 1521 870 1557 pavore
890 1509 1084 1559 obpressa,
1106 1512 1144 1548 in
1165 1513 1230 1548 de-

112 1572 295 1609 ditionem
314 1572 429 1607 venit.
485 1570 626 1606 Diruta
654 1577 692 1606 et
721 1583 806 1607 arce
822 1579 861 1607 et
881 1573 973 1608 urbe
992 1575 1152 1619 Artena,
1165 1589 1232 1613 *re-
1250 1564 1252 1566 V

113 1636 234 1672 ductoe
267 1635 436 1683 legiones
469 1647 516 1671 ex
548 1634 697 1670 Volscis
724 1637 930 1685 >omnisque
959 1638 1017 1673 vis
1055 1638 1234 1677 Romana

113 1700 229 1735 Veios
261 1711 441 1734 conversa
475 1704 544 1735 est.
600 1698 808 1742 ProditorL
839 1707 974 1749 praeter
1003 1701 1233 1748 libertatem,

115 1764 273 1800 duarum
291 1763 519 1799 familiarum
537 1763 640 1799 bona
658 1764 698 1798 in
716 1765 912 1812 praemium
932 1765 1031 1802 data.
1083 1767 1232 1805 Servius

114 1826 312 1863 Romanus
352 1827 552 1863 vocitatus.
614 1827 729 1869 Sunt,
768 1828 832 1875 qui
874 1828 1058 1865 Art-enam
1095 1830 1235 1868 Veien-

114 1893 225 1934 tium,
252 1903 330 1926 non
360 1891 600 1933 Volscorum,
629 1891 745 1927 fuisse
774 1892 940 1929 credant.
996 1893 1147 1931 Praebet
1177 1908 1235 1932 er-

8 1942 17 2021 ἰ
117 1969 254 1998 rorem,
276 1955 377 2004 quod
396 1955 564 2005 ejusdem
582 1956 747 1991 nominis
769 1956 856 1992 urbs
878 1957 977 1993 inter
993 1958 1103 1994 ‹Caere
1123 1966 1236 2008 atque

117 2019 233 2056 Veios
252 2019 347 2056 fuit:
380 2020 444 2055 sed
464 2032 545 2055 eam
575 2032 681 2068 reges
711 2019 877 2056 Romani
907 2020 1089 2065 delevere,
1110 2023 1236 2060 Caere·

9 2058 13 2151 ἱ
119 2091 288 2133 tumque,
321 2097 399 2120 non
432 2084 662 2128 Veientium,
692 2084 828 2121 fuerat.
884 2085 1016 2121 Altera
1051 2086 1133 2123 haec
1164 2099 1236 2123 no-

10 2156 16 2288 ἰ
120 2149 222 2184 mine
241 2149 371 2185 eodem
389 2150 429 2185 in
449 2148 590 2185 Volsco
611 2162 703 2198 agro
728 2148 815 2193 fuit,
836 2149 944 2200 cujus
973 2150 1160 2187 excidium
1181 2157 1237 2187 est

118 2212 276 2248 dictum.
