1573 2598
83 400 126 431 U.
143 400 180 430 C.
199 405 270 429 100.

80 445 122 474 A.
140 444 177 474 C.
193 448 266 473 652-

83 536 212 567 Bellum

82 589 161 628 cum
178 579 266 610 Sabi-

81 631 142 654 ms.

291 121 348 174 46
496 116 500 122 ”
749 134 795 163 Τ.
818 133 951 173 mm

294 223 438 259 curiam
456 222 561 265 fecit,
581 234 664 271 quae
683 221 854 260 Hostilia
871 236 990 272 usque
1013 222 1060 260 ad
1085 229 1236 274 patrum
1262 232 1413 267 nostro·

296 299 379 323 rum
409 292 559 322 aetatem
587 284 776 336 adpellata
798 293 877 322 est:
910 292 961 329 et,
982 292 1024 322 ut
1047 287 1218 325 omnium
1239 289 1415 332 ordinum

297 349 438 387 viribus
459 349 600 399 aliquid
627 362 674 386 ex
699 361 801 386 novo
823 349 966 401 populo
987 349 1226 400 adjiceretur,
1248 352 1416 402 equiturn

297 415 427 451 decem
449 420 590 450 turmas
616 426 664 451 ex
688 413 847 450 Albanis
873 413 979 463 legit.
1034 414 1227 464 Legiones
1254 422 1293 452 et
1313 422 1416 458 vete-

297 491 355 514 res
386 477 518 514 eodem
547 476 812 527 supplemento
841 476 1020 528 explevit,
1040 485 1078 514 et
1106 492 1224 515 novas
1255 480 1418 530 scripsit.

297 541 384 578 Hac
414 542 551 579 fiducia
580 542 718 577 virium
746 540 881 577 Tullus
912 541 1062 578 Sabinis
1092 541 1236 587 bellurn
1268 543 1418 586 indicit,

299 606 404 656 genti
430 619 473 642 ea
498 610 726 655 tempestate
745 603 953 641 secundum
970 604 1154 643 Etruscos
1175 606 1418 657 opulentissi-

297 683 368 707 mae
387 670 475 705 viris
496 668 695 717 armisque.
753 667 956 718 Utrimque
978 667 1125 720 injuriae
1145 669 1270 714 factae,
1291 683 1335 707 ac
1361 683 1419 707 res

297 733 553 782 nequidquam
572 738 680 768 erant
705 732 887 783 repetitae.
943 731 1076 770 Tullus
1103 733 1151 769 ad
1170 732 1342 777 Feroniae
1361 734 1418 778 fa-

297 810 388 834 num
411 803 581 833 mercatu
599 796 786 845 frequenti
816 797 1077 846 negotiatores
1102 795 1300 833 Romanos
1328 810 1421 833 con-

298 862 505 912 prehensos
533 860 771 910 querebatur.
829 861 959 897 Sabini
987 874 1074 898 suos
1101 862 1203 912 prius
1227 862 1266 898 in
1294 861 1421 905 lucum

300 925 518 975 confugisse
538 938 581 962 ac
599 925 737 962 Romae
763 931 945 961 retentos
1002 925 1076 961 Hae
1097 938 1238 962 caussae
1256 924 1346 961 belli
1365 925 1422 962 fe-

299 989 493 1026 rebantur.
552 989 697 1033 Sabini,
717 989 819 1025 haud
838 1002 971 1039 parum
991 1002 1191 1033 memores,
1213 996 1251 1029 et
1270 1002 1422 1027 suatum

300 1054 439 1090 virium
461 1061 611 1104 partem
638 1054 775 1090 Romae
799 1053 845 1090 ab
871 1053 987 1090 Tatio
1018 1053 1196 1097 locatam,
1218 1060 1256 1090 et
1276 1053 1423 1091 Roma-

300 1132 389 1155 nam
416 1131 496 1154 rem
515 1131 636 1169 nuper
656 1119 770 1154 etiam
791 1116 1005 1168 adjectione
1024 1118 1155 1169 populi
1174 1117 1315 1155 Albani
1335 1131 1423 1154 auc-

301 1188 394 1226 tam,
416 1182 704 1232 circumspicere
730 1187 768 1218 et
793 1182 866 1232 ipsi
885 1188 1042 1218 externa
1061 1182 1213 1219 auxilia.
1268 1181 1425 1219 Etruria

302 1252 384 1282 erat
412 1245 551 1288 vicina,
589 1245 753 1295 proximi
786 1245 1037 1282 Etruscorum
1066 1245 1258 1282 Veientes.
1313 1244 1424 1290 Inde,

301 1309 351 1346 ob
374 1309 540 1345 residuas
563 1308 750 1345 bellorum
776 1309 849 1344 iras
876 1310 1040 1345 maxime
1060 1308 1272 1345 sollicitatis
1293 1309 1340 1345 ad
1359 1309 1425 1346 de·

300 1372 509 1409 fectionem
536 1372 687 1415 animis,
708 1372 944 1408 voluntarios
970 1379 1147 1410 traxere:
1179 1380 1216 1410 et
1242 1373 1343 1425 apud
1360 1386 1427 1411 va-

302 1449 371 1486 gos
401 1436 585 1486 quosdam
614 1448 661 1472 ex
698 1436 803 1488 inopi
839 1435 949 1487 plebe
978 1437 1094 1474 etiam
1122 1449 1264 1473 merces
1293 1436 1425 1475 valuit.

302 1502 464 1539 Publico
494 1502 636 1539 auxilio
665 1502 770 1539 nullo
800 1501 920 1553 adjuti
950 1510 1064 1540 sunt:
1104 1503 1296 1555 valuitque
1325 1503 1426 1555 apud

301 1567 482 1604 Veientes
515 1569 620 1615 (nam
655 1567 701 1603 de
726 1568 858 1604 ceteris
891 1568 1014 1605 minus
1041 1569 1179 1608 mirum
1209 1569 1282 1615 est)
1313 1575 1427 1618 pacta

302 1645 390 1668 cum
417 1631 588 1668 Romulo
627 1631 865 1668 induciarum
894 1631 997 1669 fides.
1053 1632 1183 1672 Quum
1211 1631 1353 1668 bellum
1382 1645 1425 1668 u-

302 1695 466 1745 trimque
503 1708 651 1731 summa
683 1708 755 1745 ope
785 1702 976 1746 pararent,
1011 1697 1181 1746 vertique
1214 1696 1254 1732 in
1289 1708 1336 1731 eo
1366 1707 1426 1732 res

302 1759 506 1803 videretur,
536 1759 613 1795 utri
642 1758 744 1809 prius
775 1772 880 1796 arma
911 1759 1109 1804 inferrent,
1141 1766 1304 1810 occupat
1331 1758 1426 1796 Tul-

302 1823 359 1859 lus
388 1824 429 1860 in
462 1835 594 1872 agrum
628 1822 812 1860 Sabinum
845 1825 1018 1862 transire.
1074 1823 1211 1874 Pugna
1239 1830 1349 1860 atrox
1378 1823 1426 1861 ad

302 1886 434 1923 silvam
453 1887 691 1924 Malitiosam
715 1888 810 1925 fuit:
843 1888 908 1926 ubi
934 1896 973 1925 et
995 1889 1164 1940 peditum
1186 1888 1336 1937 quidem
1362 1901 1425 1925 ro-

302 1949 409 1994 bore,
431 1957 598 1987 ceterum
625 1952 798 2001 equitatu
821 1959 934 1988 aucto
962 1965 1097 2003 nuper,
1120 1951 1323 2002 plurimum
1341 1950 1426 1989 Ro-

302 2027 415 2051 mana
434 2015 532 2052 acies
546 2014 677 2052 vahrit.
706 2015 767 2052 Ab
788 2015 977 2065 equitibus
994 2023 1149 2067 repente
1169 2017 1326 2052 invectis
1345 2023 1426 2053 tur—

302 2079 383 2116 bati
401 2080 551 2116 ordines
573 2087 662 2117 sunt
682 2080 934 2118 Sabinorum:
965 2094 1037 2118 nec
1055 2094 1184 2132 pugna
1200 2081 1334 2118 deinde
1353 2081 1426 2123 illis

303 2149 492 2188 constare,
506 2157 577 2180 nec
596 2144 688 2194 fuga
708 2145 886 2196 explicari
908 2147 990 2182 sine
1008 2158 1148 2195 magna
1168 2147 1269 2184 caede
1288 2147 1427 2197 potuit.

357 2207 516 2246 XXXI.
545 2208 717 2247 Devictis
748 2210 914 2254 Sabinis,
935 2224 1052 2260 quum
1077 2212 1117 2248 in
1142 2222 1282 2260 magna
1303 2210 1427 2260 gloria

303 2274 526 2324 magnisque
545 2274 682 2326 opibus
702 2287 861 2324 regnum
879 2275 983 2313 Tulli
1003 2289 1046 2313 ac
1067 2282 1152 2313 tota
1171 2288 1227 2313 res
1248 2275 1427 2317 Romana
