<?xml version="1.0" encoding="UTF-8"?>
<!DOCTYPE html PUBLIC "-//W3C//DTD XHTML 1.0 Transitional//EN"
    "http://www.w3.org/TR/xhtml1/DTD/xhtml1-transitional.dtd">
<html xmlns="http://www.w3.org/1999/xhtml" xml:lang="en" lang="en">
 <head>
  <title>
</title>
<meta http-equiv="Content-Type" content="text/html;charset=utf-8" />
  <meta name='ocr-system' content='tesseract 3.04.00' />
  <meta name='ocr-capabilities' content='ocr_page ocr_carea ocr_par ocr_line ocrx_word'/>
</head>
<body>
  <div class='ocr_page' id='page_1' title='image "./historiarumquaes01livyuoft/historiarumquaes01livyuoft_0201.png"; bbox 0 0 1573 2598; ppageno 0'>
   <div class='ocr_carea' id='block_1_1' title="bbox 373 192 1197 247">
    <p class='ocr_par' dir='ltr' id='par_1_1' title="bbox 373 192 1197 247">
     <span class='ocr_line' id='line_1_1' title="bbox 373 192 1197 247; baseline 0.001 -15"><span class='ocrx_word' id='word_1_1' title='bbox 373 204 528 232; x_wconf 55' lang='lat' dir='ltr'>111ssssss</span> <span class='ocrx_word' id='word_1_2' title='bbox 553 203 633 232; x_wconf 92' lang='lat'>111.</span> <span class='ocrx_word' id='word_1_3' title='bbox 667 202 773 231; x_wconf 75' lang='lat' dir='ltr'><strong>cAP.</strong></span> <span class='ocrx_word' id='word_1_4' title='bbox 794 203 900 232; x_wconf 76' lang='lat' dir='ltr'><strong>xvr.</strong></span> <span class='ocrx_word' id='word_1_5' title='bbox 1119 192 1197 247; x_wconf 91' lang='lat'><strong>189</strong></span> 
     </span>
    </p>
   </div>
   <div class='ocr_carea' id='block_1_2' title="bbox 76 289 1400 2328">
    <p class='ocr_par' dir='ltr' id='par_1_2' title="bbox 76 289 1400 972">
     <span class='ocr_line' id='line_1_2' title="bbox 77 289 1400 344; baseline -0.004 -15"><span class='ocrx_word' id='word_1_6' title='bbox 77 291 295 344; x_wconf 66' lang='lat' dir='ltr'><strong>praesidium</strong></span> <span class='ocrx_word' id='word_1_7' title='bbox 309 291 400 328; x_wconf 76' lang='lat' dir='ltr'><strong>satis</strong></span> <span class='ocrx_word' id='word_1_8' title='bbox 420 291 536 327; x_wconf 90' lang='lat' dir='ltr'><strong>fidum</strong></span> <span class='ocrx_word' id='word_1_9' title='bbox 552 290 599 326; x_wconf 85' lang='lat' dir='ltr'><strong>ad</strong></span> <span class='ocrx_word' id='word_1_10' title='bbox 615 290 744 326; x_wconf 86' lang='lat' dir='ltr'><strong>omnia</strong></span> <span class='ocrx_word' id='word_1_11' title='bbox 760 296 870 326; x_wconf 88' lang='lat' dir='ltr'><strong>esset.</strong></span> <span class='ocrx_word' id='word_1_12' title='bbox 928 289 1090 327; x_wconf 81' lang='lat' dir='ltr'><strong>Solliciti</strong></span> <span class='ocrx_word' id='word_1_13' title='bbox 1110 291 1197 328; x_wconf 86' lang='lat' dir='ltr'><strong>reli·</strong></span> <span class='ocrx_word' id='word_1_14' title='bbox 1211 295 1253 325; x_wconf 91' lang='lat' dir='ltr'><strong>U.</strong></span> <span class='ocrx_word' id='word_1_15' title='bbox 1271 294 1307 324; x_wconf 93' lang='lat' dir='ltr'><strong>C.</strong></span> <span class='ocrx_word' id='word_1_16' title='bbox 1324 300 1400 327; x_wconf 69' lang='lat'><strong>294.</strong></span> 
     </span>
     <span class='ocr_line' id='line_1_3' title="bbox 79 336 1395 407; baseline -0.001 -14"><span class='ocrx_word' id='word_1_17' title='bbox 79 353 195 407; x_wconf 87' lang='lat' dir='ltr'><strong>quum</strong></span> <span class='ocrx_word' id='word_1_18' title='bbox 221 356 358 400; x_wconf 87' lang='lat' dir='ltr'><strong>noctis,</strong></span> <span class='ocrx_word' id='word_1_19' title='bbox 386 356 608 403; x_wconf 83' lang='lat' dir='ltr'><strong>incertique,</strong></span> <span class='ocrx_word' id='word_1_20' title='bbox 633 354 696 403; x_wconf 91' lang='lat' dir='ltr'><strong>qui</strong></span> <span class='ocrx_word' id='word_1_21' title='bbox 726 347 914 398; x_wconf 82' lang='lat' dir='ltr'><strong>homines,</strong></span> <span class='ocrx_word' id='word_1_22' title='bbox 939 361 1101 403; x_wconf 81' lang='lat' dir='ltr'><strong>quantus</strong></span> <span class='ocrx_word' id='word_1_23' title='bbox 1127 369 1198 392; x_wconf 91' lang='lat' dir='ltr'><strong>nu-</strong></span> <span class='ocrx_word' id='word_1_24' title='bbox 1211 339 1250 368; x_wconf 71' lang='grc' dir='ltr'><strong>Α·</strong></span> <span class='ocrx_word' id='word_1_25' title='bbox 1266 336 1304 368; x_wconf 72' lang='lat' dir='ltr'><strong>C·</strong></span> <span class='ocrx_word' id='word_1_26' title='bbox 1321 344 1395 368; x_wconf 62' lang='lat'><strong>⁴⁵⁸⁴</strong></span> 
     </span>
     <span class='ocr_line' id='line_1_4' title="bbox 78 419 1200 469; baseline -0.002 -10"><span class='ocrx_word' id='word_1_27' title='bbox 78 434 202 458; x_wconf 89' lang='lat' dir='ltr'><strong>merus</strong></span> <span class='ocrx_word' id='word_1_28' title='bbox 228 421 396 458; x_wconf 86' lang='lat' dir='ltr'><strong>hostium</strong></span> <span class='ocrx_word' id='word_1_29' title='bbox 420 426 530 461; x_wconf 84' lang='lat' dir='ltr'><strong>esset,</strong></span> <span class='ocrx_word' id='word_1_30' title='bbox 557 420 595 455; x_wconf 89' lang='lat' dir='ltr'><strong>in</strong></span> <span class='ocrx_word' id='word_1_31' title='bbox 623 419 851 455; x_wconf 78' lang='lat' dir='ltr'><strong>stationibus</strong></span> <span class='ocrx_word' id='word_1_32' title='bbox 879 420 1122 469; x_wconf 77' lang='lat' dir='ltr'><strong>disponendis</strong></span> <span class='ocrx_word' id='word_1_33' title='bbox 1152 420 1200 457; x_wconf 84' lang='lat' dir='ltr'><strong>ad</strong></span> 
     </span>
     <span class='ocr_line' id='line_1_5' title="bbox 78 483 1200 537; baseline -0.002 -14"><span class='ocrx_word' id='word_1_34' title='bbox 78 493 296 537; x_wconf 80' lang='lat' dir='ltr'><strong>opportuna</strong></span> <span class='ocrx_word' id='word_1_35' title='bbox 331 485 454 521; x_wconf 89' lang='lat' dir='ltr'><strong>omnis</strong></span> <span class='ocrx_word' id='word_1_36' title='bbox 487 484 589 520; x_wconf 89' lang='lat' dir='ltr'><strong>urbis</strong></span> <span class='ocrx_word' id='word_1_37' title='bbox 627 483 726 525; x_wconf 87' lang='lat' dir='ltr'><strong>loca,</strong></span> <span class='ocrx_word' id='word_1_38' title='bbox 765 496 887 532; x_wconf 84' lang='lat' dir='ltr'><strong>egere.</strong></span> <span class='ocrx_word' id='word_1_39' title='bbox 945 484 1031 520; x_wconf 80' lang='lat' dir='ltr'><strong>Lux</strong></span> <span class='ocrx_word' id='word_1_40' title='bbox 1065 484 1200 521; x_wconf 88' lang='lat' dir='ltr'><strong>deinde</strong></span> 
     </span>
     <span class='ocr_line' id='line_1_6' title="bbox 79 546 1200 600; baseline -0.002 -14"><span class='ocrx_word' id='word_1_41' title='bbox 79 551 228 600; x_wconf 82' lang='lat' dir='ltr'><strong>aperuit</strong></span> <span class='ocrx_word' id='word_1_42' title='bbox 250 549 390 586; x_wconf 90' lang='lat' dir='ltr'><strong>bellum</strong></span> <span class='ocrx_word' id='word_1_43' title='bbox 413 549 620 596; x_wconf 88' lang='lat' dir='ltr'><strong>ducemque</strong></span> <span class='ocrx_word' id='word_1_44' title='bbox 642 546 745 583; x_wconf 86' lang='lat' dir='ltr'><strong>belli.</strong></span> <span class='ocrx_word' id='word_1_45' title='bbox 803 547 938 584; x_wconf 82' lang='lat' dir='ltr'>Servos</span> <span class='ocrx_word' id='word_1_46' title='bbox 969 548 1016 584; x_wconf 84' lang='lat' dir='ltr'><strong>ad</strong></span> <span class='ocrx_word' id='word_1_47' title='bbox 1045 547 1200 585; x_wconf 85' lang='lat' dir='ltr'><strong>liberta-</strong></span> 
     </span>
     <span class='ocr_line' id='line_1_7' title="bbox 78 610 1200 664; baseline -0.002 -14"><span class='ocrx_word' id='word_1_48' title='bbox 78 619 157 661; x_wconf 81' lang='lat' dir='ltr'><strong>tem</strong></span> <span class='ocrx_word' id='word_1_49' title='bbox 183 614 255 664; x_wconf 90' lang='lat' dir='ltr'><strong>Ap.</strong></span> <span class='ocrx_word' id='word_1_50' title='bbox 276 611 495 648; x_wconf 84' lang='lat' dir='ltr'><strong>Herdonius</strong></span> <span class='ocrx_word' id='word_1_51' title='bbox 520 624 567 647; x_wconf 87' lang='lat' dir='ltr'><strong>ex</strong></span> <span class='ocrx_word' id='word_1_52' title='bbox 592 610 786 661; x_wconf 81' lang='lat' dir='ltr'><strong>Capitolio</strong></span> <span class='ocrx_word' id='word_1_53' title='bbox 809 611 985 654; x_wconf 83' lang='lat' dir='ltr'><strong>vocabat,</strong></span> <span class='ocrx_word' id='word_1_54' title='bbox 1007 612 1056 648; x_wconf 88' lang='lat' dir='ltr'><strong>Se</strong></span> <span class='ocrx_word' id='word_1_55' title='bbox 1078 614 1200 648; x_wconf 76' lang='lat' dir='ltr'><strong>miser-</strong></span> 
     </span>
     <span class='ocr_line' id='line_1_8' title="bbox 76 676 1200 726; baseline -0.001 -12"><span class='ocrx_word' id='word_1_56' title='bbox 76 680 161 714; x_wconf 77' lang='lat' dir='ltr'><strong>rimi</strong></span> <span class='ocrx_word' id='word_1_57' title='bbox 179 676 344 726; x_wconf 80' lang='lat' dir='ltr'><strong>cujusque</strong></span> <span class='ocrx_word' id='word_1_58' title='bbox 359 678 548 724; x_wconf 67' lang='lat' dir='ltr'><strong>suscepisse</strong></span> <span class='ocrx_word' id='word_1_59' title='bbox 562 689 737 718; x_wconf 80' lang='lat' dir='ltr'><em>caussam,</em></span> <span class='ocrx_word' id='word_1_60' title='bbox 755 681 796 712; x_wconf 75' lang='lat' dir='ltr'><strong>ut</strong></span> <span class='ocrx_word' id='word_1_61' title='bbox 815 678 948 712; x_wconf 70' lang='lat' dir='ltr'><strong>exsules</strong></span> <span class='ocrx_word' id='word_1_62' title='bbox 966 676 1099 723; x_wconf 74' lang='lat' dir='ltr'><strong>injuria</strong></span> <span class='ocrx_word' id='word_1_63' title='bbox 1115 678 1200 726; x_wconf 84' lang='lat' dir='ltr'><strong>pul-</strong></span> 
     </span>
     <span class='ocr_line' id='line_1_9' title="bbox 77 740 1201 791; baseline 0 -13"><span class='ocrx_word' id='word_1_64' title='bbox 77 754 132 779; x_wconf 82' lang='lat' dir='ltr'><strong>sos</strong></span> <span class='ocrx_word' id='word_1_65' title='bbox 148 744 186 778; x_wconf 86' lang='lat' dir='ltr'><strong>in</strong></span> <span class='ocrx_word' id='word_1_66' title='bbox 211 743 374 791; x_wconf 67' lang='lat' dir='ltr'><strong>patrium</strong></span> <span class='ocrx_word' id='word_1_67' title='bbox 395 742 590 784; x_wconf 80' lang='lat' dir='ltr'><em>reduceret,</em></span> <span class='ocrx_word' id='word_1_68' title='bbox 620 746 655 777; x_wconf 78' lang='lat' dir='ltr'><strong>et</strong></span> <span class='ocrx_word' id='word_1_69' title='bbox 675 742 827 777; x_wconf 74' lang='lat' dir='ltr'><strong>servitiis</strong></span> <span class='ocrx_word' id='word_1_70' title='bbox 849 753 960 788; x_wconf 78' lang='lat' dir='ltr'><strong>grave</strong></span> <span class='ocrx_word' id='word_1_71' title='bbox 977 740 1110 789; x_wconf 67' lang='lat' dir='ltr'><strong>jugum</strong></span> <span class='ocrx_word' id='word_1_72' title='bbox 1139 743 1201 778; x_wconf 83' lang='lat' dir='ltr'><strong>de-</strong></span> 
     </span>
     <span class='ocr_line' id='line_1_10' title="bbox 78 805 1204 854; baseline -0.002 -11"><span class='ocrx_word' id='word_1_73' title='bbox 78 811 215 843; x_wconf 79' lang='lat' dir='ltr'><strong>meret:</strong></span> <span class='ocrx_word' id='word_1_74' title='bbox 243 807 283 842; x_wconf 73' lang='lat' dir='ltr'><strong>id</strong></span> <span class='ocrx_word' id='word_1_75' title='bbox 302 806 410 842; x_wconf 80' lang='lat' dir='ltr'><strong>malle</strong></span> <span class='ocrx_word' id='word_1_76' title='bbox 428 806 564 854; x_wconf 80' lang='lat' dir='ltr'><strong>populo</strong></span> <span class='ocrx_word' id='word_1_77' title='bbox 586 805 751 840; x_wconf 76' lang='lat' dir='ltr'><strong>Romano</strong></span> <span class='ocrx_word' id='word_1_78' title='bbox 772 809 917 840; x_wconf 72' lang='lat' dir='ltr'><strong>auctore</strong></span> <span class='ocrx_word' id='word_1_79' title='bbox 932 805 1030 853; x_wconf 81' lang='lat' dir='ltr'><strong>fieri.</strong></span> <span class='ocrx_word' id='word_1_80' title='bbox 1090 805 1132 840; x_wconf 74' lang='lat' dir='ltr'><strong>Si</strong></span> <span class='ocrx_word' id='word_1_81' title='bbox 1157 806 1204 841; x_wconf 78' lang='lat' dir='ltr'><strong>ibi</strong></span> 
     </span>
     <span class='ocr_line' id='line_1_11' title="bbox 78 870 1204 920; baseline -0.001 -13"><span class='ocrx_word' id='word_1_82' title='bbox 78 883 156 920; x_wconf 78' lang='lat' dir='ltr'><strong>spes</strong></span> <span class='ocrx_word' id='word_1_83' title='bbox 177 883 247 907; x_wconf 83' lang='lat' dir='ltr'><strong>non</strong></span> <span class='ocrx_word' id='word_1_84' title='bbox 270 872 330 914; x_wconf 79' lang='lat' dir='ltr'><strong>sit,</strong></span> <span class='ocrx_word' id='word_1_85' title='bbox 357 883 393 907; x_wconf 86' lang='lat' dir='ltr'><strong>se</strong></span> <span class='ocrx_word' id='word_1_86' title='bbox 417 871 569 913; x_wconf 80' lang='lat' dir='ltr'><strong>Volscos,</strong></span> <span class='ocrx_word' id='word_1_87' title='bbox 593 874 629 906; x_wconf 84' lang='lat' dir='ltr'><strong>et</strong></span> <span class='ocrx_word' id='word_1_88' title='bbox 654 870 808 917; x_wconf 73' lang='lat' dir='ltr'><strong>AEqwa,</strong></span> <span class='ocrx_word' id='word_1_89' title='bbox 836 874 871 905; x_wconf 80' lang='lat' dir='ltr'><strong>et</strong></span> <span class='ocrx_word' id='word_1_90' title='bbox 896 872 1017 906; x_wconf 76' lang='lat' dir='ltr'><strong>omnia</strong></span> <span class='ocrx_word' id='word_1_91' title='bbox 1045 875 1204 906; x_wconf 73' lang='lat' dir='ltr'><strong>extrema</strong></span> 
     </span>
     <span class='ocr_line' id='line_1_12' title="bbox 78 936 646 972; baseline -0.002 -1"><span class='ocrx_word' id='word_1_92' title='bbox 78 940 301 972; x_wconf 75' lang='lat' dir='ltr'><strong>tentaturum</strong></span> <span class='ocrx_word' id='word_1_93' title='bbox 320 940 355 972; x_wconf 75' lang='lat' dir='ltr'><strong>et</strong></span> <span class='ocrx_word' id='word_1_94' title='bbox 374 936 646 972; x_wconf 73' lang='lat' dir='ltr'><strong>concitaturum.</strong></span> 
     </span>
    </p>

    <p class='ocr_par' dir='ltr' id='par_1_3' title="bbox 78 996 1255 2328">
     <span class='ocr_line' id='line_1_13' title="bbox 134 996 1202 1046; baseline -0.001 -11"><span class='ocrx_word' id='word_1_95' title='bbox 134 999 246 1036; x_wconf 90' lang='lat' dir='ltr'><strong>XVI.</strong></span> <span class='ocrx_word' id='word_1_96' title='bbox 275 998 455 1035; x_wconf 87' lang='lat' dir='ltr'><strong>Dilucere</strong></span> <span class='ocrx_word' id='word_1_97' title='bbox 483 1011 541 1034; x_wconf 89' lang='lat' dir='ltr'><strong>res</strong></span> <span class='ocrx_word' id='word_1_98' title='bbox 572 998 692 1046; x_wconf 84' lang='lat' dir='ltr'><strong>magis</strong></span> <span class='ocrx_word' id='word_1_99' title='bbox 717 996 895 1033; x_wconf 77' lang='lat' dir='ltr'><strong>Patribus</strong></span> <span class='ocrx_word' id='word_1_100' title='bbox 923 1003 1036 1045; x_wconf 86' lang='lat' dir='ltr'><strong>atque</strong></span> <span class='ocrx_word' id='word_1_101' title='bbox 1064 1011 1202 1034; x_wconf 87' lang='lat' dir='ltr'><strong>consu-</strong></span> 
     </span>
     <span class='ocr_line' id='line_1_14' title="bbox 78 1061 1202 1113; baseline -0.001 -14"><span class='ocrx_word' id='word_1_102' title='bbox 78 1062 201 1099; x_wconf 79' lang='lat' dir='ltr'><strong>libus:</strong></span> <span class='ocrx_word' id='word_1_103' title='bbox 241 1070 378 1113; x_wconf 81' lang='lat' dir='ltr'><strong>praeter</strong></span> <span class='ocrx_word' id='word_1_104' title='bbox 410 1075 455 1099; x_wconf 85' lang='lat' dir='ltr'><strong>ea</strong></span> <span class='ocrx_word' id='word_1_105' title='bbox 485 1068 627 1105; x_wconf 84' lang='lat' dir='ltr'><strong>tamen,</strong></span> <span class='ocrx_word' id='word_1_106' title='bbox 659 1074 741 1110; x_wconf 72' lang='lat' dir='ltr'><strong>quae</strong></span> <span class='ocrx_word' id='word_1_107' title='bbox 775 1061 1115 1105; x_wconf 77' lang='lat' dir='ltr'><strong>denunciabantur,</strong></span> <span class='ocrx_word' id='word_1_108' title='bbox 1154 1074 1202 1098; x_wconf 90' lang='lat' dir='ltr'><strong>ne</strong></span> 
     </span>
     <span class='ocr_line' id='line_1_15' title="bbox 81 1124 1202 1169; baseline 0 -8"><span class='ocrx_word' id='word_1_109' title='bbox 81 1127 314 1169; x_wconf 82' lang='lat' dir='ltr'><strong>Veientium,</strong></span> <span class='ocrx_word' id='word_1_110' title='bbox 345 1139 419 1162; x_wconf 90' lang='lat' dir='ltr'><strong>neu</strong></span> <span class='ocrx_word' id='word_1_111' title='bbox 449 1125 678 1162; x_wconf 85' lang='lat' dir='ltr'><strong>Sabinorum</strong></span> <span class='ocrx_word' id='word_1_112' title='bbox 710 1125 747 1160; x_wconf 82' lang='lat' dir='ltr'><strong>id</strong></span> <span class='ocrx_word' id='word_1_113' title='bbox 780 1124 980 1160; x_wconf 84' lang='lat' dir='ltr'><strong>consilium</strong></span> <span class='ocrx_word' id='word_1_114' title='bbox 1007 1132 1119 1168; x_wconf 84' lang='lat' dir='ltr'><strong>esset,</strong></span> <span class='ocrx_word' id='word_1_115' title='bbox 1152 1127 1202 1161; x_wconf 86' lang='lat' dir='ltr'><strong>ti-</strong></span> 
     </span>
     <span class='ocr_line' id='line_1_16' title="bbox 78 1186 1204 1239; baseline 0 -13"><span class='ocrx_word' id='word_1_116' title='bbox 78 1203 183 1226; x_wconf 88' lang='lat' dir='ltr'><strong>mere</strong></span> <span class='ocrx_word' id='word_1_117' title='bbox 201 1205 209 1225; x_wconf 73' lang='grc' dir='ltr'>ε</span> <span class='ocrx_word' id='word_1_118' title='bbox 242 1186 293 1232; x_wconf 79' lang='lat' dir='ltr'><strong>et,</strong></span> <span class='ocrx_word' id='word_1_119' title='bbox 315 1203 430 1239; x_wconf 90' lang='lat' dir='ltr'><strong>quum</strong></span> <span class='ocrx_word' id='word_1_120' title='bbox 450 1196 600 1226; x_wconf 83' lang='lat' dir='ltr'><strong>tantum</strong></span> <span class='ocrx_word' id='word_1_121' title='bbox 620 1190 658 1225; x_wconf 87' lang='lat' dir='ltr'><strong>in</strong></span> <span class='ocrx_word' id='word_1_122' title='bbox 679 1189 772 1225; x_wconf 86' lang='lat' dir='ltr'><strong>urbe</strong></span> <span class='ocrx_word' id='word_1_123' title='bbox 790 1189 959 1224; x_wconf 85' lang='lat' dir='ltr'><strong>hostium</strong></span> <span class='ocrx_word' id='word_1_124' title='bbox 979 1196 1090 1231; x_wconf 82' lang='lat' dir='ltr'><strong>esset,</strong></span> <span class='ocrx_word' id='word_1_125' title='bbox 1113 1203 1204 1226; x_wconf 81' lang='lat' dir='ltr'><strong>mox</strong></span> 
     </span>
     <span class='ocr_line' id='line_1_17' title="bbox 78 1252 1202 1302; baseline -0.001 -12"><span class='ocrx_word' id='word_1_126' title='bbox 78 1253 232 1290; x_wconf 84' lang='lat' dir='ltr'><strong>Sabinae</strong></span> <span class='ocrx_word' id='word_1_127' title='bbox 268 1253 515 1302; x_wconf 83' lang='lat' dir='ltr'><strong>Etruscaeque</strong></span> <span class='ocrx_word' id='word_1_128' title='bbox 551 1252 721 1301; x_wconf 85' lang='lat' dir='ltr'><strong>legiones</strong></span> <span class='ocrx_word' id='word_1_129' title='bbox 759 1265 805 1287; x_wconf 84' lang='lat' dir='ltr'><strong>ex</strong></span> <span class='ocrx_word' id='word_1_130' title='bbox 843 1253 1057 1301; x_wconf 81' lang='lat' dir='ltr'><strong>composito</strong></span> <span class='ocrx_word' id='word_1_131' title='bbox 1095 1253 1202 1289; x_wconf 81' lang='lat' dir='ltr'><strong>ades-</strong></span> 
     </span>
     <span class='ocr_line' id='line_1_18' title="bbox 80 1315 1204 1365; baseline 0 -11"><span class='ocrx_word' id='word_1_132' title='bbox 80 1324 189 1363; x_wconf 74' lang='lat' dir='ltr'><strong>sent3</strong></span> <span class='ocrx_word' id='word_1_133' title='bbox 220 1325 303 1353; x_wconf 90' lang='lat' dir='ltr'><strong>tum</strong></span> <span class='ocrx_word' id='word_1_134' title='bbox 333 1318 464 1353; x_wconf 88' lang='lat' dir='ltr'><strong>aeterni</strong></span> <span class='ocrx_word' id='word_1_135' title='bbox 492 1317 622 1353; x_wconf 89' lang='lat' dir='ltr'><strong>hostes</strong></span> <span class='ocrx_word' id='word_1_136' title='bbox 654 1316 785 1352; x_wconf 85' lang='lat' dir='ltr'><strong>Volsci</strong></span> <span class='ocrx_word' id='word_1_137' title='bbox 819 1322 856 1351; x_wconf 85' lang='lat' dir='ltr'><strong>et</strong></span> <span class='ocrx_word' id='word_1_138' title='bbox 885 1315 1019 1365; x_wconf 83' lang='lat' dir='ltr'><strong>AEqui,</strong></span> <span class='ocrx_word' id='word_1_139' title='bbox 1049 1330 1128 1352; x_wconf 88' lang='lat' dir='ltr'><strong>non</strong></span> <span class='ocrx_word' id='word_1_140' title='bbox 1155 1317 1204 1354; x_wconf 86' lang='lat' dir='ltr'><strong>ad</strong></span> 
     </span>
     <span class='ocr_line' id='line_1_19' title="bbox 80 1380 1204 1432; baseline -0.001 -14"><span class='ocrx_word' id='word_1_141' title='bbox 80 1381 333 1432; x_wconf 86' lang='lat' dir='ltr'><strong>populandos,</strong></span> <span class='ocrx_word' id='word_1_142' title='bbox 364 1388 407 1417; x_wconf 91' lang='lat' dir='ltr'><strong>ut</strong></span> <span class='ocrx_word' id='word_1_143' title='bbox 442 1387 545 1425; x_wconf 88' lang='lat' dir='ltr'><strong>ante,</strong></span> <span class='ocrx_word' id='word_1_144' title='bbox 576 1381 683 1423; x_wconf 89' lang='lat' dir='ltr'><strong>fines,</strong></span> <span class='ocrx_word' id='word_1_145' title='bbox 714 1380 780 1417; x_wconf 86' lang='lat' dir='ltr'><strong>sed</strong></span> <span class='ocrx_word' id='word_1_146' title='bbox 816 1380 862 1416; x_wconf 84' lang='lat' dir='ltr'><strong>ad</strong></span> <span class='ocrx_word' id='word_1_147' title='bbox 900 1380 1046 1423; x_wconf 85' lang='lat' dir='ltr'><strong>urbem,</strong></span> <span class='ocrx_word' id='word_1_148' title='bbox 1077 1387 1120 1416; x_wconf 83' lang='lat' dir='ltr'><strong>ut</strong></span> <span class='ocrx_word' id='word_1_149' title='bbox 1157 1394 1204 1417; x_wconf 86' lang='lat' dir='ltr'><strong>ex</strong></span> 
     </span>
     <span class='ocr_line' id='line_1_20' title="bbox 80 1444 1201 1495; baseline 0 -14"><span class='ocrx_word' id='word_1_150' title='bbox 80 1452 188 1495; x_wconf 85' lang='lat' dir='ltr'><strong>parte</strong></span> <span class='ocrx_word' id='word_1_151' title='bbox 226 1452 390 1495; x_wconf 85' lang='lat' dir='ltr'><strong>captam,</strong></span> <span class='ocrx_word' id='word_1_152' title='bbox 420 1446 606 1481; x_wconf 90' lang='lat' dir='ltr'><strong>venirent.</strong></span> <span class='ocrx_word' id='word_1_153' title='bbox 661 1444 779 1480; x_wconf 92' lang='lat' dir='ltr'><strong>Multi</strong></span> <span class='ocrx_word' id='word_1_154' title='bbox 813 1450 851 1480; x_wconf 86' lang='lat' dir='ltr'><strong>et</strong></span> <span class='ocrx_word' id='word_1_155' title='bbox 884 1445 976 1479; x_wconf 83' lang='lat' dir='ltr'><strong>varii</strong></span> <span class='ocrx_word' id='word_1_156' title='bbox 1013 1446 1201 1481; x_wconf 81' lang='lat' dir='ltr'><strong>timores:</strong></span> 
     </span>
     <span class='ocr_line' id='line_1_21' title="bbox 81 1508 1204 1551; baseline 0 -6"><span class='ocrx_word' id='word_1_157' title='bbox 81 1510 181 1546; x_wconf 86' lang='lat' dir='ltr'><strong>inter</strong></span> <span class='ocrx_word' id='word_1_158' title='bbox 209 1516 355 1546; x_wconf 86' lang='lat' dir='ltr'><strong>ceteros</strong></span> <span class='ocrx_word' id='word_1_159' title='bbox 381 1510 573 1546; x_wconf 83' lang='lat' dir='ltr'><strong>eminebat</strong></span> <span class='ocrx_word' id='word_1_160' title='bbox 600 1515 723 1546; x_wconf 83' lang='lat' dir='ltr'><strong>terror</strong></span> <span class='ocrx_word' id='word_1_161' title='bbox 749 1508 908 1551; x_wconf 82' lang='lat' dir='ltr'><strong>servilis,</strong></span> <span class='ocrx_word' id='word_1_162' title='bbox 935 1522 982 1545; x_wconf 89' lang='lat' dir='ltr'><strong>ne</strong></span> <span class='ocrx_word' id='word_1_163' title='bbox 1008 1522 1097 1545; x_wconf 89' lang='lat' dir='ltr'><strong>suus</strong></span> <span class='ocrx_word' id='word_1_164' title='bbox 1124 1510 1204 1545; x_wconf 85' lang='lat' dir='ltr'><strong>cui-</strong></span> 
     </span>
     <span class='ocr_line' id='line_1_22' title="bbox 83 1573 1255 1623; baseline 0 -13"><span class='ocrx_word' id='word_1_165' title='bbox 83 1586 155 1623; x_wconf 86' lang='lat' dir='ltr'><strong>que</strong></span> <span class='ocrx_word' id='word_1_166' title='bbox 181 1574 284 1610; x_wconf 90' lang='lat' dir='ltr'><strong>domi</strong></span> <span class='ocrx_word' id='word_1_167' title='bbox 311 1575 433 1611; x_wconf 87' lang='lat' dir='ltr'><strong>hostis</strong></span> <span class='ocrx_word' id='word_1_168' title='bbox 464 1580 586 1610; x_wconf 82' lang='lat' dir='ltr'><strong>esset:</strong></span> <span class='ocrx_word' id='word_1_169' title='bbox 620 1575 680 1610; x_wconf 88' lang='lat' dir='ltr'><strong>cui</strong></span> <span class='ocrx_word' id='word_1_170' title='bbox 709 1586 780 1610; x_wconf 88' lang='lat' dir='ltr'><strong>nec</strong></span> <span class='ocrx_word' id='word_1_171' title='bbox 813 1573 978 1617; x_wconf 79' lang='lat' dir='ltr'><strong>credere,</strong></span> <span class='ocrx_word' id='word_1_172' title='bbox 1008 1586 1093 1618; x_wconf 84' lang='lat' dir='ltr'><strong>nee,</strong></span> <span class='ocrx_word' id='word_1_173' title='bbox 1125 1586 1205 1610; x_wconf 90' lang='lat' dir='ltr'><strong>non</strong></span> <span class='ocrx_word' id='word_1_174' title='bbox 1249 1616 1255 1620; x_wconf 26' lang='grc' dir='ltr'><em>Ι</em></span> 
     </span>
     <span class='ocr_line' id='line_1_23' title="bbox 83 1638 1203 1686; baseline 0 -12"><span class='ocrx_word' id='word_1_175' title='bbox 83 1638 284 1682; x_wconf 86' lang='lat' dir='ltr'><strong>credendo,</strong></span> <span class='ocrx_word' id='word_1_176' title='bbox 313 1651 362 1675; x_wconf 86' lang='lat' dir='ltr'><strong>ne</strong></span> <span class='ocrx_word' id='word_1_177' title='bbox 390 1639 565 1675; x_wconf 80' lang='lat' dir='ltr'><strong>infestior</strong></span> <span class='ocrx_word' id='word_1_178' title='bbox 592 1638 713 1681; x_wconf 83' lang='lat' dir='ltr'><strong>fieret,</strong></span> <span class='ocrx_word' id='word_1_179' title='bbox 744 1638 855 1674; x_wconf 86' lang='lat' dir='ltr'><strong>fidem</strong></span> <span class='ocrx_word' id='word_1_180' title='bbox 885 1638 1084 1686; x_wconf 82' lang='lat' dir='ltr'><strong>abrogare,</strong></span> <span class='ocrx_word' id='word_1_181' title='bbox 1112 1638 1203 1674; x_wconf 83' lang='lat' dir='ltr'><strong>satis</strong></span> 
     </span>
     <span class='ocr_line' id='line_1_24' title="bbox 80 1701 1201 1752; baseline 0.001 -15"><span class='ocrx_word' id='word_1_182' title='bbox 80 1708 164 1738; x_wconf 85' lang='lat' dir='ltr'><strong>erat</strong></span> <span class='ocrx_word' id='word_1_183' title='bbox 182 1707 320 1738; x_wconf 86' lang='lat' dir='ltr'><strong>tutum.</strong></span> <span class='ocrx_word' id='word_1_184' title='bbox 358 1702 510 1751; x_wconf 85' lang='lat' dir='ltr'><strong>Vixque</strong></span> <span class='ocrx_word' id='word_1_185' title='bbox 529 1702 734 1738; x_wconf 80' lang='lat' dir='ltr'><strong>concordia</strong></span> <span class='ocrx_word' id='word_1_186' title='bbox 752 1702 834 1737; x_wconf 87' lang='lat' dir='ltr'><strong>sisti</strong></span> <span class='ocrx_word' id='word_1_187' title='bbox 854 1701 1053 1737; x_wconf 78' lang='lat' dir='ltr'><strong>videbatur</strong></span> <span class='ocrx_word' id='word_1_188' title='bbox 1070 1714 1201 1752; x_wconf 81' lang='lat' dir='ltr'><strong>posse:</strong></span> 
     </span>
     <span class='ocr_line' id='line_1_25' title="bbox 83 1766 1203 1816; baseline 0.001 -15"><span class='ocrx_word' id='word_1_189' title='bbox 83 1771 234 1802; x_wconf 78' lang='lat' dir='ltr'><strong>tantum</strong></span> <span class='ocrx_word' id='word_1_190' title='bbox 271 1766 535 1816; x_wconf 86' lang='lat' dir='ltr'><strong>superantibus</strong></span> <span class='ocrx_word' id='word_1_191' title='bbox 572 1766 654 1802; x_wconf 87' lang='lat' dir='ltr'><strong>aliis</strong></span> <span class='ocrx_word' id='word_1_192' title='bbox 685 1779 729 1802; x_wconf 79' lang='lat' dir='ltr'><strong>ac</strong></span> <span class='ocrx_word' id='word_1_193' title='bbox 762 1766 1042 1813; x_wconf 85' lang='lat' dir='ltr'><strong>emergentibus</strong></span> <span class='ocrx_word' id='word_1_194' title='bbox 1080 1766 1203 1809; x_wconf 83' lang='lat' dir='ltr'><strong>malis,</strong></span> 
     </span>
     <span class='ocr_line' id='line_1_26' title="bbox 81 1830 1205 1881; baseline 0 -15"><span class='ocrx_word' id='word_1_195' title='bbox 81 1843 196 1866; x_wconf 86' lang='lat' dir='ltr'><strong>nemo</strong></span> <span class='ocrx_word' id='word_1_196' title='bbox 221 1830 395 1866; x_wconf 81' lang='lat' dir='ltr'><strong>tribunos</strong></span> <span class='ocrx_word' id='word_1_197' title='bbox 418 1837 485 1867; x_wconf 89' lang='lat' dir='ltr'><strong>aut</strong></span> <span class='ocrx_word' id='word_1_198' title='bbox 506 1830 655 1881; x_wconf 87' lang='lat' dir='ltr'><strong>plebem</strong></span> <span class='ocrx_word' id='word_1_199' title='bbox 682 1830 843 1867; x_wconf 82' lang='lat' dir='ltr'><strong>timebat</strong></span> <span class='ocrx_word' id='word_1_200' title='bbox 856 1846 865 1874; x_wconf 78' lang='lat'>3</span> <span class='ocrx_word' id='word_1_201' title='bbox 898 1836 1139 1866; x_wconf 84' lang='lat' dir='ltr'><strong>mansuetum</strong></span> <span class='ocrx_word' id='word_1_202' title='bbox 1166 1831 1205 1866; x_wconf 87' lang='lat' dir='ltr'><strong>id</strong></span> 
     </span>
     <span class='ocr_line' id='line_1_27' title="bbox 83 1893 1204 1944; baseline 0 -14"><span class='ocrx_word' id='word_1_203' title='bbox 83 1893 240 1937; x_wconf 85' lang='lat' dir='ltr'><strong>malum,</strong></span> <span class='ocrx_word' id='word_1_204' title='bbox 259 1901 299 1930; x_wconf 87' lang='lat' dir='ltr'><strong>et</strong></span> <span class='ocrx_word' id='word_1_205' title='bbox 318 1907 384 1944; x_wconf 89' lang='lat' dir='ltr'><strong>per</strong></span> <span class='ocrx_word' id='word_1_206' title='bbox 403 1894 563 1931; x_wconf 84' lang='lat' dir='ltr'><strong>aliorum</strong></span> <span class='ocrx_word' id='word_1_207' title='bbox 583 1896 749 1944; x_wconf 85' lang='lat' dir='ltr'><strong>quietem</strong></span> <span class='ocrx_word' id='word_1_208' title='bbox 767 1894 953 1930; x_wconf 85' lang='lat' dir='ltr'><strong>malorum</strong></span> <span class='ocrx_word' id='word_1_209' title='bbox 973 1907 1120 1944; x_wconf 85' lang='lat' dir='ltr'><strong>semper</strong></span> <span class='ocrx_word' id='word_1_210' title='bbox 1139 1907 1204 1930; x_wconf 89' lang='lat' dir='ltr'><strong>ex-</strong></span> 
     </span>
     <span class='ocr_line' id='line_1_28' title="bbox 80 1958 1206 2008; baseline 0.001 -15"><span class='ocrx_word' id='word_1_211' title='bbox 80 1958 224 2001; x_wconf 81' lang='lat' dir='ltr'><strong>oriens,</strong></span> <span class='ocrx_word' id='word_1_212' title='bbox 245 1964 402 2007; x_wconf 87' lang='lat' dir='ltr'><strong>tumque</strong></span> <span class='ocrx_word' id='word_1_213' title='bbox 421 1970 503 1994; x_wconf 90' lang='lat' dir='ltr'><strong>esse</strong></span> <span class='ocrx_word' id='word_1_214' title='bbox 528 1959 730 2008; x_wconf 83' lang='lat' dir='ltr'><strong>peregrino</strong></span> <span class='ocrx_word' id='word_1_215' title='bbox 753 1964 897 1994; x_wconf 83' lang='lat' dir='ltr'><strong>terrm-e</strong></span> <span class='ocrx_word' id='word_1_216' title='bbox 916 1959 1083 2008; x_wconf 87' lang='lat' dir='ltr'><strong>sopitum</strong></span> <span class='ocrx_word' id='word_1_217' title='bbox 1102 1959 1206 1994; x_wconf 83' lang='lat' dir='ltr'><strong>vide-</strong></span> 
     </span>
     <span class='ocr_line' id='line_1_29' title="bbox 82 2020 1206 2072; baseline 0.001 -15"><span class='ocrx_word' id='word_1_218' title='bbox 82 2020 207 2058; x_wconf 81' lang='lat' dir='ltr'><strong>batur.</strong></span> <span class='ocrx_word' id='word_1_219' title='bbox 262 2022 317 2057; x_wconf 87' lang='lat' dir='ltr'><strong>At</strong></span> <span class='ocrx_word' id='word_1_220' title='bbox 344 2022 383 2058; x_wconf 94' lang='lat' dir='ltr'><strong>id</strong></span> <span class='ocrx_word' id='word_1_221' title='bbox 411 2034 530 2072; x_wconf 88' lang='lat' dir='ltr'><strong>prope</strong></span> <span class='ocrx_word' id='word_1_222' title='bbox 557 2035 674 2058; x_wconf 87' lang='lat' dir='ltr'><strong>unum</strong></span> <span class='ocrx_word' id='word_1_223' title='bbox 696 2023 860 2058; x_wconf 80' lang='lat' dir='ltr'><strong>maxime</strong></span> <span class='ocrx_word' id='word_1_224' title='bbox 884 2021 1074 2057; x_wconf 86' lang='lat' dir='ltr'><strong>inclinatis</strong></span> <span class='ocrx_word' id='word_1_225' title='bbox 1094 2022 1206 2058; x_wconf 74' lang='lat' dir='ltr'><strong>rebus</strong></span> 
     </span>
     <span class='ocr_line' id='line_1_30' title="bbox 84 2085 1207 2128; baseline 0.003 -8"><span class='ocrx_word' id='word_1_226' title='bbox 84 2085 280 2121; x_wconf 82' lang='lat' dir='ltr'><strong>incubuit:</strong></span> <span class='ocrx_word' id='word_1_227' title='bbox 311 2091 441 2122; x_wconf 84' lang='lat' dir='ltr'><strong>tantus</strong></span> <span class='ocrx_word' id='word_1_228' title='bbox 461 2087 563 2122; x_wconf 88' lang='lat' dir='ltr'><strong>enim</strong></span> <span class='ocrx_word' id='word_1_229' title='bbox 581 2086 757 2123; x_wconf 85' lang='lat' dir='ltr'><strong>tribunos</strong></span> <span class='ocrx_word' id='word_1_230' title='bbox 777 2086 884 2122; x_wconf 86' lang='lat' dir='ltr'><strong>furor</strong></span> <span class='ocrx_word' id='word_1_231' title='bbox 901 2087 1040 2128; x_wconf 85' lang='lat' dir='ltr'><strong>tenuit,</strong></span> <span class='ocrx_word' id='word_1_232' title='bbox 1061 2092 1103 2122; x_wconf 88' lang='lat' dir='ltr'><strong>ut</strong></span> <span class='ocrx_word' id='word_1_233' title='bbox 1128 2099 1207 2123; x_wconf 90' lang='lat' dir='ltr'><strong>non</strong></span> 
     </span>
     <span class='ocr_line' id='line_1_31' title="bbox 83 2147 1205 2199; baseline 0.002 -16"><span class='ocrx_word' id='word_1_234' title='bbox 83 2147 240 2192; x_wconf 85' lang='lat' dir='ltr'><strong>bellum,</strong></span> <span class='ocrx_word' id='word_1_235' title='bbox 271 2149 337 2185; x_wconf 87' lang='lat' dir='ltr'><strong>sed</strong></span> <span class='ocrx_word' id='word_1_236' title='bbox 365 2162 503 2185; x_wconf 90' lang='lat' dir='ltr'><strong>vanam</strong></span> <span class='ocrx_word' id='word_1_237' title='bbox 531 2150 738 2199; x_wconf 85' lang='lat' dir='ltr'><strong>imaginem</strong></span> <span class='ocrx_word' id='word_1_238' title='bbox 767 2150 872 2193; x_wconf 85' lang='lat' dir='ltr'><strong>belli,</strong></span> <span class='ocrx_word' id='word_1_239' title='bbox 903 2150 951 2186; x_wconf 89' lang='lat' dir='ltr'><strong>ad</strong></span> <span class='ocrx_word' id='word_1_240' title='bbox 982 2150 1205 2186; x_wconf 80' lang='lat' dir='ltr'><strong>avertendos</strong></span> 
     </span>
     <span class='ocr_line' id='line_1_32' title="bbox 85 2208 1208 2264; baseline 0.002 -17"><span class='ocrx_word' id='word_1_241' title='bbox 85 2212 132 2248; x_wconf 87' lang='lat' dir='ltr'><strong>ab</strong></span> <span class='ocrx_word' id='word_1_242' title='bbox 165 2211 259 2261; x_wconf 83' lang='lat' dir='ltr'><strong>legis</strong></span> <span class='ocrx_word' id='word_1_243' title='bbox 290 2226 380 2249; x_wconf 85' lang='lat' dir='ltr'><strong>cura</strong></span> <span class='ocrx_word' id='word_1_244' title='bbox 409 2213 530 2263; x_wconf 83' lang='lat' dir='ltr'><strong>plebis</strong></span> <span class='ocrx_word' id='word_1_245' title='bbox 564 2215 727 2257; x_wconf 87' lang='lat' dir='ltr'><strong>animos,</strong></span> <span class='ocrx_word' id='word_1_246' title='bbox 760 2208 994 2264; x_wconf 83' lang='lat' dir='ltr'><strong>Capitolium</strong></span> <span class='ocrx_word' id='word_1_247' title='bbox 1026 2214 1208 2250; x_wconf 83' lang='lat' dir='ltr'><strong>insedisse</strong></span> 
     </span>
     <span class='ocr_line' id='line_1_33' title="bbox 84 2275 1210 2328; baseline 0.003 -17"><span class='ocrx_word' id='word_1_248' title='bbox 84 2275 385 2313; x_wconf 82' lang='lat' dir='ltr'><strong>contenderent:</strong></span> <span class='ocrx_word' id='word_1_249' title='bbox 418 2279 668 2327; x_wconf 76' lang='lat' dir='ltr'><strong>patriciorum</strong></span> <span class='ocrx_word' id='word_1_250' title='bbox 697 2279 868 2328; x_wconf 85' lang='lat' dir='ltr'><strong>hospites</strong></span> <span class='ocrx_word' id='word_1_251' title='bbox 903 2277 1149 2326; x_wconf 80' lang='lat' dir='ltr'><strong>clientesque,</strong></span> <span class='ocrx_word' id='word_1_252' title='bbox 1179 2279 1210 2314; x_wconf 83' lang='lat' dir='ltr'><strong>si</strong></span> 
     </span>
    </p>
   </div>
   <div class='ocr_carea' id='block_1_3' title="bbox 85 2339 1210 2391">
    <p class='ocr_par' dir='ltr' id='par_1_4' title="bbox 85 2339 1210 2391">
     <span class='ocr_line' id='line_1_34' title="bbox 85 2339 1210 2391; baseline 0.004 -15"><span class='ocrx_word' id='word_1_253' title='bbox 85 2339 232 2391; x_wconf 81' lang='lat' dir='ltr'><strong>perlata</strong></span> <span class='ocrx_word' id='word_1_254' title='bbox 263 2339 348 2390; x_wconf 85' lang='lat' dir='ltr'><strong>lege</strong></span> <span class='ocrx_word' id='word_1_255' title='bbox 383 2341 524 2379; x_wconf 82' lang='lat' dir='ltr'><strong>frustra</strong></span> <span class='ocrx_word' id='word_1_256' title='bbox 556 2342 809 2380; x_wconf 83' lang='lat' dir='ltr'><strong>tumultuatos</strong></span> <span class='ocrx_word' id='word_1_257' title='bbox 843 2355 926 2379; x_wconf 91' lang='lat' dir='ltr'><strong>esse</strong></span> <span class='ocrx_word' id='word_1_258' title='bbox 958 2354 998 2378; x_wconf 76' lang='lat' dir='ltr'><strong>se</strong></span> <span class='ocrx_word' id='word_1_259' title='bbox 1026 2343 1210 2385; x_wconf 84' lang='lat' dir='ltr'><strong>sentiant,</strong></span> 
     </span>
    </p>
   </div>
  </div>
 </body>
</html>
