1573 2598
358 165 514 195 LIBER
535 162 633 194 v11.
666 161 775 192 cAr.
799 162 931 191 XLII.
1116 159 1201 207 529

87 264 182 301 erat,
203 269 314 307 quem
333 267 435 294 nunc
459 252 641 306 primipili
668 251 872 303 adpellant.
929 250 1032 288 Huic
1061 251 1200 289 infensi
1213 257 1256 289 U.
1268 257 1304 289 C.
1322 265 1396 300 ηε,

85 322 225 358 milites
255 328 377 365 erant,
399 321 501 370 quod
528 329 677 369 semper
700 317 918 354 adversatus
946 317 1054 353 novis
1074 318 1200 353 consi·
1212 303 1251 333 A'
1265 301 1303 333 θ’
1320 308 1395 335 3³⁹·

85 386 146 423 liis
165 385 313 429 fuisset,
336 392 375 422 et
391 397 439 422 ne
459 385 647 436 particeps
668 394 799 419 eorum
819 388 932 426 esset,
949 381 1014 432 qui
1033 381 1080 418 ab
1098 381 1201 419 Lau-

84 449 174 487 tulis
204 450 405 499 fugissent.
462 448 599 498 Itaque
627 459 744 498 quum
780 447 855 484 hoc
892 458 1010 484 unum
1043 453 1201 498 propter

86 514 284 552 Salonium
313 514 361 552 ab
387 520 522 551 senatu
551 525 630 550 non
665 512 943 563 inpetraretur3
975 518 1058 548 tum
1090 511 1200 549 Salo-

83 580 183 623 nius,
205 579 419 616 obtestatus
444 578 577 615 Patres
601 576 854 627 conscriptOS,
874 588 923 612 ne
943 588 1052 613 suum
1074 576 1198 613 hono-

83 656 162 680 rem
192 643 324 694 pluris,
345 655 458 693 quam
481 642 725 678 concordiam
752 641 930 685 civitam,
952 642 1197 685 aestimarent,

79 708 259 760 perpulit,
294 715 337 745 ut
372 709 411 744 id
444 720 596 757 quoque
624 707 798 744 ferretur.
855 706 983 755 AEque
1019 707 1197 757 inpotens

78 773 314 824 postulatum
333 772 421 815 fuit,
441 778 484 807 ut
511 771 555 807 de
574 771 765 820 stipendio
785 771 955 819 equitum
981 770 1197 819 (merebant

79 844 207 874 autem
226 837 366 888 triplex
385 849 430 873 ea
447 836 693 886 tempestate)
727 847 802 871 aera
820 835 1074 879 demerentur,
1093 835 1196 885 quod

78 902 267 939 adversati
287 900 547 952 conjurationi
565 900 739 937 fuissent.

134 966 266 1004 XLII.
288 966 433 1003 Praeter
451 966 533 1002 haec
553 964 706 1001 invenio
722 963 822 1015 apud
841 964 1038 1014 quosdam,
1056 963 1103 1002 L.
1117 964 1194 1003 Ge-

78 1032 248 1074 nucium,
279 1030 477 1068 tribunum
506 1029 644 1080 plebis,
676 1028 809 1066 tulisse
842 1029 890 1066 ad
918 1027 1115 1080 populum,
1145 1043 1194 1067 ne

75 1095 265 1132 foenerare
289 1094 446 1131 liceret:
483 1094 575 1130 item
604 1092 687 1129 aliis
714 1092 922 1143 plebiscitis
950 1099 1117 1137 cautum,
1145 1106 1193 1130 ne

75 1161 158 1210 quis
189 1159 362 1196 eumdem
391 1159 658 1208 magistratum
686 1159 787 1194 intra
819 1157 949 1194 decem
978 1170 1097 1195 annos
1128 1171 1190 1195 ca-

74 1230 181 1275 peret
189 1240 200 1270 3
233 1236 308 1260 neu
323 1224 417 1260 duos
437 1223 681 1272 magistratus
703 1234 779 1258 uno
799 1233 901 1258 anno
921 1228 1069 1271 gereret
1080 1238 1092 1268 3
1116 1224 1190 1259 uti-

73 1302 146 1339 que
171 1289 302 1326 liceret
325 1287 498 1324 consules
524 1286 656 1324 ambos
682 1285 851 1336 plebeios
880 1286 1023 1322 creari:
1055 1299 1138 1335 quae
1158 1287 1192 1324 si

74 1353 205 1389 omnia
223 1364 404 1389 concessa
423 1357 513 1388 sunt
530 1349 647 1401 plebi,
668 1349 839 1399 adparet,
859 1349 962 1385 haud
980 1362 1113 1399 parvas
1132 1351 1189 1388 vi-

71 1429 132 1454 res
153 1416 407 1453 defectionem
425 1415 615 1467 habuisse.
657 1413 754 1450 Aliis
774 1412 973 1449 annalibus
994 1415 1188 1464 proditum

71 1487 142 1525 est,
181 1493 304 1530 neque
333 1480 560 1517 dictatorem
595 1477 791 1514 Valerium
828 1476 984 1521 dictum,
1018 1479 1083 1515 sed
1118 1492 1187 1529 per
1223 1504 1229 1507 s

71 1544 244 1582 consules
265 1557 418 1581 omnem
436 1556 516 1580 rem
537 1548 660 1579 actam
679 1557 686 1578 :
719 1554 856 1591 neque,
878 1548 1080 1591 antequam
1099 1543 1183 1581 Ro-

68 1622 170 1646 mam
187 1609 393 1651 veniretur,
415 1607 480 1643 sed
498 1606 650 1649 Romae,
678 1618 761 1642 eam
786 1605 1070 1642 multitudinem
1089 1620 1181 1644 con-

61 1672 279 1724 juratorum
308 1671 354 1707 ad
383 1683 486 1708 arma
516 1677 800 1707 consternatam
828 1683 933 1716 esse;
968 1683 1039 1708 nec
1068 1673 1108 1708 in
1133 1673 1179 1711 T.

66 1737 241 1777 Quinctii
265 1735 407 1779 villam,
434 1735 499 1772 sed
520 1736 560 1771 in
580 1736 674 1772 aedes
702 1736 746 1771 C.
765 1734 918 1778 Manlii,
939 1742 1052 1772 nocte
1070 1737 1178 1787 inpe-

63 1809 146 1839 tum
175 1801 332 1843 factum‚
364 1812 525 1848 eumque
557 1813 580 1836 a
608 1799 816 1850 conjuratis
846 1801 1175 1851 comprehensum,

63 1873 106 1902 ut
135 1866 212 1902 dux
240 1865 368 1901 fieret:
401 1864 489 1900 inde
513 1864 563 1900 ⁴ad
591 1871 768 1913 quartum
791 1863 956 1914 lapidem
981 1865 1173 1915 profectos

61 1930 149 1967 loco
167 1929 316 1965 munito
337 1928 573 1964 consedisse:
605 1940 675 1964 nec
695 1928 742 1965 ab
763 1927 918 1964 ducibus
939 1930 1173 1969 mentionem

62 1993 273 2030 eoncordiae
302 1997 449 2036 ortam3
482 1992 547 2028 sed
572 1997 742 2042 repente,
763 2004 879 2040 quum
904 1992 943 2027 in
972 1993 1091 2030 aciem
1110 2008 1171 2031 ar-

60 2056 154 2094 mati
179 2057 366 2092 exercitus
393 2057 680 2106 processissent,
708 2055 976 2092 salutationem
1000 2057 1166 2096 factam:

58 2128 97 2158 et
116 2121 324 2171 permixtos
344 2120 493 2157 dextras
517 2119 695 2171 jungere,
721 2133 764 2156 ac
790 2119 991 2170 complecti
1010 2122 1109 2158 inter
1127 2136 1168 2161 se

58 2186 298 2223 lacrimantes
334 2185 473 2223 milites
505 2187 682 2236 coepisse,
716 2194 944 2233 coactosque
977 2186 1166 2232 consules,

57 2262 173 2299 quum
201 2249 372 2286 viderent
393 2262 542 2286 aversos
574 2263 596 2286 a
624 2250 869 2286 dimicatione
895 2248 1057 2285 militum
1084 2253 1166 2288 ani-

56 2326 153 2356 moS,
170 2311 343 2350 retulisse
361 2314 408 2351 ad
425 2313 558 2351 Patres
578 2314 624 2350 de
643 2314 849 2351 concordia
863 2313 1161 2355 reconcilianda:

106 2377 208 2414 VOL.
232 2377 263 2414 I.
590 2378 626 2414 A
645 2390 667 2414 a
