1573 2598
500 366 856 415 EPITOME
902 368 1127 416 LIBRI
1170 370 1256 418 IV.

322 644 324 646 ’
400 645 488 684 ‘EX
505 649 550 684 de
568 647 738 683 connubio
761 648 914 684 Patrum
931 653 966 684 et
989 648 1100 697 plebis
1119 661 1143 685 a
1163 650 1311 688 tribunis
1324 650 1439 700 plebis

420 712 642 748 contentione
665 724 812 760 magna,
843 712 1014 749 Patribus
1036 714 1328 762 repugnantibus,
1350 727 1438 764 per·

319 780 396 815 lata
424 782 487 814 est.
540 776 687 813 Tribuni
712 777 896 814 militares.
943 778 1095 826 Aliquot
1113 780 1216 814 annis
1232 791 1288 816 res
1307 780 1439 829 populi

319 843 478 880 Romani
496 843 594 878 domi
610 842 817 890 militiaeque
830 854 898 890 per
916 841 981 878 hoc
997 854 1108 889 genus
1122 845 1352 891 magistratus
1370 845 1437 881 ad-

318 908 529 943 ministratae
559 910 652 941 sunt.
712 905 801 941 Item
837 917 993 942 censores
1027 911 1111 942 tunc
1136 909 1296 954 primum
1328 909 1440 946 creati

317 975 412 1007 sunt.
458 971 556 1017 Ager
573 969 787 1005 Ardeatibus
803 970 931 1017 populi
951 969 1108 1006 Romani
1123 968 1265 1016 judicio
1284 972 1438 1016 ablatus,

318 1035 432 1071 missis
450 1035 488 1069 in
506 1044 586 1068 eum
607 1033 752 1075 colonis,
775 1034 960 1068 restitutus
986 1038 1048 1069 est.
1108 1034 1226 1075 Quum
1241 1034 1349 1084 fame
1370 1047 1440 1084 po-

314 1099 424 1147 pulus
443 1095 628 1133 Romanus
647 1097 840 1140 laboraret,
859 1097 924 1145 Sp.
946 1097 1100 1140 Maelius,
1122 1110 1224 1147 eques
1240 1099 1439 1144 Romanus,

308 1158 538 1212 frumentum
561 1161 698 1210 populo
719 1174 786 1197 sua
810 1163 958 1210 inpensa
984 1163 1135 1211 largitus
1158 1168 1234 1199 est:
1262 1167 1310 1206 et,
1339 1164 1380 1201 ob
1402 1165 1441 1201 id

308 1226 459 1276 factum
478 1223 668 1263 conciliata
685 1226 750 1262 sibi
765 1227 878 1274 plebe,
893 1238 1041 1274 regnum
1053 1226 1240 1276 adfectans
1258 1241 1282 1264 a
1302 1228 1341 1264 C.
1355 1229 1442 1265 Ser-

318 1292 405 1328 vilio
429 1291 566 1333 Ahala,
595 1292 766 1338 magistro
795 1293 967 1339 equitum,
986 1290 1089 1338 jussu
1118 1292 1278 1333 Quinctii
1298 1293 1442 1330 Cincin-

320 1357 401 1392 nati
423 1356 609 1392 dictatoris
628 1357 758 1391 occisus
776 1360 851 1392 est:
883 1355 924 1391 L.
946 1356 1127 1392 Minucius
1148 1356 1256 1392 index
1275 1357 1357 1393 bove
1374 1369 1440 1394 au·

320 1425 406 1457 rata
424 1421 578 1456 donatus
597 1424 659 1456 est.
707 1419 854 1468 Legatis
873 1419 1045 1456 Romanis
1064 1433 1087 1456 a
1105 1421 1332 1458 Fidenatibus
1350 1422 1441 1458 occi·

320 1485 381 1528 sis,
416 1485 585 1534 quoniam
614 1484 655 1519 ob
683 1483 937 1531 rempublicam
967 1484 1214 1528 occubuerant,
1243 1489 1373 1522 statuae
1403 1487 1442 1522 in

322 1546 461 1585 Rostris
478 1549 603 1596 positae
620 1552 714 1583 sunt.
751 1547 873 1583 Cossus
894 1547 1077 1584 Cornelius
1097 1549 1253 1585 tribunus
1271 1550 1439 1592 militum,

321 1614 434 1648 occiso
461 1612 650 1647 Tolumnio
678 1623 759 1658 rege
784 1611 994 1654 Veientium,
1016 1614 1137 1660 opima
1155 1614 1270 1661 spolia
1287 1614 1442 1649 secunda

319 1677 456 1713 retulit.
505 1676 621 1712 Mam.
641 1676 816 1711 AEmilius
842 1677 1009 1718 dictator,
1031 1689 1184 1712 censurce
1208 1677 1353 1720 honore,
1380 1679 1442 1725 qui

321 1744 427 1775 antea
442 1751 508 1788 per
527 1740 800 1787 quinquennium
820 1739 1022 1786 gerebatur,
1045 1741 1130 1775 anni
1149 1744 1183 1775 et
1199 1752 1259 1776 sex
1272 1742 1442 1777 mensium

319 1805 437 1851 spatio
454 1803 578 1852 finito,
605 1802 647 1838 ob
670 1814 746 1837 eam
768 1814 841 1837 rem
859 1815 882 1838 a
901 1803 1095 1839 censoribus
1113 1808 1255 1839 notatus
1273 1809 1334 1840 est.
1381 1804 1441 1839 F-

320 1869 419 1904 denae
448 1869 482 1903 in
511 1872 726 1915 potestatem
751 1868 918 1910 redactoe,
941 1879 1048 1915 eoque
1071 1869 1183 1904 coloni
1212 1870 1306 1904 missi
1330 1873 1414 1904 sunt
1429 1885 1441 1905 .-

320 1932 443 1981 quibus
473 1933 605 1973 occisis,
638 1932 838 1973 Fidenates,
877 1944 985 1980 quum
1018 1931 1236 1982 defecissent,
1270 1944 1293 1968 a
1323 1932 1438 1969 Mam.

320 1995 476 2032 AEniilio
506 1995 682 2030 dictatore
701 1996 786 2030 victi
806 2000 901 2036 sunt,
921 2000 955 2030 et
975 1995 1115 2032 Fidenae
1133 2001 1256 2043 captae.
1307 1994 1438 2042 Conju-

319 2060 415 2094 ratio
433 2069 610 2093 servorum
636 2057 798 2104 obpressa
820 2063 881 2094 est.
927 2058 1143 2101 Postumius,
1167 2059 1326 2095 tribunus
1343 2061 1439 2096 mili-

322 2127 412 2164 tum,
437 2127 587 2170 propter
613 2122 857 2157 crudelitatem
877 2121 921 2157 ab
940 2124 1094 2158 erereitu
1113 2124 1244 2158 occisus
1258 2128 1318 2158 est.
1364 2123 1439 2160 Sti-

319 2188 489 2235 pendium
520 2198 561 2221 ιη·
588 2187 715 2222 (erario
745 2190 820 2221 tum
844 2187 1000 2233 primum
1029 2187 1198 2223 militibus
1227 2187 1350 2223 datum
1378 2192 1438 2223 est.

325 2253 395 2288 Res
421 2255 593 2299 praterea
619 2254 736 2297 gestas
763 2250 928 2286 adversus
952 2250 1104 2294 Volscos,
1132 2256 1166 2287 et
1188 2251 1385 2294 Fidenates,
1406 2256 1441 2288 et

324 2317 491 2359 Faliscos,
509 2318 674 2353 continet.
