1573 2598
332 170 418 214 474
801 169 846 198 T.
873 168 1006 199 mvn

139 265 182 295 U.
194 265 230 296 C.
248 267 459 298 391.motus
489 264 610 296 erant.
666 257 837 308 Accepta
865 258 993 307 itaque
1015 269 1074 293 res
1097 256 1308 307 saepiusque
1334 266 1441 293 usur-

138 307 231 340 ὼε·
247 313 460 376 86¹'pando
488 323 675 359 excitata:
714 321 926 358 vernaculis
955 321 1178 364 artificibus,
1208 321 1297 369 qnia
1323 320 1443 356 hister

333 387 460 424 Tusco
489 385 605 422 verbo
633 385 736 420 ludio
765 384 996 427 vocabatur,
1020 396 1162 420 nomen
1192 382 1442 419 histrionibus

334 451 518 487 inditum:
551 449 613 498 qui
637 460 730 491 non,
755 448 853 484 sicut
878 454 980 491 ante,
1003 447 1241 483 Fescennino
1260 458 1369 482 versu
1391 446 1442 482 si-

335 514 462 551 milem
491 513 789 562 incompositum
813 518 955 548 temere
981 523 1024 547 ae
1050 511 1182 546 rudem
1206 510 1360 546 alternis
1378 508 1444 559 ja·-

335 577 512 622 ciebant;
545 575 610 612 sed
637 574 797 625 inpletas
823 574 944 610 modis
966 575 1129 616 saturas,
1149 573 1338 622 descripto
1359 570 1446 621 jam·

336 641 381 677 ad
416 640 613 676 tibicinem
649 644 778 681 cantu,
815 644 997 685 motuque
1029 637 1252 686 congruenti
1286 648 1445 685 perage-

334 703 442 740 bant.
487 703 619 739 Livius
638 707 727 752 post
745 701 892 749 aliquot
914 712 1050 744 annos,
1070 699 1133 749 qui
1153 699 1201 736 ab
1221 698 1356 735 saturis
1376 711 1443 735 au·

335 779 397 803 sus
431 772 489 802 est
520 767 662 815 primus
693 770 920 814 argumento
950 764 1117 801 fabulam
1151 775 1288 807 serere,
1328 763 1446 811 (idem

336 830 493 872 scilicet,
524 829 563 865 id
591 829 693 878 quod
721 841 852 865 omnes
881 834 963 864 tum
988 835 1110 871 erant,
1137 839 1291 864 suorum
1309 827 1450 864 carmi·

334 905 427 929 num
447 893 571 939 actor)
603 892 754 935 dicitur,
776 904 892 940 quum
921 893 1057 941 saepius
1085 898 1283 928 revocatus
1311 903 1444 928 vocem

335 955 562 999 obtudisset,
592 955 703 991 venia
730 955 851 1004 petita
878 968 1037 1005 puerum
1055 955 1102 991 ad
1128 954 1339 991 canendum
1356 960 1447 991 ante

334 1018 530 1055 tibicinem
552 1030 667 1067 quum
688 1018 896 1061 statuisset,
918 1019 1108 1054 canticum
1130 1018 1251 1066 egisse
1273 1016 1446 1067 aliquan-

334 1088 376 1118 to
405 1083 525 1131 magis
554 1082 706 1130 vigente
734 1086 856 1124 motu,
878 1082 967 1130 quia
990 1080 1086 1117 nihil
1104 1081 1206 1117 vocis
1228 1093 1314 1116 usus
1336 1081 1452 1131 inpe-·

335 1145 485 1182 diebat:
517 1146 606 1182 inde
634 1145 682 1182 ad
709 1158 864 1182 manum
893 1146 1039 1181 cantari
1067 1144 1316 1181 histrionibus
1340 1156 1445 1194 coep-

334 1215 430 1253 tum,
449 1209 693 1258 diverbiaque
707 1215 858 1245 tantum
873 1209 1042 1258 ipsorum
1057 1209 1141 1245 voci
1159 1207 1303 1245 relicta.
1331 1207 1446 1244 Post·

335 1285 448 1321 quam
466 1271 551 1321 lege
569 1272 640 1308 hac
660 1271 874 1308 fabularum
894 1271 942 1308 ab
961 1272 1040 1307 risu
1059 1283 1102 1307 ac
1122 1270 1249 1308 soluto
1270 1269 1365 1321 joco
1385 1281 1444 1307 res

335 1336 581 1379 avocabatur,
611 1342 649 1372 et
677 1335 784 1372 ludus
813 1337 854 1372 in
882 1341 1003 1372 artem
1029 1334 1227 1386 paullatim
1251 1341 1440 1381 verterat3

328 1399 525 1451 juventus,
555 1399 805 1437 histrionibus
833 1399 1059 1436 fabellarum
1078 1405 1166 1436 actu
1193 1399 1340 1443 relicto,
1361 1400 1452 1450 ipsa*

333 1464 435 1501 inter
453 1477 493 1501 se
512 1477 616 1501 more
636 1465 794 1513 antiquo
819 1464 978 1500 ridicula
1002 1465 1151 1500 intexta
1167 1463 1335 1501 versibus
1357 1463 1444 1514 jac-

140 1538 282 1568 Exodia:
334 1529 447 1565 titare
480 1530 620 1579 coepit:
664 1541 746 1577 quae
784 1527 871 1564 inde
905 1529 1041 1564 exodia
1074 1534 1208 1579 postea
1239 1527 1442 1578 adpellata,

139 1580 307 1612 Atellanae'
333 1599 583 1643 consertaque
626 1592 775 1629 fabellis
822 1593 1062 1642 potissimum
1106 1591 1294 1628 Atellanis
1340 1597 1442 1630 sunt.

332 1657 448 1697 Quod
466 1669 583 1706 genus
603 1656 778 1692 ludorum
807 1655 854 1693 ab
881 1656 992 1692 Oscis
1013 1665 1209 1705 acceptum
1228 1655 1352 1691 tenuit
1373 1655 1440 1705 ju-

331 1727 480 1764 ventus,
500 1734 571 1758 nec
591 1720 638 1757 ab
658 1720 908 1757 histrionibus
927 1719 1047 1770 pollui
1065 1731 1176 1769 passa
1189 1723 1262 1756 est.
1302 1719 1363 1756 Eo
1381 1720 1440 1756 in·

332 1786 508 1822 stitutum
536 1791 679 1828 manet,
709 1791 752 1820 ut
781 1791 930 1821 actores
957 1783 1218 1820 Atellanarum
1242 1795 1312 1820 nec
1338 1784 1441 1821 tribu

334 1855 571 1892 moveantur,
606 1855 647 1885 et
680 1848 882 1898 stipendia,
911 1853 1105 1896 tamquam
1141 1853 1312 1896 expertes
1348 1847 1440 1884 artis

332 1913 500 1956 ludicrae,
530 1913 685 1949 faciant.
743 1912 849 1948 Inter
867 1911 1026 1947 aliarum
1042 1923 1159 1961 parva
1176 1911 1364 1960 principia
1380 1923 1439 1947 re-

332 1990 429 2019 rnm,
463 1976 637 2013 ludorum
674 1989 824 2025 quoque
856 1976 978 2026 prima
1008 1976 1117 2023 origo
1150 1974 1327 2024 ponenda
1359 1975 1441 2012 visa

332 2047 411 2076 est:
445 2046 487 2076 ut
506 2041 716 2090 adpareret,
737 2053 850 2089 quam
879 2040 927 2076 ab
954 2052 1046 2076 sano
1072 2039 1182 2074 initio
1203 2050 1259 2074 res
1281 2039 1318 2074 in
1339 2039 1438 2076 hanc

329 2105 394 2140 vix
413 2104 603 2154 opulentis
623 2105 748 2153 regnis
769 2104 1004 2141 tolerabilem
1023 2103 1208 2139 insaniam
1226 2103 1383 2141 venerit.

384 2167 446 2204 111
453 2198 459 2205 .
489 2167 573 2205 Nec
591 2175 719 2205 tamen
739 2167 911 2205 ludorum
934 2168 1095 2219 primum
1114 2167 1279 2210 initium,
1297 2180 1435 2217 procu·
1547 2183 1550 2223 ι

330 2233 455 2268 randis
473 2232 719 2282 religionibus
737 2233 880 2275 datum,
901 2240 966 2269 aut
985 2231 1168 2281 religione
1188 2232 1348 2275 animos,
1368 2238 1435 2269 aut

329 2307 491 2347 corpora
519 2297 660 2334 morbis
691 2297 849 2334 levavit:
882 2297 972 2346 quin
999 2296 1127 2339 etiam,
1149 2308 1263 2347 quum
1289 2295 1431 2333 medios
