1573 2598
124 237 167 268 υ.
183 235 220 267 C.
239 241 312 271 274.

125 282 164 313 Δ.
178 280 216 311 C.
231 285 307 314 ⁴7⁸·

333 145 421 186 ,144
827 145 874 174 τ.
898 144 1030 173 mvn

334 233 440 271 velut
474 231 773 274 deliberabundi,
803 233 928 282 capita
962 230 1177 275 conferunt,
1215 232 1278 270 diu
1313 230 1446 270 conlo-

335 303 528 347 quuntur:
561 307 730 346 pugnare
755 294 986 345 cupiebant3
1019 293 1085 329 sed
1112 299 1215 330 retro
1239 296 1453 333 revocanda

334 370 377 400 et
405 363 577 400 abdenda
605 361 790 411 cupiditas
819 366 913 402 erat,
934 366 976 395 ut
1002 359 1231 395 adversando
1256 373 1451 398 remoran-

336 427 462 475 doque
480 426 639 462 incitato
659 423 772 459 semel
791 422 903 458 militi
923 422 1102 458 adderent
1119 421 1303 471 inpetum.
1347 421 1451 459 Red-

331 490 439 526 ditur
457 499 693 538 responsum,
714 486 941 521 inmaturam
960 497 1040 520 rem
1065 484 1141 532 agi,
1162 483 1330 519 noudum
1356 489 1454 520 tem·-

334 562 410 601 pus
446 562 584 600 pugnae
620 561 730 584 esse:
781 547 912 583 castris
953 559 993 583 se
1029 552 1215 582 tenerent.
1287 545 1457 582 Edicunt

340 615 442 658 inde,
472 622 515 651 ut
551 614 767 651 abstineant
802 625 955 663 pugna:
995 613 1026 648 si
1059 613 1140 662 quis
1179 611 1326 662 injussu
1359 625 1456 662 pug-

340 676 502 719 naverit,
525 682 568 711 ut
595 676 635 712 in
663 676 812 711 hostem
841 675 1178 711 animadversuros.
1235 674 1298 710 Ita
1325 675 1456 710 diruis*

334 743 409 786 sis,
429 753 506 791 quo
527 741 651 777 minus
677 739 848 776 consules
869 739 964 775 velle
987 739 1158 783 credunt,
1187 741 1322 776 crescit
1346 742 1459 777 ardor

335 803 562 856 pugnandi:
595 803 778 839 accedunt
795 803 949 852 insuper
972 802 1102 838 hostes
1128 802 1290 838 ferocius
1320 802 1456 846 multo,

343 876 388 907 ut
423 869 600 905 statuisse
631 880 708 903 non
745 880 914 918 pugnare
947 867 1121 903 consules
1155 868 1351 916 cognitum
1389 878 1460 907 est.

345 933 498 983 Quippe
526 931 668 981 inpune
695 942 735 966 se
760 930 1021 973 insultaturos,
1041 942 1120 966 non
1147 930 1245 966 credi
1268 930 1380 966 militi
1399 944 1459 968 ar.-

346 1010 434 1034 ma:
465 1007 545 1031 rem
567 994 615 1030 ad
643 993 816 1029 ultimum
845 994 1040 1030 seditionis
1070 998 1301 1042 erupturam,
1328 994 1460 1031 finem—

345 1075 420 1112 que
445 1061 590 1097 venisse
611 1059 792 1095 Romano
813 1059 985 1108 imperio.
1041 1057 1114 1094 His
1140 1058 1228 1094 freti
1257 1058 1461 1097 obcursant

346 1125 484 1178 portiS,
508 1124 685 1172 ingerunt
710 1122 864 1172 probra,
885 1134 982 1170 aegre
1001 1121 1208 1164 abstinent,
1229 1123 1319 1170 quin
1339 1129 1463 1160 castra

350 1190 586 1240 obpugnent.
641 1187 756 1223 Enim
775 1199 865 1222 vero
883 1198 962 1222 non
978 1184 1077 1221 ultra
1095 1185 1362 1222 contumeliam
1382 1188 1462 1237 pati

350 1253 549 1290 Romanus
579 1262 715 1300 posse:
746 1250 838 1286 totis
865 1249 996 1285 castris
1024 1249 1186 1297 undique
1214 1249 1261 1285 ad
1289 1251 1462 1287 consules

348 1317 539 1355 curritur:
579 1327 656 1350 non
680 1313 762 1364 jam
792 1313 946 1355 sensim,
977 1319 1018 1348 ut
1047 1319 1148 1355 ante,
1178 1325 1246 1362 per
1273 1315 1464 1350 centurio-

351 1394 444 1418 num
465 1378 653 1430 principes
672 1376 894 1428 postulant5
927 1377 989 1413 sed
1014 1378 1153 1426 passim
1173 1389 1303 1413 omnes
1324 1377 1465 1414 clamo-

352 1445 457 1482 ribus
486 1448 618 1491 agunt.
672 1441 829 1477 Matura
856 1453 914 1477 res
945 1447 1052 1486 erat3
1086 1441 1381 1489 tergiversantur
1407 1448 1466 1478 ta-

354 1521 454 1545 men.
510 1506 649 1542 Fabius
680 1506 826 1548 deinde,
857 1505 904 1541 ad
932 1511 1161 1542 crescentem
1197 1505 1364 1541 tumultu
1384 1505 1468 1556 jam

354 1576 499 1608 metum
531 1569 726 1605 seditionis
760 1568 907 1617 collega
934 1569 1177 1611 concedente,
1207 1581 1323 1617 quum
1355 1568 1468 1604 silen-

355 1636 452 1672 tium
481 1633 639 1670 classico
675 1632 854 1678 fecisset3
888 1633 966 1681 Ego
994 1635 1090 1675 istos,
1122 1633 1185 1668 Cn.
1211 1633 1345 1676 Manli,
1372 1645 1472 1681 posse

354 1701 492 1736 vincere
510 1699 590 1734 ‚scio
602 1715 613 1741 ,·
649 1698 738 1733 velle
763 1709 808 1733 ne
841 1699 978 1739 scirem,
1016 1699 1084 1745 ipsi
1109 1696 1289 1745 fecerunt.
1345 1697 1474 1745 Itaque

354 1768 494 1800 certum
517 1766 625 1810 atque
649 1763 826 1798 decretum
849 1767 913 1804 est,
933 1773 1002 1797 non
1027 1762 1113 1797 dare
1128 1763 1281 1808 signum,
1301 1761 1382 1804 nisi,
1400 1763 1474 1797 vio-

359 1833 450 1865 tores
466 1839 502 1863 se
517 1828 694 1862 redituros
712 1838 754 1862 ex
771 1826 837 1862 lta-c
851 1839 990 1875 pugna,
1005 1825 1147 1873 jurant.
1196 1826 1379 1862 Consulem
1398 1826 1474 1863 Ro-

357 1903 504 1927 manum
539 1891 638 1926 miles
663 1891 769 1925 semel
796 1892 832 1925 in
861 1892 936 1926 acie
959 1889 1129 1939 fefellist
1158 1890 1258 1927 Deos
1283 1902 1477 1938 numquam

349 1954 477 2003 fallet.
533 1953 718 1988 Centurio
747 1959 828 1988 erat
854 1952 912 1989 M.
941 1943 1169 1995 Flavoleius,
1200 1953 1299 1988 inter
1334 1954 1476 2004 primo-

361 2030 420 2054 res
453 2028 590 2067 pugnae
620 2015 824 2064 flagitator.
888 2017 1022 2060 Victor,
1052 2017 1190 2065 inquit,
1219 2017 1272 2053 M.
1293 2018 1392 2060 Fabi,
1421 2029 1478 2054 re-

361 2086 482 2118 vertar
499 2093 541 2117 ez
559 2083 646 2117 acze.
703 2081 742 2116 Si
765 2080 887 2124 fallat,
907 2080 1043 2117 Jovem
1072 2087 1232 2131 patrem,
1253 2081 1478 2118 Gradivum-

359 2158 434 2196 que
463 2145 644 2189 Martem,
675 2145 843 2195 aliosque
872 2146 988 2182 iratos
1019 2145 1170 2182 invocat
1199 2144 1316 2182 Deos.
1373 2145 1478 2183 Idem

360 2210 538 2259 deinceps
558 2210 681 2245 omnis
708 2209 893 2245 exercitus
921 2209 960 2245 in
989 2221 1028 2245 se
1056 2209 1213 2258 quisque
1236 2208 1354 2259 jurat.
1408 2209 1478 2246 Ju-

363 2274 455 2316 ratis
474 2273 584 2310 datur
605 2273 769 2323 signum,
790 2286 895 2310 arma
913 2274 1069 2325 capiunt
1084 2288 1095 2319 3
1128 2279 1219 2310 eunt
1237 2274 1276 2310 in
1295 2285 1478 2324 pugnum,
