1573 2598
147 231 190 263 c.
206 232 243 262 C.
261 240 336 265 ³18.

144 276 186 308 A.
201 275 238 306 C.
254 282 331 308 4:³4.

139 552 259 584 Cossus
273 562 322 584 re-

140 605 216 634 gem
231 606 345 628 eorum

139 639 270 670 occidit.

129 1643 324 1675 Vincuntur.

347 137 448 191 1284
814 152 860 180 τ.
884 153 1017 182 1,1v11

362 237 546 274 conflixit.
600 236 719 274 Nulla
742 245 849 288 parte
874 239 1043 289 legiones
1063 240 1234 280 Etruscae
1253 245 1466 282 sustinuere

360 302 532 352 inpetum
567 301 852 339 Romanorum:
889 317 1001 353 eques
1037 307 1201 342 maxime
1238 309 1437 345 resistebat
1453 325 1463 355 3

360 367 603 416 equitumque
638 366 753 415 longe
784 367 1011 404 fortissimus
1048 370 1130 420 ipse
1162 383 1242 415 rex,
1280 373 1328 409 ab
1362 375 1467 410 omni

358 436 467 480 parte
495 429 610 466 effuse
639 430 880 479 sequentibus
911 431 1135 481 obequitans
1161 434 1361 479 Romanis,
1387 442 1468 473 tra-

358 493 475 529 hebat
494 499 696 529 certamen.
748 503 751 508 '

413 555 530 592 XIX.
554 555 650 592 Erat
668 562 749 591 tum
768 557 866 593 inter
885 558 1028 606 equites
1047 559 1220 596 tribunus
1241 561 1403 598 militum
1417 562 1466 599 A.

359 619 559 657 Cornelius
597 620 752 665 Cossus,
790 622 926 658 eximia
966 623 1246 672 pulchritudine
1281 627 1464 676 corporis,

356 685 485 721 animo
503 697 547 720 ac
565 685 706 721 viribus
727 698 808 735 par,
829 698 1046 736 memorque
1065 689 1227 737 generiS‚
1248 689 1364 738 quod,
1384 703 1465 727 am-

354 748 566 800 plissimum
594 755 805 799 acceptum,
833 749 954 801 majus
977 752 1198 801 auctiusque
1224 753 1376 802 reliquit
1393 766 1464 804 po·

353 813 489 849 stetis:
521 813 552 848 is
581 826 696 862 quum
724 814 770 850 ad
799 815 967 865 inpetum
989 815 1197 860 Tolumnii,
1226 830 1463 867 quacumque

353 888 394 912 se
416 877 653 920 intendisset,
670 878 901 927 trepidantes
921 879 1116 915 Romanas
1135 881 1280 917 videret
1301 887 1460 926 turmaS,

352 940 616 990 insignemque
638 954 723 977 eum
744 943 850 990 regio
875 942 1009 978 habitu
1028 943 1252 980 volitantem
1278 951 1360 981 tota
1381 946 1463 983 acie

351 1012 569 1054 cognosset,
589 1007 738 1042 Hiccine
759 1012 823 1049 est,
853 1008 989 1056 inquit,
1016 1014 1144 1056 ruptor
1159 1008 1310 1058 foederis
1335 1010 1462 1048 huma-

350 1070 401 1112 ni,
427 1071 648 1119 violatorque
668 1073 828 1119 gentium
845 1071 974 1118 juris?
1000 1073 1088 1110 Jam
1115 1085 1178 1120 ego
1206 1074 1296 1110 hanc
1322 1080 1461 1111 macta·

351 1139 426 1170 tam
443 1136 638 1177 victimam,
663 1137 831 1182 (simodo
850 1139 964 1172 sam-ti
983 1139 1179 1186 quidquam
1203 1140 1240 1174 in
1266 1141 1368 1175 terris
1391 1151 1461 1176 esse

349 1198 420 1234 Dii
436 1198 574 1245 volunt)
598 1200 796 1247 legatorum
813 1201 972 1236 manibus
991 1201 1091 1237 dabo.
1130 1201 1348 1238 Calcaribus
1368 1202 1458 1239 sub-

349 1261 451 1305 ditis,
472 1262 611 1298 infesta
629 1263 781 1312 cuspide
801 1263 839 1298 in
860 1276 976 1300 unum
995 1263 1115 1300 fertur
1140 1265 1312 1301 hostem:
1345 1278 1456 1315 quem

347 1338 464 1374 quum
490 1326 607 1361 ictum
627 1338 724 1374 equo
751 1325 962 1375 dejecisset,
984 1328 1184 1365 confestim
1214 1336 1251 1365 et
1278 1330 1359 1379 ipse
1387 1330 1458 1366 ha-

347 1398 407 1424 sta
427 1389 571 1424 innisus
601 1401 640 1424 se
668 1390 708 1424 in
736 1389 848 1439 pedes
878 1392 1037 1440 excepit.
1094 1393 1374 1441 Adsurgentem
1402 1392 1456 1429 ibi

345 1464 474 1500 regem
499 1452 663 1488 umbone
685 1454 891 1503 resupinat,
912 1456 1188 1504 repetitumque
1215 1457 1350 1506 saepius
1370 1469 1455 1492 cus·

345 1516 430 1566 pide
449 1515 496 1551 ad
518 1521 654 1551 terram
675 1516 806 1553 adfixit
823 1532 830 1553 :
862 1523 945 1553 tum
965 1519 1144 1567 exsangui
1171 1519 1341 1555 detracta
1364 1531 1453 1569 spo-

344 1578 418 1625 lia3
451 1586 638 1630 caputque
667 1580 852 1616 abscisum
874 1582 996 1617 victor
1025 1575 1171 1631 spiculo¹
1198 1594 1345 1630 gerenS,
1374 1589 1451 1618 ter-

344 1655 429 1679 rore
451 1644 537 1679 caesi
563 1644 660 1692 regis
686 1644 815 1679 hostes
840 1644 976 1681 fundit.
1033 1645 1094 1680 Ita
1113 1638 1281 1694 equitum
1301 1657 1450 1694 quoque

342 1707 426 1744 fusa
446 1708 559 1750 acies,
580 1721 662 1756 quae
686 1721 761 1744 una
784 1708 924 1744 fecerat
942 1721 1078 1759 anceps
1099 1716 1300 1745 certamen.
1356 1708 1450 1745 Dic-

341 1778 445 1807 tator
480 1771 693 1820 legionibus
722 1771 861 1820 fugatis
891 1773 1021 1815 instat,
1052 1780 1089 1809 et
1119 1773 1164 1809 ad
1194 1779 1316 1809 castra
1344 1785 1447 1809 com-

341 1834 469 1885 pulsos
490 1835 612 1871 caedit.
668 1835 907 1871 Fidenatium
936 1835 1085 1885 plurimi
1115 1836 1285 1872 locorum
1312 1836 1450 1872 notitia

341 1899 505 1946 effugere
542 1899 579 1933 in
618 1905 777 1935 montes.
835 1899 989 1942 Cossus,
1023 1899 1192 1935 Tiberim
1224 1911 1308 1935 cum
1343 1900 1449 1949 equi-

341 1967 425 1998 tatu
454 1968 701 2005 transvectus,
732 1975 778 1999 ex
806 1975 906 2011 agr-0¹
919 1962 1131 1999 Veientano
1159 1963 1353 2011 ingentem
1383 1964 1446 2000 de-

342 2023 431 2060 tulit
458 2025 623 2074 praedam
651 2025 697 2061 ad
726 2025 868 2061 urbem.
925 2025 1030 2061 Inter
1057 2025 1232 2075 proelium
1255 2032 1293 2062 et
1312 2026 1359 2062 ad
1384 2039 1446 2063 ca·

343 2095 421 2124 stra
452 2087 628 2124 Romana
660 2095 870 2139 pugnatum
903 2096 958 2125 est
992 2090 1167 2125 adversus
1201 2097 1347 2139 partem
1380 2102 1444 2126 co·

341 2153 502 2201 piarum,
532 2152 579 2189 ab
601 2153 820 2195 Tolumnio,
851 2159 893 2189 ut
921 2160 1009 2189 ante
1038 2154 1176 2189 dictum
1207 2160 1277 2196 est,
1307 2154 1355 2190 ad
1383 2166 1446 2190 ca-

341 2217 618 2261 stra-missam.
681 2215 819 2253 Fabius
858 2217 1068 2253 Vibulanus
1106 2229 1247 2253 corona
1282 2218 1444 2267 primum

340 2279 478 2317 vallum
501 2280 693 2318 defendit:
726 2282 893 2318 intentos
920 2281 1053 2318 deinde
1078 2281 1206 2318 hostes
1233 2282 1271 2318 in
1292 2281 1443 2325 vallum.
