1573 2598
427 96 675 147 mnrium.
709 116 815 144 CAP.
840 116 925 145 111.
1148 112 1230 158 '413

119 208 241 247 inanis
270 207 397 251 fuerit,
421 220 533 256 quam
561 206 915 243 transcendentibus
946 218 1072 256 sepem
1100 206 1230 242 incen-
1244 215 1333 247 uc.
1350 190 1425 247 ass.

119 274 183 311 dio
219 270 431 310 absumtam
466 271 601 308 fuerat.
675 271 784 307 Fusis
822 270 997 307 hostibus
1035 270 1229 318 caesisquc,

119 351 236 387 quum
265 343 387 373 castra
415 336 546 386 inpetu
575 336 734 385 cepisset
764 335 941 378 dictator,
968 333 1133 386 prae'dam
1160 334 1232 370 mi-

120 401 178 438 liti
211 401 327 444 dedit,
362 414 437 450 quo
471 401 593 436 minus
627 406 831 449 speratam,
866 400 1021 436 minime
1053 396 1234 447 largitore

118 466 228 509 duce,
249 478 295 502 eo
321 465 430 501 militi
459 465 690 513 gratiorem:
723 470 941 513 persecutus
973 463 1104 499 deinde
1133 462 1234 511 fugi-

121 536 240 572 entes,
271 542 386 578 quum
415 540 566 564 omnem
599 527 781 564 Volscum
816 541 951 577 agrum
985 526 1234 577 depopulatus

118 598 232 636 esset,
258 592 305 628 ad
333 591 563 628 deditionem
582 591 743 627 Volscos
773 591 1055 641 septuagesimo
1085 590 1236 627 demum

119 669 221 692 anno
251 656 413 704 subegit.
469 655 604 692 Victor
628 668 674 692 ex
694 655 844 691 Volscis
874 656 913 691 in
932 655 1081 703 AEquos
1111 660 1235 690 trans-

118 720 177 764 iit,
198 726 236 756 et
254 720 356 770 ipsos
382 718 524 755 bellum
552 719 771 755 molientes:
805 719 1012 754 exercitum
1033 730 1163 754 eorum
1189 717 1236 753 ad

118 782 235 820 Bolas
255 783 443 834 obpressit
455 799 467 828 5
498 795 568 818 nec
587 788 712 818 castra
733 782 862 826 modo,
884 782 948 818 sed
969 781 1100 818 urbem
1121 781 1236 818 etiam

80 837 84 841 l
119 847 333 896 adgressus,
354 847 487 897 inpetu
506 847 629 896 primo
649 847 762 896 cepit.

1243 260 1282 289 A.
1296 259 1333 290 C.
1349 254 1423 290 38'6.

174 911 250 948 III.
279 911 408 950 Quum
437 911 477 947 in
506 924 549 947 ea
577 916 699 961 parte,
720 911 759 947 in
784 923 860 960 qua
884 915 997 959 caput
1017 910 1071 946 rei
1090 908 1237 945 Romaa
1274 919 1280 925 “

119 988 178 1012 nae
199 974 379 1011 Camillus
400 981 493 1018 erat,
515 987 559 1011 ea
577 975 733 1011 fortuna
753 980 866 1018 esset,
887 974 1000 1011 aliam
1023 974 1061 1010 in
1090 979 1237 1024 partem

118 1037 241 1075 terror
269 1039 402 1087 ingens
432 1039 639 1087 ingruerat.
693 1037 852 1075 Etruria
879 1050 997 1088 prope
1024 1037 1147 1073 omnis
1175 1049 1234 1073 ar·
1248 1041 1430 1071 Sutriuma

118 1108 222 1138 mata
251 1102 433 1145 Sutrium,
464 1102 587 1138 socios
625 1101 757 1152 populi
789 1101 973 1144 Romani,
1006 1100 1231 1137 obsidebat:

117 1175 279 1216 quorum
308 1166 437 1214 legati,
459 1178 571 1216 opem
600 1166 712 1203 rebus
742 1165 899 1203 adfectis
926 1171 1093 1208 orantes,
1119 1177 1236 1214 quum

118 1236 293 1266 senatum
318 1229 498 1273 adissent,
519 1229 712 1266 decretum
741 1229 876 1273 tulere,
899 1234 940 1265 ut
968 1229 1131 1265 dictator
1158 1228 1236 1279 pri—

119 1307 183 1330 mo
202 1306 352 1344 quoque
376 1300 546 1344 tempore
573 1293 755 1330 auxilium
780 1293 944 1330 Sutrinis
973 1293 1101 1330 ferret.
1159 1292 1236 1329 Cu*

110 1357 177 1408 jus
197 1360 276 1408 spei
295 1371 439 1395 moram
460 1372 575 1408 quum
597 1359 678 1409 pati
702 1358 859 1395 fortuna
884 1357 1128 1394 obsessorum
1156 1369 1237 1393 non

115 1424 320 1472 potuisset,
337 1423 586 1472 confectaque
605 1424 778 1473 paucitas
794 1422 1088 1473 oppidanorum,
1107 1434 1235 1471 opere,

1245 1084 1360 1114 Tuscis
1379 1092 1453 1120 cap-

1247 1133 1320 1158 tum
1334 1126 1453 1166 recipit.

117 1486 270 1535 vigiliis,
302 1487 532 1531 vulneribus,
563 1501 646 1536 quae
676 1499 824 1538 semper
853 1487 1005 1523 eosdem
1033 1478 1246 1535 urgebant,

116 1563 183 1601 per
212 1552 427 1600 pactionem
456 1551 548 1587 urbe
577 1551 752 1587 hostibus
782 1551 936 1594 tradita,
957 1551 1119 1587 inermes
1150 1562 1236 1586 cum

116 1614 275 1662 singulis
314 1615 441 1650 emissi
468 1615 720 1657 vestimentis,
750 1613 956 1650 miserabili
985 1614 1138 1662 agmine
1168 1625 1234 1664 pe-

116 1684 225 1713 nates
255 1677 514 1726 relinquerent
530 1693 540 1723 3
573 1690 619 1714 eo
639 1678 740 1714 forte
757 1681 930 1728 tempore
948 1672 1130 1714 Camillus
1150 1690 1238 1713 cum

116 1741 288 1776 exercitu
314 1739 494 1778 Romano
523 1740 754 1776 intervenit:
796 1741 856 1776 cui
886 1753 1002 1789 quum
1031 1753 1070 1776 se
1098 1746 1239 1776 moesta

117 1804 231 1840 turba
259 1804 306 1840 ad
335 1805 446 1854 pedes
475 1804 741 1855 provolvisset,
771 1805 1062 1854 principumque
1091 1804 1237 1840 oratio-

116 1880 218 1911 nem,
239 1870 464 1904 necessitate
494 1868 629 1905 ultima
648 1881 879 1918 expressam,
898 1869 1008 1905 fietus
1036 1868 1236 1904 mulierum

114 1944 159 1967 ac
180 1944 395 1981 puerorum,
417 1933 481 1981 qui
500 1932 623 1968 exsilii
649 1933 807 1968 comites
842 1931 1103 1975 trahebantur,
1125 1944 1235 1967 exce-

116 1995 258 2044 pisset;
299 2009 453 2046 parcere
481 1995 656 2032 lamentis
688 1997 864 2032 Sutrinos
887 1995 1030 2046 jussit:
1062 1996 1235 2032 Etruscis

117 2070 156 2093 se
176 2058 318 2095 luctum
338 2059 587 2109 lacrimasque
606 2060 717 2096 ferre.
775 2060 950 2096 Sarcinas
976 2060 1059 2095 inde
1081 2060 1235 2109 deponi,

117 2122 366 2171 Sutrinosque
391 2123 444 2159 ibi
467 2124 678 2167 considere,
708 2124 859 2160 modico
885 2124 1060 2174 praesidio
1086 2123 1235 2166 relicto,

117 2198 222 2221 arma
246 2199 372 2223 secum
401 2187 561 2224 militem
589 2188 688 2224 ferre
710 2187 836 2238 jubet.
892 2187 954 2224 Ita
974 2175 1150 2237 expedito
1170 2200 1235 2223 ex-

115 2251 238 2287 ercitu
266 2250 458 2302 profectus
489 2252 538 2288 ad
566 2252 749 2295 Sutrium,
780 2252 817 2289 id
847 2251 949 2302 quod
977 2251 1142 2295 rebatur,
1174 2264 1236 2288 so·

642 2317 718 2356 T3
