1573 2598
425 197 581 228 LIBER
603 196 639 225 1.
669 194 776 226 cAP.
799 194 954 225 XXXV.
1188 192 1245 237 53

131 286 247 323 deret.
303 285 386 323 Has
415 298 498 336 spes
521 284 850 334 cogitationesque
878 295 1005 321 secum
1034 287 1246 332 portantes,

131 349 262 386 urbem
290 350 449 399 ingressi
478 355 566 386 sunt
581 365 591 394 5
624 346 891 396 domicilioque
927 346 982 383 ibi
1010 351 1247 396 comparato,

130 413 177 450 L.
197 413 446 463 Tarquinium
473 412 646 450 Priscum
675 411 823 448 edidere
852 423 1005 448 nomen.
1059 408 1247 446 Romanis

132 478 379 527 conspicuum
416 489 502 513 eum
537 477 686 512 novitas
716 475 931 524 divitiaeque
959 473 1174 511 faciebant:
1211 481 1250 512 et

132 542 213 593 ipse
231 541 425 578 fortunam
443 541 612 590 benigno
632 540 824 590 adloquio,
846 540 1026 576 comitate
1048 539 1248 584 invitandi,

132 606 413 655 beneficiisque,
440 619 534 655 quos
563 611 728 657 poterat,
759 605 831 642 sibi
860 605 1113 648 conciliando,
1143 605 1252 656 adju-

132 671 246 709 vabat
263 688 272 718 3
306 673 426 709 donec
455 673 494 708 in
520 673 663 722 regiam
686 684 836 721 quoque
856 671 902 708 de
921 684 966 708 eo
985 671 1088 708 fama
1106 671 1252 721 perlata

131 744 191 774 est
209 753 216 773 :
246 738 500 788 notitiamque
520 750 603 774 eam
624 738 744 781 brevi,
765 737 865 787 apud
893 749 1021 786 regem
1046 736 1254 773 liberaliter

135 802 338 852 dextreque
358 802 535 839 obeundo
555 803 692 846 officia,
713 803 752 838 in
772 802 966 839 familiaris
987 802 1164 838 amicitiae
1186 802 1254 839 ad-

134 868 294 905 duxerat
313 867 418 918 jura,
442 875 485 905 ut
513 868 673 919 publicis
696 869 844 919 *pariter
872 881 916 905 ac
944 868 1100 919 privatis
1128 868 1254 904 consi-

134 933 194 969 liis
212 932 314 970 bello
333 933 511 983 domique
536 934 762 970 interesset:
795 940 847 977 et,
867 946 934 983 per
962 933 1092 970 omnia
1121 945 1255 983 exper-

134 1003 210 1040 tus,
240 1003 434 1047 postremo
461 1004 567 1035 tutor
596 999 712 1036 etiam
738 997 866 1035 liberis
895 998 994 1047 regis
1023 1003 1254 1034 testamento

137 1061 409 1099 institueretur.

191 1126 365 1163 XXXV.
401 1125 596 1175 Regnavit
623 1128 753 1164 Ancus
782 1139 903 1163 annos
933 1133 1097 1176 quatuor
1133 1131 1172 1163 et
1199 1126 1255 1163 vi·
1268 1122 1406 1155 Moritur

138 1190 250 1240 ginti,
279 1190 436 1227 cuilibet
464 1193 700 1242 superiorum
728 1205 861 1241 regum
891 1191 981 1228 belli
1014 1192 1193 1242 pacisque
1219 1197 1258 1227 et
1269 1170 1391 1199 Ancus'

138 1254 282 1292 artibus
302 1261 340 1290 et
359 1254 481 1304 gloria
499 1268 578 1305 par.
635 1255 661 1291 J
663 1268 724 1291 am
742 1255 809 1292 filii
828 1268 946 1306 prope
965 1255 1146 1305 puberem
1166 1261 1257 1291 aeta-

138 1325 216 1355 tem
244 1325 374 1356 erant:
407 1331 453 1355 eo
481 1320 602 1368 magis
631 1319 862 1368 Tarquinius
887 1320 1043 1363 instare,
1072 1326 1116 1355 ut
1145 1333 1259 1369 quam

138 1384 301 1436 primum
333 1385 489 1422 comitia
519 1385 601 1435 regi
630 1385 793 1422 creando
823 1385 967 1422 fierent.
1023 1385 1174 1425 Quibus
1199 1386 1259 1422 in-

140 1448 263 1493 dictis,
284 1449 353 1486 sub
378 1455 524 1500 tempus
547 1462 683 1500 pueros
702 1456 881 1486 venatum
907 1449 1120 1499 ablegavit:
1150 1450 1259 1500 'isque
1270 1440 1466 1483 Tarquinius

138 1514 280 1564 primus
311 1520 350 1551 et
381 1515 520 1564 petisse
549 1514 750 1551 ambitiose
780 1527 953 1564 regnum,
982 1521 1019 1551 et
1045 1516 1259 1552 orationem
1271 1496 1409 1563 geggptm

140 1578 277 1614 dicitur
301 1578 478 1615 habuisse
497 1579 544 1616 ad
566 1578 824 1616 conciliandos
847 1579 967 1630 plebis
988 1581 1135 1616 animos
1156 1593 1261 1622 com„-

139 1642 329 1693 positam:
364 1644 495 1687 Quum,
524 1656 561 1679 se
592 1657 661 1680 non
691 1656 765 1680 rem
797 1657 924 1681 novam
956 1650 1103 1694 petere:
1133 1647 1263 1695 quippe

141 1708 202 1754 qui
218 1718 288 1742 non
308 1709 459 1755 primus,
480 1709 574 1755 quod
592 1710 776 1756 quisquam
796 1710 977 1757 indignari
995 1711 1163 1747 mirarive
1175 1723 1260 1759 pos-

139 1775 204 1812 set,
233 1772 293 1806 sed
322 1773 443 1807 tertius
462 1772 586 1808 Romae
608 1774 816 1820 peregrinus
842 1786 989 1821 regnum
1017 1774 1195 1823 adfectet:
1227 1780 1262 1812 et

148 1835 292 1870 Tatium
309 1847 378 1871 non
397 1847 437 1871 ex
455 1837 643 1884 peregrino
663 1838 790 1879 solum,
810 1838 871 1873 secl
889 1839 998 1874 etiam
1016 1851 1058 1874 ex
1075 1839 1184 1882 hoste,
1204 1852 1261 1875 re-

139 1911 222 1947 gem
240 1899 414 1948 factum:
444 1905 479 1936 et
503 1900 676 1944 Numam,
711 1903 876 1949 ignarum
905 1903 1012 1946 urbis,
1039 1916 1108 1940 non
1137 1909 1262 1953 peten-

143 1969 225 2006 tem,
246 1966 283 2000 in
304 1977 449 2013 regnum
474 1966 569 2002 ultro
591 1967 760 2004 adcitum.
817 1967 879 2010 Se,
899 1979 940 2004 θα·
968 1981 1035 2016 quo
1062 1970 1116 2005 sui
1140 1974 1266 2017 potens

133 2028 266 2078 fiterit,
287 2029 442 2065 Romam
471 2042 550 2066 cum
578 2029 723 2078 conjuge
744 2043 786 2066 ac
803 2030 967 2079 fortunis
995 2033 1153 2069 omnibus
1181 2046 1262 2070 con-

143 2099 337 2144 migrasse:
373 2095 543 2142 majorem
571 2101 713 2144 partem
749 2098 865 2133 (etatis
891 2096 977 2144 ejus,
1008 2110 1078 2146 qua
1107 2098 1265 2135 civilibus

145 2162 269 2209 officiis
293 2161 501 2211 fungantur
528 2161 695 2203 homines,
724 2161 848 2197 Romae
873 2174 922 2205 se,
952 2175 1060 2211 quam
1086 2164 1124 2199 z'n
1150 2168 1265 2199 vetere

141 2230 279 2277 patria,
308 2230 431 2265 vixisse
443 2245 455 2265 .·
490 2228 586 2263 domi
615 2228 820 2275 orziliti-aeque
845 2228 907 2264 sub
936 2228 1033 2265 haud
1063 2230 1265 2277 paenitendo

145 2295 329 2340 magistro,
359 2295 434 2341 ipso
454 2294 554 2328 Anco
582 2304 676 2339 rege,
707 2292 873 2328 Romana
899 2305 935 2328 se
952 2292 1054 2340 jura,
1085 2293 1267 2330 Romanos

146 2360 235 2395 ritus
263 2359 434 2395 didicisse.
493 2357 662 2405 Obsequio
689 2362 724 2392 et
751 2357 969 2395 observantia
996 2360 1032 2395 in
1050 2371 1166 2406 regem
1186 2371 1265 2394 cum

662 2420 742 2457 D3
