1573 2598
291 137 377 184 522
767 142 812 171 Τ.
836 142 969 173 mvn

98 232 143 265 U'.
155 233 193 265 C.
209 229 427 282 ⁴12.procul
446 230 494 268 ab
512 230 624 268 hoste
641 230 768 268 locum
786 233 1032 282 perexiguum
1056 233 1115 280 (ut
1134 233 1284 283 quibus,
1307 248 1402 286 prae·

95 277 138 310 A·
154 278 189 310 C·
208 284 353 332 3‘¹⁰'ter
371 306 502 344 equos,
523 302 735 333 ceterorum
756 295 1019 346 jumentorum
1049 296 1298 348 calonumque
1323 304 1403 339 tur,-

291 355 342 396 ba
361 358 527 406 abesset)
550 359 682 396 castris
698 360 810 410 cepit.
841 360 1067 397 Samnitium
1084 363 1284 406 exercitus,
1300 362 1403 400 velut

290 418 393 459 haud
413 422 491 459 ulla
507 435 616 460 mora
633 435 771 474 pugnae
789 423 919 460 futura
938 432 1050 467 essct,
1080 425 1199 462 aciem
1218 427 1372 463 instruit
1388 441 1398 462 :

288 486 438 530 deinde,
467 493 671 538 postquam
700 500 813 524 nemo
843 487 975 525 obvius
1001 489 1096 534 ibat,
1116 488 1263 526 infestis
1283 491 1400 539 signis

288 549 336 588 ad
354 556 478 588 castra
495 552 663 588 hostium
688 552 877 589 succedit:
909 552 964 590 ibi
991 559 1036 589 ut
1061 553 1221 590 militem
1241 554 1283 590 in
1300 553 1401 591 vallo

287 614 394 658 vidit,
414 614 594 664 missique
612 613 660 651 ab
681 616 786 652 omni
813 622 922 666 parte
947 616 1200 668 exploratum,
1220 630 1334 667 quam
1361 617 1403 655 in

287 679 470 727 exiguum
489 679 621 716 orbem
647 686 845 717 contracta
864 687 987 718 castra
1012 687 1151 724 essent,
1170 682 1403 732 paucitatem

287 745 375 783 inde
393 745 563 782 hostium
585 745 835 795 conligentes,
863 745 1073 783 retulerunt
1088 762 1099 790 3
1130 745 1290 782 fremere
1318 758 1399 782 om-

286 808 345 846 nis
366 810 479 853 acies,
494 809 736 860 complendas
753 822 834 847 esse
847 810 969 847 fossas
989 810 1309 859 scindendumque
1320 809 1400 846 val-

284 871 378 918 lum,
400 880 438 910 et
459 875 499 911 in
528 881 653 911 castra
679 874 997 925 inrumpendum:
1028 880 1337 923 transactumque
1357 886 1402 911 ea

285 939 501 975 temeritate
525 938 667 976 bellum
690 939 805 983 foret,
834 939 875 975 ni
905 939 1018 975 duces
1045 938 1325 975 continuissent
1341 939 1404 975 in-

284 1007 417 1055 petum
435 1002 612 1040 militum.
659 1004 854 1047 Ceterum,
875 1003 964 1053 quia
984 1001 1188 1040 multitudo
1207 1015 1277 1039 sua
1294 1014 1403 1039 com-

282 1067 472 1104 meatibus
493 1069 631 1118 gravis,
658 1075 697 1105 et
725 1069 828 1120 prius
859 1068 1025 1106 sedendo
1044 1068 1091 1104 ad
1110 1066 1341 1112 Suessulam,
1361 1072 1401 1104 et

283 1136 367 1168 tum
395 1134 613 1171 certaminis
642 1146 765 1178 mora,
795 1133 898 1170 haud
922 1131 1058 1185 procul
1085 1131 1134 1169 ab
1162 1144 1288 1169 rerum
1316 1143 1400 1169 om-

282 1196 390 1235 nium
417 1198 550 1250 inopia
577 1207 704 1246 esset3
744 1199 901 1251 placuit,
932 1199 1021 1235 dum
1049 1196 1215 1243 inclusus
1245 1201 1402 1247 paveret

282 1260 420 1307 hostis,
440 1263 714 1301 frumentatum
733 1277 800 1316 per
825 1276 938 1313 agros
965 1262 1126 1300 militem
1155 1261 1268 1297 duci:
1299 1260 1398 1297 inte·

281 1325 356 1362 rim
385 1333 424 1364 et
453 1327 649 1374 Romano,
679 1331 744 1380 qui
776 1329 988 1380 expeditus,
1019 1332 1204 1377 quantum
1230 1324 1398 1362 humeris

281 1389 384 1426 inter
412 1404 516 1429 arma
545 1395 625 1443 geri
653 1400 784 1445 posset
810 1393 1006 1435 frumenti,
1031 1403 1159 1428 secum
1184 1387 1397 1432 adtulisset,

283 1453 458 1493 defutura
488 1459 630 1495 omnia.
688 1457 833 1494 Consul
864 1456 1013 1508 palatos
1046 1467 1114 1506 per
1141 1464 1252 1504 agros
1281 1464 1398 1502 quum

282 1518 438 1556 vidisset
456 1519 601 1564 hostes,
623 1523 809 1558 stationes
838 1521 1097 1569 infrequentes
1117 1517 1284 1560 relictas,
1302 1528 1397 1566 pau-

281 1582 336 1619 cis
356 1583 494 1621 milites
515 1585 754 1629 adhortatus,
775 1585 823 1622 ad
843 1590 967 1622 castra
989 1581 1246 1634 obpugnanda
1264 1579 1395 1616 ducit:

281 1658 367 1692 quan
405 1661 520 1693 quum
557 1651 682 1697 primo
715 1650 880 1687 clamore
910 1656 1024 1698 atque
1057 1648 1191 1697 inpetu
1222 1644 1399 1696 cepisset,

282 1706 454 1760 pluribus
483 1709 653 1744 hostium
683 1711 723 1743 in
753 1715 929 1743 ιειιιυιὶὶο
959 1714 1050 1750 anis,
1073 1723 1188 1757 quam
1211 1711 1253 1743 in
1276 1709 1399 1756 portis

283 1771 473 1821 valloque,
505 1773 626 1816 caesis,
657 1772 767 1821 signa
791 1773 942 1822 captiva
960 1772 1001 1808 in
1020 1783 1139 1808 unum
1157 1770 1285 1808 locum
1304 1783 1398 1808 con-

282 1835 373 1874 ferri
395 1835 539 1887 jussit5
571 1837 787 1887 relictisque
813 1837 958 1873 duabus
981 1835 1196 1886 legionibus
1215 1836 1398 1873 custodiae

283 1906 323 1937 et
351 1902 515 1951 praesidii
545 1914 690 1944 caussa,
719 1901 825 1949 gravi
851 1900 976 1937 edicto
1002 1901 1172 1943 monitis,
1199 1906 1256 1944 ut,
1276 1899 1398 1937 donec

282 1964 364 2014 ipse
390 1965 619 2008 revertisset,
649 1964 776 2015 praeda
805 1964 1064 2009 abstinerent3
1107 1963 1299 2014 profectus
1329 1975 1397 2012 ag-

283 2030 385 2065 mine
415 2029 616 2072 instructo,
638 2041 754 2078 quum
783 2029 997 2079 praemissus
1024 2040 1137 2077 eques
1159 2026 1265 2063 velut
1288 2028 1396 2064 inda-

283 2093 372 2141 gine
401 2092 603 2143 dissipatos
638 2093 826 2128 Samnites
857 2098 1000 2141 ageret,
1032 2091 1172 2128 caedem
1200 2091 1396 2139 ingentem

281 2156 392 2195 fecit:
425 2169 513 2194 nam
532 2169 654 2206 neque
673 2169 749 2207 quo
768 2157 879 2206 signo
899 2156 1046 2193 coirent
1064 2156 1164 2191 inter
1182 2167 1236 2198 se,
1257 2167 1394 2205 neque,

283 2227 410 2258 utrum
431 2229 555 2259 castra
573 2228 760 2274 peterent,
777 2235 826 2258 an
844 2220 1058 2270 longiorem
1074 2220 1315 2257 intenderent
1330 2219 1395 2257 'fu-

284 2297 386 2338 gam,
419 2287 560 2325 territis
593 2293 770 2326 constare
801 2292 966 2341 poterat,
1020 2284 1263 2336 Tantumque
1291 2283 1393 2335 fuga
