1573 2598
448 192 604 222 mmm
627 192 685 221 11.
717 190 974 222 CAr.1,V11.
1187 188 1266 233 159

152 277 327 316 diendam
351 277 474 328 legem
494 280 533 317 in
554 280 738 317 concione
760 280 986 317 consistunt.
1043 278 1262 316 submoveri
1277 279 1320 311 U·
1339 280 1376 312 C.
1391 285 1467 313 20³.

152 342 340 380 Laetorius
363 341 489 394 jubet,
516 350 763 394 praeterquam
791 345 854 393 qui
878 344 1095 392 suffragium
1123 343 1265 379 ineant.
1276 325 1318 356 A·
1334 325 1464 358 0:469.

152 406 423 443 Adolescentes
442 407 588 444 nobiles
609 407 775 450 stabant,
796 407 890 443 nihil
911 408 1085 443 cedentes
1103 406 1263 442 viatori:

151 478 232 508 tum
253 484 299 508 ex
317 472 375 508 his
395 473 575 523 prehendi
595 473 776 522 quosdam
798 473 987 509 Laetorius
1001 471 1126 523 jubet.
1161 472 1265 509 Con-

151 533 209 570 sul
233 535 379 584 Appius
405 547 558 583 negare,
581 534 646 585 jus
673 547 754 571 esse
779 536 934 572 tribuno
962 537 1000 571 in
1023 547 1264 585 quemquam,

147 599 222 635 nisi
258 600 297 635 in
333 598 532 649 plebeium.
588 599 680 636 Non
709 602 811 637 enim
846 601 992 651 populi,
1027 601 1091 638 sed
1126 600 1262 651 plebis,

149 678 233 703 eum
254 666 516 714 magistratum
535 679 638 702 esse:
670 679 740 703 nec
763 665 867 703 illum
891 668 1012 717 ipsum
1039 667 1263 703 submovere

147 741 218 780 pro
238 729 397 779 imperio
416 742 527 779 posse
546 742 651 766 more
669 729 856 780 majorum
871 746 882 776 3
915 731 1003 779 quia
1022 731 1075 766 ita
1093 730 1259 766 dicatur:

149 796 191 833 Si
214 797 308 833 vobis
334 798 487 838 videtur,
515 798 695 839 discedite,
726 797 891 838 Quirites.
948 795 1075 831 Facile
1104 800 1142 831 et
1170 806 1264 830 con-

146 860 296 895 temtim
316 859 361 896 de
373 858 461 909 jure
481 859 697 895 disserendo
720 858 942 909 perturbare
961 858 1171 895 Laetorium
1193 869 1264 906 po-

147 932 258 962 terat.
305 925 453 964 Ardens
473 925 590 973 igitur
608 924 665 960 ira
682 923 856 960 tribunus
877 923 1061 959 viatorem
1080 922 1198 959 mittit
1217 921 1264 958 ad

149 988 365 1025 consulem:
399 987 529 1024 consul
558 987 731 1023 lictorem
760 987 807 1023 ad
835 986 1044 1027 tribunum,
1074 985 1263 1035 privatum

149 1063 230 1087 esse
256 1050 468 1092 clamitans,
492 1051 572 1086 sine
596 1051 770 1100 imperio,
795 1051 875 1085 sine
901 1050 1124 1097 magistratu
1138 1063 1149 1093 ;
1180 1047 1263 1083 vio-

149 1114 322 1158 latusque
350 1122 449 1152 esset
475 1116 664 1158 tribunus,
695 1117 734 1152 ni
764 1122 801 1152 et
830 1116 965 1152 concio
995 1115 1119 1152 omnis
1153 1119 1264 1151 atrox

149 1187 282 1217 coorta
306 1193 375 1230 pro
397 1181 552 1216 tribuno
572 1183 609 1217 in
630 1181 823 1217 consulem
844 1187 967 1227 esset3
1001 1188 1038 1217 et
1057 1194 1262 1218 concursus

147 1241 346 1278 hominum
368 1243 407 1279 in
432 1243 557 1279 forum
585 1256 629 1279 ex
655 1250 740 1280 tota
761 1244 851 1280 urbe
870 1244 1069 1280 concitatae
1088 1243 1262 1279 multitu-

146 1305 244 1341 dinis
282 1304 399 1341 fieret.
456 1306 676 1343 Sustinebat
710 1313 838 1342 tamen
869 1307 1016 1358 Appius
1053 1307 1263 1356 pertinacia

147 1373 293 1404 tantam
322 1375 612 1418 tempestatem:
645 1377 904 1419 certatumque
931 1370 1032 1406 haud
1061 1370 1262 1405 incruento

148 1430 284 1480 proelio
312 1430 425 1474 foret,
455 1433 494 1468 ni
517 1433 733 1477 Quinctius,
760 1433 894 1469 consul
921 1433 1029 1476 alter,
1052 1431 1262 1469 consulari-

147 1492 218 1529 bus
238 1495 394 1542 negotio
414 1495 518 1538 dato,
539 1503 579 1531 ut
599 1495 784 1544 collegam
804 1497 854 1540 vi,
878 1497 907 1532 si
931 1497 1040 1532 aliter
1064 1509 1142 1532 non
1171 1508 1262 1545 pos-

146 1563 244 1600 sent,
265 1557 310 1593 de
328 1557 413 1594 foro
433 1558 676 1602 abducerent,
703 1560 783 1610 ipse
804 1572 906 1596 nunc
933 1559 1082 1609 plebem
1105 1560 1263 1595 saevien-

147 1625 224 1657 tem
243 1621 416 1671 precibus
436 1621 603 1666 lenisset,
620 1634 721 1658 nunc
741 1629 886 1660 orasset
903 1623 1091 1666 tribunos,
1109 1628 1150 1657 ut
1169 1618 1262 1661 con·

148 1686 276 1722 cilium
312 1686 557 1722 dimitterent.
614 1686 760 1722 Darent
793 1689 855 1722 z'roe
885 1689 1065 1735 spatium:
1092 1701 1161 1725 non
1190 1691 1264 1724 vim

147 1762 248 1787 suam
280 1750 352 1785 illis
381 1754 516 1796 tempus
548 1750 799 1786 ademturum:
834 1752 895 1786 sed
922 1753 1106 1788 consilium
1136 1757 1266 1791 viribus

148 1814 382 1849 additurum:
412 1816 447 1847 et
467 1812 596 1847 Patres
624 1814 661 1847 in
685 1814 826 1861 populi,
857 1818 892 1850 et
919 1816 1091 1852 consulem
1122 1818 1159 1852 in
1188 1818 1265 1854 Pa,

148 1881 242 1912 trum
249 1874 338 1923 fore
351 1879 538 1922 potestate.

200 1936 328 1974 LVII.
365 1936 487 1985 AEgre
524 1937 653 1974 sedata
685 1937 733 1974 ab
766 1939 951 1979 Quinctio
985 1940 1106 1991 plebs,
1144 1942 1267 1979 multo

149 2001 284 2049 aegrius
318 2000 451 2036 consul
483 2000 579 2036 alter
611 2013 633 2036 a
660 2000 851 2039 Patribus,
906 2003 1077 2040 Dimisso
1113 2007 1267 2044 tandem

150 2063 312 2100 concilio
331 2062 467 2113 plebis,
488 2071 661 2100 senatum
681 2064 854 2101 consules
875 2066 1036 2103 habent:
1067 2068 1131 2104 ubi
1151 2081 1267 2118 quum

149 2125 266 2162 timor
291 2132 404 2175 atque
425 2126 482 2162 ira
500 2127 539 2162 in
559 2129 678 2164 vicem
698 2129 904 2165 sententias
924 2131 1132 2165 variassent
1147 2146 1158 2176 5
1191 2143 1268 2179 quo

150 2190 286 2236 magis,
316 2190 441 2238 spatio
470 2190 712 2240 interposito,
737 2193 784 2227 ab
813 2192 945 2241 inpetu
974 2193 1021 2228 ad
1049 2195 1268 2229 consultan-

150 2255 249 2301 dum·
274 2256 570 2301 advocabantur,
601 2269 647 2294 eo
676 2257 762 2308 plus
798 2257 1058 2294 abhorrebant
1093 2271 1116 2293 a
1148 2265 1269 2303 certa-

146 2322 255 2361 tione
273 2322 411 2361 animi:
439 2323 534 2362 adeo
554 2330 597 2362 ut
615 2323 801 2366 Quinctio
820 2324 960 2375 gratias
980 2330 1151 2373 agerent,
1166 2325 1272 2374 quod
