<?xml version="1.0" encoding="UTF-8"?>
<!DOCTYPE html PUBLIC "-//W3C//DTD XHTML 1.0 Transitional//EN"
    "http://www.w3.org/TR/xhtml1/DTD/xhtml1-transitional.dtd">
<html xmlns="http://www.w3.org/1999/xhtml" xml:lang="en" lang="en">
 <head>
  <title>
</title>
<meta http-equiv="Content-Type" content="text/html;charset=utf-8" />
  <meta name='ocr-system' content='tesseract 3.04.00' />
  <meta name='ocr-capabilities' content='ocr_page ocr_carea ocr_par ocr_line ocrx_word'/>
</head>
<body>
  <div class='ocr_page' id='page_1' title='image "./historiarumquaes01livyuoft/historiarumquaes01livyuoft_0225.png"; bbox 0 0 1573 2598; ppageno 0'>
   <div class='ocr_carea' id='block_1_1' title="bbox 304 189 1186 233">
    <p class='ocr_par' dir='ltr' id='par_1_1' title="bbox 304 189 1186 233">
     <span class='ocr_line' id='line_1_1' title="bbox 304 189 1186 233; baseline -0.003 -12"><span class='ocrx_word' id='word_1_1' title='bbox 304 191 459 221; x_wconf 79' lang='lat' dir='ltr'>LIBER</span> <span class='ocrx_word' id='word_1_2' title='bbox 482 191 565 220; x_wconf 88' lang='lat'>111.</span> <span class='ocrx_word' id='word_1_3' title='bbox 597 189 706 218; x_wconf 71' lang='lat' dir='ltr'>cAP.</span> <span class='ocrx_word' id='word_1_4' title='bbox 727 189 911 219; x_wconf 78' lang='lat' dir='ltr'>XXXVI.</span> <span class='ocrx_word' id='word_1_5' title='bbox 1086 189 1186 233; x_wconf 51' lang='grc' dir='ltr'>213ς</span> 
     </span>
    </p>
   </div>
   <div class='ocr_carea' id='block_1_2' title="bbox 52 275 1380 2382">
    <p class='ocr_par' dir='ltr' id='par_1_2' title="bbox 52 275 1373 578">
     <span class='ocr_line' id='line_1_2' title="bbox 53 275 1373 329; baseline -0.005 -9"><span class='ocrx_word' id='word_1_6' title='bbox 53 281 142 320; x_wconf 75' lang='lat' dir='ltr'>Idus</span> <span class='ocrx_word' id='word_1_7' title='bbox 171 280 297 318; x_wconf 82' lang='lat' dir='ltr'>Maias</span> <span class='ocrx_word' id='word_1_8' title='bbox 327 292 406 316; x_wconf 85' lang='lat' dir='ltr'>rem</span> <span class='ocrx_word' id='word_1_9' title='bbox 437 277 656 329; x_wconf 86' lang='lat' dir='ltr'>perduxere.</span> <span class='ocrx_word' id='word_1_10' title='bbox 712 276 801 312; x_wconf 89' lang='lat' dir='ltr'>Idus</span> <span class='ocrx_word' id='word_1_11' title='bbox 830 282 914 313; x_wconf 89' lang='lat' dir='ltr'>tum</span> <span class='ocrx_word' id='word_1_12' title='bbox 939 275 1057 314; x_wconf 78' lang='lat' dir='ltr'>Maiae</span> <span class='ocrx_word' id='word_1_13' title='bbox 1092 276 1169 314; x_wconf 79' lang='lat' dir='ltr'>sol·</span> <span class='ocrx_word' id='word_1_14' title='bbox 1183 282 1225 312; x_wconf 88' lang='lat' dir='ltr'>U.</span> <span class='ocrx_word' id='word_1_15' title='bbox 1243 282 1373 315; x_wconf 54' lang='grc' dir='ltr'>(λεῖοι.</span> 
     </span>
     <span class='ocr_line' id='line_1_3' title="bbox 52 325 1369 400; baseline -0.005 -17"><span class='ocrx_word' id='word_1_16' title='bbox 52 346 195 383; x_wconf 87' lang='lat' dir='ltr'>lemnes</span> <span class='ocrx_word' id='word_1_17' title='bbox 226 344 398 382; x_wconf 86' lang='lat' dir='ltr'>ineundis</span> <span class='ocrx_word' id='word_1_18' title='bbox 427 340 710 392; x_wconf 84' lang='lat' dir='ltr'>magistratibus</span> <span class='ocrx_word' id='word_1_19' title='bbox 738 347 858 378; x_wconf 84' lang='lat' dir='ltr'>erant.</span> <span class='ocrx_word' id='word_1_20' title='bbox 916 341 1034 378; x_wconf 86' lang='lat' dir='ltr'>Initio</span> <span class='ocrx_word' id='word_1_21' title='bbox 1054 342 1171 391; x_wconf 78' lang='lat' dir='ltr'>igitur</span> <span class='ocrx_word' id='word_1_22' title='bbox 1182 325 1369 400; x_wconf 39' lang='lat'>{355⁶}</span> 
     </span>
     <span class='ocr_line' id='line_1_4' title="bbox 54 405 1369 458; baseline -0.003 -11"><span class='ocrx_word' id='word_1_23' title='bbox 54 411 298 458; x_wconf 80' lang='lat' dir='ltr'><strong>magistratus</strong></span> <span class='ocrx_word' id='word_1_24' title='bbox 319 408 480 458; x_wconf 87' lang='lat' dir='ltr'>primum</span> <span class='ocrx_word' id='word_1_25' title='bbox 505 405 661 442; x_wconf 89' lang='lat' dir='ltr'>honoris</span> <span class='ocrx_word' id='word_1_26' title='bbox 682 405 781 441; x_wconf 80' lang='lat' dir='ltr'>diem</span> <span class='ocrx_word' id='word_1_27' title='bbox 801 405 1094 442; x_wconf 80' lang='lat' dir='ltr'>denunciatione</span> <span class='ocrx_word' id='word_1_28' title='bbox 1111 405 1170 441; x_wconf 89' lang='lat' dir='ltr'>in-</span> <span class='ocrx_word' id='word_1_29' title='bbox 1185 421 1293 442; x_wconf 85' lang='lat' dir='ltr'>rorum</span> <span class='ocrx_word' id='word_1_30' title='bbox 1310 421 1369 443; x_wconf 88' lang='lat' dir='ltr'>an·</span> 
     </span>
     <span class='ocr_line' id='line_1_5' title="bbox 57 454 1308 524; baseline -0.004 -14"><span class='ocrx_word' id='word_1_31' title='bbox 57 474 181 524; x_wconf 87' lang='lat' dir='ltr'>gentis</span> <span class='ocrx_word' id='word_1_32' title='bbox 201 472 354 509; x_wconf 87' lang='lat' dir='ltr'>terroris</span> <span class='ocrx_word' id='word_1_33' title='bbox 374 471 562 520; x_wconf 86' lang='lat' dir='ltr'>insignem</span> <span class='ocrx_word' id='word_1_34' title='bbox 579 468 703 506; x_wconf 87' lang='lat' dir='ltr'>fecere</span> <span class='ocrx_word' id='word_1_35' title='bbox 722 483 730 503; x_wconf 72' lang='grc' dir='ltr'>ε</span> <span class='ocrx_word' id='word_1_36' title='bbox 762 482 850 505; x_wconf 87' lang='lat' dir='ltr'>nam</span> <span class='ocrx_word' id='word_1_37' title='bbox 873 483 988 518; x_wconf 87' lang='lat' dir='ltr'>quum</span> <span class='ocrx_word' id='word_1_38' title='bbox 1013 470 1067 506; x_wconf 87' lang='lat' dir='ltr'>ita</span> <span class='ocrx_word' id='word_1_39' title='bbox 1094 469 1172 520; x_wconf 89' lang='lat' dir='ltr'>pri·</span> <span class='ocrx_word' id='word_1_40' title='bbox 1183 463 1246 487; x_wconf 69' lang='lat'>”¹¹⁵</span> <span class='ocrx_word' id='word_1_41' title='bbox 1262 454 1308 488; x_wconf 69' lang='lat' dir='ltr'>n·</span> 
     </span>
     <span class='ocr_line' id='line_1_6' title="bbox 59 532 1174 578; baseline -0.004 -4"><span class='ocrx_word' id='word_1_42' title='bbox 59 550 142 575; x_wconf 88' lang='lat' dir='ltr'>ores</span> <span class='ocrx_word' id='word_1_43' title='bbox 174 535 372 573; x_wconf 84' lang='lat' dir='ltr'>decemviri</span> <span class='ocrx_word' id='word_1_44' title='bbox 400 538 626 576; x_wconf 86' lang='lat' dir='ltr'>servassent,</span> <span class='ocrx_word' id='word_1_45' title='bbox 656 538 700 568; x_wconf 87' lang='lat' dir='ltr'>ut</span> <span class='ocrx_word' id='word_1_46' title='bbox 728 545 823 568; x_wconf 90' lang='lat' dir='ltr'>unus</span> <span class='ocrx_word' id='word_1_47' title='bbox 852 532 972 569; x_wconf 83' lang='lat' dir='ltr'>fasces</span> <span class='ocrx_word' id='word_1_48' title='bbox 1001 533 1174 578; x_wconf 88' lang='lat' dir='ltr'>haberet,</span> 
     </span>
    </p>

    <p class='ocr_par' dir='ltr' id='par_1_3' title="bbox 60 597 1178 650">
     <span class='ocr_line' id='line_1_7' title="bbox 60 597 1178 650; baseline -0.004 -10"><span class='ocrx_word' id='word_1_49' title='bbox 60 609 100 640; x_wconf 88' lang='lat' dir='ltr'>et</span> <span class='ocrx_word' id='word_1_50' title='bbox 126 603 200 639; x_wconf 88' lang='lat' dir='ltr'>hoc</span> <span class='ocrx_word' id='word_1_51' title='bbox 227 602 375 650; x_wconf 85' lang='lat' dir='ltr'>insigne</span> <span class='ocrx_word' id='word_1_52' title='bbox 399 600 546 648; x_wconf 87' lang='lat' dir='ltr'>regium</span> <span class='ocrx_word' id='word_1_53' title='bbox 568 597 608 634; x_wconf 87' lang='lat' dir='ltr'>in</span> <span class='ocrx_word' id='word_1_54' title='bbox 627 597 773 641; x_wconf 85' lang='lat' dir='ltr'>orbem,</span> <span class='ocrx_word' id='word_1_55' title='bbox 792 610 901 635; x_wconf 85' lang='lat' dir='ltr'>suam</span> <span class='ocrx_word' id='word_1_56' title='bbox 920 598 1102 649; x_wconf 89' lang='lat' dir='ltr'>cujusque</span> <span class='ocrx_word' id='word_1_57' title='bbox 1120 600 1178 636; x_wconf 90' lang='lat' dir='ltr'>vi-</span> 
     </span>
    </p>

    <p class='ocr_par' dir='ltr' id='par_1_4' title="bbox 59 663 1178 717">
     <span class='ocr_line' id='line_1_8' title="bbox 59 663 1178 717; baseline -0.003 -12"><span class='ocrx_word' id='word_1_58' title='bbox 59 680 157 710; x_wconf 84' lang='lat' dir='ltr'>cem,</span> <span class='ocrx_word' id='word_1_59' title='bbox 187 680 254 717; x_wconf 91' lang='lat' dir='ltr'>per</span> <span class='ocrx_word' id='word_1_60' title='bbox 282 676 411 702; x_wconf 89' lang='lat' dir='ltr'>omnes</span> <span class='ocrx_word' id='word_1_61' title='bbox 445 664 531 707; x_wconf 90' lang='lat' dir='ltr'>iret,</span> <span class='ocrx_word' id='word_1_62' title='bbox 561 663 689 700; x_wconf 88' lang='lat' dir='ltr'>subito</span> <span class='ocrx_word' id='word_1_63' title='bbox 719 676 849 700; x_wconf 88' lang='lat' dir='ltr'>omnes</span> <span class='ocrx_word' id='word_1_64' title='bbox 880 677 966 700; x_wconf 91' lang='lat' dir='ltr'>cum</span> <span class='ocrx_word' id='word_1_65' title='bbox 994 665 1178 702; x_wconf 86' lang='lat' dir='ltr'>duodenis</span> 
     </span>
    </p>

    <p class='ocr_par' dir='ltr' id='par_1_5' title="bbox 62 727 1380 969">
     <span class='ocr_line' id='line_1_9' title="bbox 62 727 1363 780; baseline -0.002 -12"><span class='ocrx_word' id='word_1_66' title='bbox 62 730 227 769; x_wconf 86' lang='lat' dir='ltr'>fascibus</span> <span class='ocrx_word' id='word_1_67' title='bbox 264 729 448 780; x_wconf 88' lang='lat' dir='ltr'>prodiere.</span> <span class='ocrx_word' id='word_1_68' title='bbox 507 727 672 764; x_wconf 85' lang='lat' dir='ltr'>Centum</span> <span class='ocrx_word' id='word_1_69' title='bbox 699 727 834 776; x_wconf 87' lang='lat' dir='ltr'>viginti</span> <span class='ocrx_word' id='word_1_70' title='bbox 872 728 1024 765; x_wconf 82' lang='lat' dir='ltr'>lictores</span> <span class='ocrx_word' id='word_1_71' title='bbox 1053 729 1179 766; x_wconf 89' lang='lat' dir='ltr'>forum</span> <span class='ocrx_word' id='word_1_72' title='bbox 1192 727 1363 777; x_wconf 74' lang='lat' dir='ltr'>Decemyi-</span> 
     </span>
     <span class='ocr_line' id='line_1_10' title="bbox 62 779 1380 846; baseline -0.002 -14"><span class='ocrx_word' id='word_1_73' title='bbox 62 795 312 846; x_wconf 82' lang='lat' dir='ltr'>inpleverant,</span> <span class='ocrx_word' id='word_1_74' title='bbox 346 800 384 829; x_wconf 90' lang='lat' dir='ltr'>et</span> <span class='ocrx_word' id='word_1_75' title='bbox 412 791 577 828; x_wconf 82' lang='lat' dir='ltr'>fascibus</span> <span class='ocrx_word' id='word_1_76' title='bbox 611 804 759 829; x_wconf 89' lang='lat' dir='ltr'>secures</span> <span class='ocrx_word' id='word_1_77' title='bbox 792 792 970 842; x_wconf 84' lang='lat' dir='ltr'>inligatas</span> <span class='ocrx_word' id='word_1_78' title='bbox 1003 793 1179 843; x_wconf 85' lang='lat' dir='ltr'>praefere-</span> <span class='ocrx_word' id='word_1_79' title='bbox 1190 779 1380 845; x_wconf 48' lang='grc' dir='ltr'>ἑζῖἓῐῗζίἑῃέῑ</span> 
     </span>
     <span class='ocr_line' id='line_1_11' title="bbox 62 855 1351 907; baseline -0.002 -11"><span class='ocrx_word' id='word_1_80' title='bbox 62 859 180 896; x_wconf 85' lang='lat' dir='ltr'>bant:</span> <span class='ocrx_word' id='word_1_81' title='bbox 211 871 281 895; x_wconf 90' lang='lat' dir='ltr'>nec</span> <span class='ocrx_word' id='word_1_82' title='bbox 301 857 507 894; x_wconf 86' lang='lat' dir='ltr'>adtinuisse</span> <span class='ocrx_word' id='word_1_83' title='bbox 527 855 626 892; x_wconf 86' lang='lat' dir='ltr'>demi</span> <span class='ocrx_word' id='word_1_84' title='bbox 650 856 825 899; x_wconf 84' lang='lat' dir='ltr'>securim,</span> <span class='ocrx_word' id='word_1_85' title='bbox 846 869 961 905; x_wconf 91' lang='lat' dir='ltr'>quum</span> <span class='ocrx_word' id='word_1_86' title='bbox 987 858 1068 893; x_wconf 88' lang='lat' dir='ltr'>sine</span> <span class='ocrx_word' id='word_1_87' title='bbox 1093 870 1182 907; x_wconf 91' lang='lat' dir='ltr'>pro·</span> <span class='ocrx_word' id='word_1_88' title='bbox 1196 856 1351 899; x_wconf 82' lang='lat' dir='ltr'>tyrannis.</span> 
     </span>
     <span class='ocr_line' id='line_1_12' title="bbox 64 919 1187 969; baseline -0.001 -9"><span class='ocrx_word' id='word_1_89' title='bbox 64 922 266 960; x_wconf 87' lang='lat' dir='ltr'>vocatione</span> <span class='ocrx_word' id='word_1_90' title='bbox 295 921 412 957; x_wconf 85' lang='lat' dir='ltr'>creati</span> <span class='ocrx_word' id='word_1_91' title='bbox 448 925 587 962; x_wconf 89' lang='lat' dir='ltr'>essent,</span> <span class='ocrx_word' id='word_1_92' title='bbox 623 919 983 969; x_wconf 81' lang='lat' dir='ltr'>interpretabantur.</span> <span class='ocrx_word' id='word_1_93' title='bbox 1039 920 1187 959; x_wconf 87' lang='lat' dir='ltr'>Decem</span> 
     </span>
    </p>

    <p class='ocr_par' dir='ltr' id='par_1_6' title="bbox 67 982 1187 1036">
     <span class='ocr_line' id='line_1_13' title="bbox 67 982 1187 1036; baseline -0.002 -13"><span class='ocrx_word' id='word_1_94' title='bbox 67 999 199 1036; x_wconf 87' lang='lat' dir='ltr'>regum</span> <span class='ocrx_word' id='word_1_95' title='bbox 218 985 359 1035; x_wconf 88' lang='lat' dir='ltr'>species</span> <span class='ocrx_word' id='word_1_96' title='bbox 383 989 478 1026; x_wconf 88' lang='lat' dir='ltr'>erat,</span> <span class='ocrx_word' id='word_1_97' title='bbox 498 982 846 1033; x_wconf 82' lang='lat' dir='ltr'>multiplicatusque</span> <span class='ocrx_word' id='word_1_98' title='bbox 869 990 992 1020; x_wconf 88' lang='lat' dir='ltr'>terror</span> <span class='ocrx_word' id='word_1_99' title='bbox 1019 997 1099 1022; x_wconf 88' lang='lat' dir='ltr'>non</span> <span class='ocrx_word' id='word_1_100' title='bbox 1127 985 1187 1021; x_wconf 88' lang='lat' dir='ltr'>in-</span> 
     </span>
    </p>

    <p class='ocr_par' dir='ltr' id='par_1_7' title="bbox 70 1046 1190 1227">
     <span class='ocr_line' id='line_1_14' title="bbox 70 1046 1187 1096; baseline -0.003 -8"><span class='ocrx_word' id='word_1_101' title='bbox 70 1050 166 1088; x_wconf 87' lang='lat' dir='ltr'>fimis</span> <span class='ocrx_word' id='word_1_102' title='bbox 203 1048 340 1091; x_wconf 88' lang='lat' dir='ltr'>solum,</span> <span class='ocrx_word' id='word_1_103' title='bbox 374 1046 438 1083; x_wconf 90' lang='lat' dir='ltr'>sed</span> <span class='ocrx_word' id='word_1_104' title='bbox 473 1046 700 1096; x_wconf 88' lang='lat' dir='ltr'>primoribus</span> <span class='ocrx_word' id='word_1_105' title='bbox 738 1046 909 1090; x_wconf 87' lang='lat' dir='ltr'>Patrum,</span> <span class='ocrx_word' id='word_1_106' title='bbox 947 1048 1038 1084; x_wconf 86' lang='lat' dir='ltr'>ratis</span> <span class='ocrx_word' id='word_1_107' title='bbox 1075 1049 1187 1085; x_wconf 87' lang='lat' dir='ltr'>caedis</span> 
     </span>
     <span class='ocr_line' id='line_1_15' title="bbox 71 1111 1189 1161; baseline -0.001 -10"><span class='ocrx_word' id='word_1_108' title='bbox 71 1126 243 1151; x_wconf 86' lang='lat' dir='ltr'>caussam</span> <span class='ocrx_word' id='word_1_109' title='bbox 262 1125 305 1148; x_wconf 91' lang='lat' dir='ltr'>ac</span> <span class='ocrx_word' id='word_1_110' title='bbox 330 1112 558 1161; x_wconf 88' lang='lat' dir='ltr'>principium</span> <span class='ocrx_word' id='word_1_111' title='bbox 577 1111 692 1160; x_wconf 82' lang='lat' dir='ltr'>quaeri</span> <span class='ocrx_word' id='word_1_112' title='bbox 712 1125 719 1146; x_wconf 90' lang='lat'>:</span> <span class='ocrx_word' id='word_1_113' title='bbox 751 1117 807 1155; x_wconf 85' lang='lat' dir='ltr'>ut,</span> <span class='ocrx_word' id='word_1_114' title='bbox 829 1112 860 1147; x_wconf 90' lang='lat' dir='ltr'>si</span> <span class='ocrx_word' id='word_1_115' title='bbox 880 1113 961 1161; x_wconf 92' lang='lat' dir='ltr'>quis</span> <span class='ocrx_word' id='word_1_116' title='bbox 983 1125 1189 1150; x_wconf 86' lang='lat' dir='ltr'>memorem</span> 
     </span>
     <span class='ocr_line' id='line_1_16' title="bbox 71 1176 1190 1227; baseline 0 -13"><span class='ocrx_word' id='word_1_117' title='bbox 71 1177 257 1214; x_wconf 87' lang='lat' dir='ltr'>libertatis</span> <span class='ocrx_word' id='word_1_118' title='bbox 286 1189 418 1213; x_wconf 88' lang='lat' dir='ltr'>vocem</span> <span class='ocrx_word' id='word_1_119' title='bbox 448 1182 513 1211; x_wconf 86' lang='lat' dir='ltr'>aut</span> <span class='ocrx_word' id='word_1_120' title='bbox 541 1176 579 1211; x_wconf 92' lang='lat' dir='ltr'>in</span> <span class='ocrx_word' id='word_1_121' title='bbox 610 1182 744 1212; x_wconf 84' lang='lat' dir='ltr'>senatu</span> <span class='ocrx_word' id='word_1_122' title='bbox 774 1183 839 1212; x_wconf 88' lang='lat' dir='ltr'>aut</span> <span class='ocrx_word' id='word_1_123' title='bbox 871 1177 909 1212; x_wconf 91' lang='lat' dir='ltr'>in</span> <span class='ocrx_word' id='word_1_124' title='bbox 947 1177 1089 1227; x_wconf 91' lang='lat' dir='ltr'>populo</span> <span class='ocrx_word' id='word_1_125' title='bbox 1119 1179 1190 1214; x_wconf 88' lang='lat' dir='ltr'>mi-</span> 
     </span>
    </p>

    <p class='ocr_par' dir='ltr' id='par_1_8' title="bbox 72 1241 1192 1289">
     <span class='ocr_line' id='line_1_17' title="bbox 72 1241 1192 1289; baseline 0.001 -11"><span class='ocrx_word' id='word_1_126' title='bbox 72 1243 196 1285; x_wconf 80' lang='lat' dir='ltr'>sisset,</span> <span class='ocrx_word' id='word_1_127' title='bbox 221 1241 350 1277; x_wconf 87' lang='lat' dir='ltr'>statim</span> <span class='ocrx_word' id='word_1_128' title='bbox 368 1241 483 1288; x_wconf 86' lang='lat' dir='ltr'>virgae</span> <span class='ocrx_word' id='word_1_129' title='bbox 511 1252 735 1289; x_wconf 86' lang='lat' dir='ltr'>securesque</span> <span class='ocrx_word' id='word_1_130' title='bbox 760 1241 872 1276; x_wconf 88' lang='lat' dir='ltr'>etiam</span> <span class='ocrx_word' id='word_1_131' title='bbox 904 1241 950 1277; x_wconf 88' lang='lat' dir='ltr'>ad</span> <span class='ocrx_word' id='word_1_132' title='bbox 980 1248 1192 1279; x_wconf 86' lang='lat' dir='ltr'>ceterorum</span> 
     </span>
    </p>

    <p class='ocr_par' dir='ltr' id='par_1_9' title="bbox 74 1303 1195 1355">
     <span class='ocr_line' id='line_1_18' title="bbox 74 1303 1195 1355; baseline 0 -12"><span class='ocrx_word' id='word_1_133' title='bbox 74 1311 219 1343; x_wconf 89' lang='lat' dir='ltr'>metum</span> <span class='ocrx_word' id='word_1_134' title='bbox 248 1304 525 1355; x_wconf 86' lang='lat' dir='ltr'>expedirentm·.</span> <span class='ocrx_word' id='word_1_135' title='bbox 582 1303 699 1347; x_wconf 90' lang='lat' dir='ltr'>Nam,</span> <span class='ocrx_word' id='word_1_136' title='bbox 737 1310 988 1354; x_wconf 76' lang='lat' dir='ltr'>praeterquam</span> <span class='ocrx_word' id='word_1_137' title='bbox 1017 1307 1119 1355; x_wconf 91' lang='lat' dir='ltr'>quod</span> <span class='ocrx_word' id='word_1_138' title='bbox 1155 1307 1195 1343; x_wconf 90' lang='lat' dir='ltr'>in</span> 
     </span>
    </p>

    <p class='ocr_par' dir='ltr' id='par_1_10' title="bbox 77 1368 1198 1484">
     <span class='ocr_line' id='line_1_19' title="bbox 77 1368 1196 1421; baseline 0.001 -15"><span class='ocrx_word' id='word_1_139' title='bbox 77 1369 220 1421; x_wconf 86' lang='lat' dir='ltr'>populo</span> <span class='ocrx_word' id='word_1_140' title='bbox 238 1369 336 1405; x_wconf 88' lang='lat' dir='ltr'>nihil</span> <span class='ocrx_word' id='word_1_141' title='bbox 354 1374 434 1405; x_wconf 89' lang='lat' dir='ltr'>erat</span> <span class='ocrx_word' id='word_1_142' title='bbox 458 1369 636 1418; x_wconf 83' lang='lat' dir='ltr'>praesidii,</span> <span class='ocrx_word' id='word_1_143' title='bbox 657 1368 808 1405; x_wconf 84' lang='lat' dir='ltr'>sublata</span> <span class='ocrx_word' id='word_1_144' title='bbox 830 1371 1116 1419; x_wconf 82' lang='lat' dir='ltr'>provocatione,</span> <span class='ocrx_word' id='word_1_145' title='bbox 1137 1371 1196 1407; x_wconf 91' lang='lat' dir='ltr'>in-</span> 
     </span>
     <span class='ocr_line' id='line_1_20' title="bbox 78 1434 1198 1484; baseline 0.001 -13"><span class='ocrx_word' id='word_1_146' title='bbox 78 1435 348 1471; x_wconf 85' lang='lat' dir='ltr'>tercessionem</span> <span class='ocrx_word' id='word_1_147' title='bbox 384 1446 534 1482; x_wconf 92' lang='lat' dir='ltr'>quoque</span> <span class='ocrx_word' id='word_1_148' title='bbox 563 1445 751 1469; x_wconf 87' lang='lat' dir='ltr'>consensu</span> <span class='ocrx_word' id='word_1_149' title='bbox 788 1434 1045 1471; x_wconf 87' lang='lat' dir='ltr'>sustulerant:</span> <span class='ocrx_word' id='word_1_150' title='bbox 1082 1447 1198 1484; x_wconf 91' lang='lat' dir='ltr'>quum</span> 
     </span>
    </p>

    <p class='ocr_par' dir='ltr' id='par_1_11' title="bbox 80 1498 1199 1551">
     <span class='ocr_line' id='line_1_21' title="bbox 80 1498 1199 1551; baseline 0.001 -14"><span class='ocrx_word' id='word_1_151' title='bbox 80 1501 224 1551; x_wconf 83' lang='lat' dir='ltr'>priores</span> <span class='ocrx_word' id='word_1_152' title='bbox 253 1499 451 1536; x_wconf 84' lang='lat' dir='ltr'>decemviri</span> <span class='ocrx_word' id='word_1_153' title='bbox 480 1498 734 1548; x_wconf 89' lang='lat' dir='ltr'>adpellatione</span> <span class='ocrx_word' id='word_1_154' title='bbox 763 1498 917 1548; x_wconf 86' lang='lat' dir='ltr'>collegae</span> <span class='ocrx_word' id='word_1_155' title='bbox 948 1501 1087 1549; x_wconf 83' lang='lat' dir='ltr'>corrigi</span> <span class='ocrx_word' id='word_1_156' title='bbox 1115 1501 1199 1538; x_wconf 86' lang='lat' dir='ltr'>red-</span> 
     </span>
    </p>

    <p class='ocr_par' dir='ltr' id='par_1_12' title="bbox 84 1563 1203 1616">
     <span class='ocr_line' id='line_1_22' title="bbox 84 1563 1203 1616; baseline 0.001 -15"><span class='ocrx_word' id='word_1_157' title='bbox 84 1565 164 1602; x_wconf 86' lang='lat' dir='ltr'>dita</span> <span class='ocrx_word' id='word_1_158' title='bbox 185 1564 232 1601; x_wconf 90' lang='lat' dir='ltr'>ab</span> <span class='ocrx_word' id='word_1_159' title='bbox 259 1577 298 1600; x_wconf 91' lang='lat' dir='ltr'>se</span> <span class='ocrx_word' id='word_1_160' title='bbox 320 1563 411 1614; x_wconf 88' lang='lat' dir='ltr'>jura</span> <span class='ocrx_word' id='word_1_161' title='bbox 435 1563 612 1600; x_wconf 88' lang='lat' dir='ltr'>tulissent</span> <span class='ocrx_word' id='word_1_162' title='bbox 628 1580 638 1609; x_wconf 82' lang='lat'><em>3</em></span> <span class='ocrx_word' id='word_1_163' title='bbox 672 1570 710 1600; x_wconf 89' lang='lat' dir='ltr'>et</span> <span class='ocrx_word' id='word_1_164' title='bbox 738 1564 922 1612; x_wconf 78' lang='lat' dir='ltr'>quaedam,</span> <span class='ocrx_word' id='word_1_165' title='bbox 945 1577 1027 1613; x_wconf 85' lang='lat' dir='ltr'>quae</span> <span class='ocrx_word' id='word_1_166' title='bbox 1056 1566 1114 1601; x_wconf 87' lang='lat' dir='ltr'>sui</span> <span class='ocrx_word' id='word_1_167' title='bbox 1136 1565 1203 1616; x_wconf 87' lang='lat' dir='ltr'>ju-</span> 
     </span>
    </p>

    <p class='ocr_par' dir='ltr' id='par_1_13' title="bbox 85 1617 1255 1742">
     <span class='ocr_line' id='line_1_23' title="bbox 85 1617 1255 1678; baseline 0.001 -13"><span class='ocrx_word' id='word_1_168' title='bbox 85 1629 173 1666; x_wconf 88' lang='lat' dir='ltr'>dicii</span> <span class='ocrx_word' id='word_1_169' title='bbox 201 1629 317 1664; x_wconf 88' lang='lat' dir='ltr'>videri</span> <span class='ocrx_word' id='word_1_170' title='bbox 345 1634 514 1678; x_wconf 84' lang='lat' dir='ltr'>possent,</span> <span class='ocrx_word' id='word_1_171' title='bbox 544 1628 590 1664; x_wconf 94' lang='lat' dir='ltr'>ad</span> <span class='ocrx_word' id='word_1_172' title='bbox 620 1628 803 1678; x_wconf 89' lang='lat' dir='ltr'>populum</span> <span class='ocrx_word' id='word_1_173' title='bbox 831 1628 1063 1678; x_wconf 86' lang='lat' dir='ltr'>rejecissent.</span> <span class='ocrx_word' id='word_1_174' title='bbox 1119 1630 1204 1666; x_wconf 88' lang='lat' dir='ltr'>Ali-</span> <span class='ocrx_word' id='word_1_175' title='bbox 1250 1617 1255 1622; x_wconf 24' lang='lat' dir='ltr'><em>s</em></span> 
     </span>
     <span class='ocr_line' id='line_1_24' title="bbox 87 1691 1205 1742; baseline 0 -14"><span class='ocrx_word' id='word_1_176' title='bbox 87 1692 267 1741; x_wconf 87' lang='lat' dir='ltr'>quamdiu</span> <span class='ocrx_word' id='word_1_177' title='bbox 291 1697 458 1740; x_wconf 84' lang='lat' dir='ltr'>aequatus</span> <span class='ocrx_word' id='word_1_178' title='bbox 487 1692 587 1727; x_wconf 87' lang='lat' dir='ltr'>inter</span> <span class='ocrx_word' id='word_1_179' title='bbox 615 1704 745 1727; x_wconf 88' lang='lat' dir='ltr'>omnes</span> <span class='ocrx_word' id='word_1_180' title='bbox 774 1698 898 1727; x_wconf 88' lang='lat' dir='ltr'>terror</span> <span class='ocrx_word' id='word_1_181' title='bbox 926 1691 1025 1728; x_wconf 89' lang='lat' dir='ltr'>fuit:</span> <span class='ocrx_word' id='word_1_182' title='bbox 1058 1691 1205 1742; x_wconf 89' lang='lat' dir='ltr'>paulla-</span> 
     </span>
    </p>

    <p class='ocr_par' dir='ltr' id='par_1_14' title="bbox 88 1752 1209 1805">
     <span class='ocr_line' id='line_1_25' title="bbox 88 1752 1209 1805; baseline 0 -13"><span class='ocrx_word' id='word_1_183' title='bbox 88 1757 158 1792; x_wconf 89' lang='lat' dir='ltr'>tim</span> <span class='ocrx_word' id='word_1_184' title='bbox 185 1762 289 1791; x_wconf 90' lang='lat' dir='ltr'>totus</span> <span class='ocrx_word' id='word_1_185' title='bbox 317 1760 462 1791; x_wconf 82' lang='lat' dir='ltr'>vertere</span> <span class='ocrx_word' id='word_1_186' title='bbox 494 1755 534 1790; x_wconf 89' lang='lat' dir='ltr'>in</span> <span class='ocrx_word' id='word_1_187' title='bbox 567 1753 716 1804; x_wconf 88' lang='lat' dir='ltr'>plebem</span> <span class='ocrx_word' id='word_1_188' title='bbox 746 1757 873 1805; x_wconf 87' lang='lat' dir='ltr'>coepit.</span> <span class='ocrx_word' id='word_1_189' title='bbox 931 1752 1209 1792; x_wconf 76' lang='lat' dir='ltr'>Abstinebatur</span> 
     </span>
    </p>

    <p class='ocr_par' dir='ltr' id='par_1_15' title="bbox 90 1818 1209 1927">
     <span class='ocr_line' id='line_1_26' title="bbox 90 1818 1209 1869; baseline -0.002 -12"><span class='ocrx_word' id='word_1_190' title='bbox 90 1834 114 1857; x_wconf 85' lang='lat' dir='ltr'>a</span> <span class='ocrx_word' id='word_1_191' title='bbox 141 1819 345 1856; x_wconf 87' lang='lat' dir='ltr'>Patribus:</span> <span class='ocrx_word' id='word_1_192' title='bbox 385 1819 424 1855; x_wconf 92' lang='lat' dir='ltr'>in</span> <span class='ocrx_word' id='word_1_193' title='bbox 451 1818 671 1855; x_wconf 85' lang='lat' dir='ltr'>humiliores</span> <span class='ocrx_word' id='word_1_194' title='bbox 701 1819 904 1856; x_wconf 87' lang='lat' dir='ltr'>libidinose</span> <span class='ocrx_word' id='word_1_195' title='bbox 934 1819 1209 1869; x_wconf 86' lang='lat' dir='ltr'>crudeliterque</span> 
     </span>
     <span class='ocr_line' id='line_1_27' title="bbox 93 1883 1209 1927; baseline -0.002 -6"><span class='ocrx_word' id='word_1_196' title='bbox 93 1883 380 1921; x_wconf 87' lang='lat' dir='ltr'>consulebatur:</span> <span class='ocrx_word' id='word_1_197' title='bbox 403 1884 614 1926; x_wconf 89' lang='lat' dir='ltr'>hominum,</span> <span class='ocrx_word' id='word_1_198' title='bbox 634 1895 714 1918; x_wconf 91' lang='lat' dir='ltr'>non</span> <span class='ocrx_word' id='word_1_199' title='bbox 734 1895 964 1927; x_wconf 85' lang='lat' dir='ltr'>caussarum,</span> <span class='ocrx_word' id='word_1_200' title='bbox 985 1884 1058 1919; x_wconf 87' lang='lat' dir='ltr'>toti</span> <span class='ocrx_word' id='word_1_201' title='bbox 1080 1889 1209 1919; x_wconf 88' lang='lat' dir='ltr'>erant:</span> 
     </span>
    </p>

    <p class='ocr_par' dir='ltr' id='par_1_16' title="bbox 95 1946 1213 1998">
     <span class='ocr_line' id='line_1_28' title="bbox 95 1946 1213 1998; baseline -0.003 -13"><span class='ocrx_word' id='word_1_202' title='bbox 95 1954 137 1985; x_wconf 82' lang='lat' dir='ltr'>ut</span> <span class='ocrx_word' id='word_1_203' title='bbox 155 1948 254 1998; x_wconf 88' lang='lat' dir='ltr'>apud</span> <span class='ocrx_word' id='word_1_204' title='bbox 273 1960 366 1996; x_wconf 86' lang='lat' dir='ltr'>quos</span> <span class='ocrx_word' id='word_1_205' title='bbox 387 1947 510 1996; x_wconf 85' lang='lat' dir='ltr'>gratia</span> <span class='ocrx_word' id='word_1_206' title='bbox 528 1947 603 1982; x_wconf 88' lang='lat' dir='ltr'>vim</span> <span class='ocrx_word' id='word_1_207' title='bbox 630 1947 725 1995; x_wconf 90' lang='lat' dir='ltr'>aequi</span> <span class='ocrx_word' id='word_1_208' title='bbox 749 1947 917 1983; x_wconf 86' lang='lat' dir='ltr'>haberet.</span> <span class='ocrx_word' id='word_1_209' title='bbox 974 1946 998 1982; x_wconf 89' lang='lat' dir='ltr'><strong>J</strong></span> <span class='ocrx_word' id='word_1_210' title='bbox 1001 1947 1125 1982; x_wconf 88' lang='lat' dir='ltr'>udicia</span> <span class='ocrx_word' id='word_1_211' title='bbox 1144 1947 1213 1983; x_wconf 95' lang='lat' dir='ltr'>do-</span> 
     </span>
    </p>

    <p class='ocr_par' dir='ltr' id='par_1_17' title="bbox 95 2010 1215 2061">
     <span class='ocr_line' id='line_1_29' title="bbox 95 2010 1215 2061; baseline -0.003 -12"><span class='ocrx_word' id='word_1_212' title='bbox 95 2013 149 2049; x_wconf 89' lang='lat' dir='ltr'>mi</span> <span class='ocrx_word' id='word_1_213' title='bbox 176 2011 407 2054; x_wconf 84' lang='lat' dir='ltr'>conflabant,</span> <span class='ocrx_word' id='word_1_214' title='bbox 434 2010 739 2061; x_wconf 87' lang='lat' dir='ltr'>pronunciabant</span> <span class='ocrx_word' id='word_1_215' title='bbox 758 2011 798 2046; x_wconf 87' lang='lat' dir='ltr'>in</span> <span class='ocrx_word' id='word_1_216' title='bbox 817 2010 915 2046; x_wconf 85' lang='lat' dir='ltr'>foro.</span> <span class='ocrx_word' id='word_1_217' title='bbox 973 2011 1011 2047; x_wconf 86' lang='lat' dir='ltr'>Si</span> <span class='ocrx_word' id='word_1_218' title='bbox 1033 2011 1114 2060; x_wconf 89' lang='lat' dir='ltr'>quis</span> <span class='ocrx_word' id='word_1_219' title='bbox 1135 2010 1215 2046; x_wconf 90' lang='lat' dir='ltr'>col-</span> 
     </span>
    </p>

    <p class='ocr_par' dir='ltr' id='par_1_18' title="bbox 97 2074 1219 2188">
     <span class='ocr_line' id='line_1_30' title="bbox 97 2074 1216 2125; baseline -0.003 -13"><span class='ocrx_word' id='word_1_220' title='bbox 97 2075 220 2125; x_wconf 87' lang='lat' dir='ltr'>legam</span> <span class='ocrx_word' id='word_1_221' title='bbox 249 2074 486 2125; x_wconf 88' lang='lat' dir='ltr'>adpellasset,</span> <span class='ocrx_word' id='word_1_222' title='bbox 508 2075 554 2111; x_wconf 89' lang='lat' dir='ltr'>ab</span> <span class='ocrx_word' id='word_1_223' title='bbox 585 2087 644 2117; x_wconf 87' lang='lat' dir='ltr'>eo,</span> <span class='ocrx_word' id='word_1_224' title='bbox 666 2074 714 2110; x_wconf 88' lang='lat' dir='ltr'>ad</span> <span class='ocrx_word' id='word_1_225' title='bbox 739 2087 850 2122; x_wconf 90' lang='lat' dir='ltr'>quem</span> <span class='ocrx_word' id='word_1_226' title='bbox 870 2080 1037 2118; x_wconf 82' lang='lat' dir='ltr'>venerat,</span> <span class='ocrx_word' id='word_1_227' title='bbox 1060 2075 1116 2110; x_wconf 80' lang='lat' dir='ltr'>ita.</span> <span class='ocrx_word' id='word_1_228' title='bbox 1138 2074 1216 2110; x_wconf 87' lang='lat' dir='ltr'>dis-</span> 
     </span>
     <span class='ocr_line' id='line_1_31' title="bbox 99 2137 1219 2188; baseline -0.001 -13"><span class='ocrx_word' id='word_1_229' title='bbox 99 2139 271 2181; x_wconf 87' lang='lat' dir='ltr'>cedebat,</span> <span class='ocrx_word' id='word_1_230' title='bbox 290 2145 334 2174; x_wconf 91' lang='lat' dir='ltr'>ut</span> <span class='ocrx_word' id='word_1_231' title='bbox 360 2139 578 2188; x_wconf 84' lang='lat' dir='ltr'>poeniteret,</span> <span class='ocrx_word' id='word_1_232' title='bbox 605 2150 682 2174; x_wconf 92' lang='lat' dir='ltr'>non</span> <span class='ocrx_word' id='word_1_233' title='bbox 714 2138 849 2187; x_wconf 89' lang='lat' dir='ltr'>prioris</span> <span class='ocrx_word' id='word_1_234' title='bbox 875 2137 1028 2173; x_wconf 87' lang='lat' dir='ltr'>decreto</span> <span class='ocrx_word' id='word_1_235' title='bbox 1057 2138 1219 2174; x_wconf 84' lang='lat' dir='ltr'>stetisse.</span> 
     </span>
    </p>

    <p class='ocr_par' dir='ltr' id='par_1_19' title="bbox 102 2201 1219 2253">
     <span class='ocr_line' id='line_1_32' title="bbox 102 2201 1219 2253; baseline -0.002 -15"><span class='ocrx_word' id='word_1_236' title='bbox 102 2202 246 2253; x_wconf 90' lang='lat' dir='ltr'>Opinio</span> <span class='ocrx_word' id='word_1_237' title='bbox 264 2202 378 2239; x_wconf 90' lang='lat' dir='ltr'>etiam</span> <span class='ocrx_word' id='word_1_238' title='bbox 397 2203 478 2239; x_wconf 89' lang='lat' dir='ltr'>sine</span> <span class='ocrx_word' id='word_1_239' title='bbox 502 2208 658 2239; x_wconf 89' lang='lat' dir='ltr'>auctore</span> <span class='ocrx_word' id='word_1_240' title='bbox 674 2203 831 2244; x_wconf 87' lang='lat' dir='ltr'>exierat,</span> <span class='ocrx_word' id='word_1_241' title='bbox 852 2214 931 2237; x_wconf 89' lang='lat' dir='ltr'>non</span> <span class='ocrx_word' id='word_1_242' title='bbox 957 2203 997 2237; x_wconf 90' lang='lat' dir='ltr'>in</span> <span class='ocrx_word' id='word_1_243' title='bbox 1024 2201 1219 2251; x_wconf 63' lang='lat' dir='ltr'>praesentis</span> 
     </span>
    </p>

    <p class='ocr_par' dir='ltr' id='par_1_20' title="bbox 103 2263 1221 2382">
     <span class='ocr_line' id='line_1_33' title="bbox 103 2263 1221 2315; baseline -0.004 -12"><span class='ocrx_word' id='word_1_244' title='bbox 103 2266 218 2304; x_wconf 89' lang='lat' dir='ltr'>modo</span> <span class='ocrx_word' id='word_1_245' title='bbox 243 2267 423 2315; x_wconf 77' lang='lat' dir='ltr'>temporis</span> <span class='ocrx_word' id='word_1_246' title='bbox 446 2278 510 2302; x_wconf 91' lang='lat' dir='ltr'>eos</span> <span class='ocrx_word' id='word_1_247' title='bbox 537 2265 715 2315; x_wconf 90' lang='lat' dir='ltr'>injuriam</span> <span class='ocrx_word' id='word_1_248' title='bbox 738 2265 988 2315; x_wconf 74' lang='lat' dir='ltr'>conspirasse,</span> <span class='ocrx_word' id='word_1_249' title='bbox 1009 2264 1073 2300; x_wconf 89' lang='lat' dir='ltr'>sed</span> <span class='ocrx_word' id='word_1_250' title='bbox 1098 2263 1221 2300; x_wconf 87' lang='lat' dir='ltr'>foedus</span> 
     </span>
     <span class='ocr_line' id='line_1_34' title="bbox 105 2327 1221 2382; baseline -0.002 -16"><span class='ocrx_word' id='word_1_251' title='bbox 105 2329 381 2368; x_wconf 80' lang='lat' dir='ltr'>clandestinum</span> <span class='ocrx_word' id='word_1_252' title='bbox 407 2330 508 2368; x_wconf 86' lang='lat' dir='ltr'>inter</span> <span class='ocrx_word' id='word_1_253' title='bbox 534 2331 637 2382; x_wconf 90' lang='lat' dir='ltr'>ipsos</span> <span class='ocrx_word' id='word_1_254' title='bbox 659 2327 913 2380; x_wconf 86' lang='lat' dir='ltr'>jurejurando</span> <span class='ocrx_word' id='word_1_255' title='bbox 937 2329 1069 2372; x_wconf 87' lang='lat' dir='ltr'>ictum,</span> <span class='ocrx_word' id='word_1_256' title='bbox 1089 2340 1138 2364; x_wconf 90' lang='lat' dir='ltr'>ne</span> <span class='ocrx_word' id='word_1_257' title='bbox 1156 2339 1221 2364; x_wconf 84' lang='lat' dir='ltr'>co-</span> 
     </span>
    </p>
   </div>
  </div>
 </body>
</html>
