1573 2598
164 304 210 336 U.
222 303 261 335 C.
276 309 339 340 3⁵9

166 349 207 385 A.-
220 347 260 389 C·
275 354 337 385 39⁵3

178 2103 333 2135 Veiorum

179 2148 354 2191 exeidium.

360 197 448 255 364
788 266 790 268 V
815 213 861 242 π.
885 213 1018 249 μνη

343 327 351 336 .
362 305 465 343 runt,
486 300 578 336 edici
592 298 720 348 palam
733 299 882 348 placere
895 302 1046 350 populo,
1062 305 1118 345 ut,
1134 302 1197 350 qui
1207 304 1390 353 particeps
1401 315 1475 345 esse

360 365 494 414 praedae
508 364 628 407 vellet,
647 365 685 399 in
700 369 820 401 castra
843 365 944 401 Veios
960 366 1029 402 iret
1041 381 1053 401 :
1080 364 1200 402 altera
1217 366 1291 416 Ap.
1308 367 1472 413 Claudii,

359 428 442 478 qui,
473 427 716 476 largitionem
741 440 893 471 novam,
915 428 1130 479 prodigam,
1152 428 1391 478 inaequalem,
1414 431 1474 468 iu-

363 491 578 528 consultam
597 504 772 540 arguens,
799 493 831 529 si
853 492 970 529 semel
988 493 1094 530 nefas
1111 493 1303 537 ducerent,
1324 502 1476 545 captam

363 567 412 592 ex
426 555 601 592 hostibus
620 556 660 592 in
680 557 812 602 aerario
828 557 1014 594 exhausto
1033 557 1142 594 bellis
1163 559 1364 608 pecuniam
1379 571 1476 604 esse,

357 625 497 658 ‘auctor
513 626 594 657 erat
610 620 787 671 stipendii
804 634 851 660 ex
867 635 911 658 ea
929 623 1092 672 pecunia
1106 622 1219 658 militi
1237 624 1476 668 numerandi,

361 689 406 720 ut
421 696 466 720 eo
486 684 610 720 minus
627 684 761 720 tributi
780 684 909 735 plebes
929 685 1121 723 conferret
1137 700 1145 721 :
1178 684 1268 732 Ejus
1283 689 1378 724 enim
1393 689 1479 725 doni

359 749 566 786 societatem
580 761 743 786 sensuras
760 751 950 799 aequaliter
965 752 1123 788 omnium
1141 752 1284 788 domos.-
1311 764 1382 788 non
1399 754 1478 789 avi-

361 812 428 849 das
444 814 480 849 in
498 815 714 862 direptiones
732 827 858 852 manus
873 818 1068 852 otiosorum
1083 816 1301 852 urbanorum
1318 829 1477 865 praerep-

363 881 464 913 taras
468 876 630 926 fortium
645 878 860 915 bellatorum
874 881 1029 928 praemia
1044 891 1115 916 esse
1128 895 1140 915 :
1168 892 1277 927 quum
1294 882 1346 916 ita
1353 879 1480 929 ferme

360 942 514 984 eveniat,
531 946 574 977 ut
587 943 727 989 segnior
740 944 789 978 sit
799 945 1000 991 praedator,
1018 948 1060 979 ut
1075 944 1220 992 quisque
1240 944 1368 981 laboris
1379 947 1478 993 peri-

360 1006 503 1053 tulique
534 1007 756 1055 proecipitam
784 1012 910 1055 petere
938 1012 1084 1057 partem
1116 1008 1242 1044 soleat.
1305 1007 1478 1045 Licinius

362 1075 510 1113 contra,
544 1076 745 1120 suspectam
771 1076 807 1108 et
833 1073 986 1108 invisam
1017 1084 1155 1120 semper
1183 1084 1264 1109 eam
1288 1074 1481 1120 pecuniam

352 1133 456 1183 sore,
477 1134 603 1171 aiebat
618 1151 627 1180 ;
661 1148 872 1185 caussasque
886 1138 1076 1174 criminum
1095 1137 1144 1173 ad
1162 1137 1316 1185 plebem,
1331 1138 1479 1174 seditio-

362 1211 450 1238 num
482 1201 565 1237 inde
597 1213 641 1236 ac
671 1202 789 1249 legum
823 1213 1011 1244 novarum,
1041 1202 1288 1250 praebituram.
1354 1202 1481 1238 Satius

361 1263 474 1310 igitur
492 1276 576 1307 esse,
596 1266 823 1309 reconciliari
851 1278 891 1301 eo
911 1267 1003 1302 dono
1021 1265 1135 1314 plebis
1153 1267 1290 1301 animos
1303 1281 1317 1301 .·
1344 1266 1480 1302 exhau-

362 1328 427 1366 stis
450 1333 559 1377 atque
579 1331 769 1373 exinanitis
796 1330 926 1366 tributo
952 1334 1006 1365 tot
1034 1341 1208 1366 annorum
1228 1330 1390 1366 subcurri
1405 1346 1417 1367 .-
1444 1335 1481 1367 et

363 1393 496 1428 sentire
516 1394 647 1440 praedae
660 1393 831 1442 fructum
850 1406 892 1429 ex
907 1406 946 1429 eo
966 1394 1070 1435 bello,
1088 1394 1123 1429 in
1142 1405 1211 1441 quo
1225 1406 1341 1442 prope
1359 1405 1479 1431 conse·-

365 1457 536 1492 nuerint:
561 1459 702 1505 gratius
729 1458 766 1493 id
783 1456 874 1506 sore
893 1458 1089 1506 hetin-sque,
1118 1458 1215 1506 quod
1242 1459 1388 1506 quisque
1413 1470 1482 1495 sua

366 1532 475 1558 manu
493 1533 536 1556 ex
553 1520 651 1557 hoste
670 1526 814 1569 captum
834 1522 980 1557 domum
1006 1522 1184 1564 retulerit,
1206 1533 1314 1568 qnam
1333 1523 1364 1557 si
1384 1523 1480 1559 mul·

368 1585 479 1632 tiplex
497 1585 647 1620 alterius
665 1585 813 1621 arbitrio
832 1586 998 1632 accipiat.
1048 1585 1169 1632 Ipsum
1189 1586 1400 1621 dictatorem
1407 1585 1479 1634 fu-

365 1660 450 1696 gere
466 1650 640 1684 invidiam
659 1661 701 1685 ea:
720 1661 760 1685 eo
778 1650 1021 1697 criminaque:
1048 1661 1088 1684 eo
1108 1649 1287 1696 delegasse
1304 1651 1355 1685 acl
1377 1662 1480 1686 sena-

371 1717 460 1749 tum.
503 1713 678 1755 Senatum
695 1725 830 1761 quoque
849 1713 972 1749 debere
990 1711 1157 1759 rejectam
1176 1725 1251 1748 rem
1270 1715 1319 1749 ad
1340 1726 1377 1750 se
1394 1726 1479 1762 per-

369 1778 513 1815 mittere
537 1777 647 1824 plebi,
678 1789 721 1812 ac
745 1778 827 1824 pati
856 1776 996 1819 habere,
1024 1777 1118 1825 quod
1147 1778 1271 1825 cuique
1289 1776 1376 1825 fors
1398 1778 1482 1814 belli

372 1842 524 1881 dederit.
581 1840 677 1887 Haec
703 1841 822 1877 tutior
846 1841 924 1877 visa
953 1841 1141 1877 sententia
1163 1847 1233 1882 est,
1257 1853 1340 1890 quae
1359 1853 1481 1891 popu-

371 1904 490 1942 larem
527 1911 699 1941 senatum
736 1905 890 1942 faceret.
960 1905 1137 1941 Edictum
1171 1904 1298 1953 itaque
1331 1911 1401 1948 est,
1433 1905 1482 1942 ad

372 1969 538 2019 praedam
570 1969 783 2012 Veientem,
814 1969 949 2018 quibus
981 1969 1183 2012 videretur,
1215 1969 1254 2004 in
1283 1974 1407 2005 castra
1435 1970 1484 2007 ad

373 2033 597 2070 dictatorem
618 2033 956 2082 proficiscerentur.

427 2096 544 2133 XXI.
575 2096 715 2145 Ingens
742 2097 914 2147 profecta
939 2095 1143 2132 multitudo
1170 2095 1328 2145 replevit
1346 2102 1483 2134 castra.

374 2162 474 2198 Tum
502 2161 679 2205 dictator,
711 2162 907 2211 auspicato
935 2171 1121 2209 egressus,
1146 2173 1261 2208 quum
1288 2160 1482 2204 edixisset,

340 2262 343 2263 γ
374 2233 416 2263 ut
436 2238 539 2262 arma
559 2225 695 2261 milites
717 2231 908 2274 caperent,
936 2226 1011 2261 Tuo
1033 2225 1155 2265 ductu,
1177 2224 1312 2272 inquit,
1335 2225 1486 2272 Pythice

372 2292 518 2340 Apollo,
550 2295 678 2339 tuoque
703 2292 847 2327 numine
876 2291 1060 2326 instinctus
1084 2300 1195 2338 pergo
1221 2290 1269 2326 ad
1297 2290 1484 2327 delendam

370 2355 492 2396 urbem
529 2355 653 2392 Veios:
695 2355 827 2404 tibique
858 2354 939 2391 hinc
969 2355 1154 2397 decumam
1180 2357 1324 2402 partem
1351 2354 1484 2402 praedoe
