1573 2598
277 122 361 168 226
703 133 769 163 -·r.
790 132 925 164 mvn

60 233 108 270 υ,
122 235 160 268 c,
175 241 251 267 305.
277 224 404 268 uniuS,
432 233 547 260 nemo
579 218 723 264 adibat,
756 220 912 257 domum
943 230 984 255 se
1013 217 1181 269 recepit3
1220 217 1396 269 collegis-

58 280 102 315 Α·
117 279 154 311 c·
171 284 247 315 ⁴4⁷·
278 302 352 340 que
379 290 419 326 in
448 294 572 325 castra
599 286 744 330 scribit,
773 299 818 323 ne
846 286 1006 334 Virginio
1033 289 1268 322 commeatum
1297 286 1395 328 dent,

278 360 385 404 atque
412 355 521 391 etiam
552 354 591 389 in
618 353 778 388 custodia
803 350 967 387 habeant,
1023 348 1234 399 Inprobum
1270 350 1399 387 consi·

276 417 371 455 lium
390 430 529 460 serum,
549 422 592 452 ut
611 414 755 458 debuit,
773 414 848 450 fuit
866 428 873 449 ε
906 419 944 450 et
956 412 1040 463 jam
1060 419 1276 449 commeatu
1294 425 1398 450 sum-

278 489 322 520 to
347 481 541 533 profectus
560 479 756 528 Virginius
778 479 901 529 prima
918 477 1049 526 vigilia
1071 483 1166 521 erat,
1187 490 1304 527 quum
1328 490 1400 529 po-

279 552 383 584 stero
406 546 464 582 die
486 557 597 581 mane
623 545 669 581 de
696 542 897 580 retinendo
923 555 969 579 eo
998 543 1252 592 nequidquam
1280 541 1401 579 literae

281 611 499 648 redduntur.

64 674 227 729 Virginius
336 672 506 711 XLVII.
535 672 590 708 At
617 672 656 708 in
686 670 778 707 urbe
805 671 927 720 prima
954 669 1052 713 luce,
1073 683 1188 719 quum
1211 671 1342 707 civitas
1362 671 1402 707 in

66 722 274 806 {ffinfflffppio
284 738 369 777 foro
396 737 680 787 exspectatione
704 740 831 771 erecta
855 740 986 777 staret,
1013 733 1208 782 Virginius
1232 735 1401 772 sordida·

67 810 242 841 contendit.
284 809 346 839 tus
366 802 481 838 filiam
504 812 610 836 suam
630 797 805 835 obsoleta
823 805 941 840 veste,
962 797 1232 834 comitantibus
1258 798 1403 848 aliquot

283 866 483 909 matronis,
511 877 596 900 cum
618 863 768 912 ingenti
792 863 1042 898 advocatione
1067 863 1108 898 in
1135 861 1261 899 forum
1287 864 1403 901 dedu-

285 932 349 968 cit.
407 928 617 965 Circumire
640 926 694 962 ibi
721 932 759 962 et
785 938 963 975 prensare
991 925 1167 962 homines
1194 927 1333 975 coepit3
1366 933 1406 963 et

285 1007 364 1032 non
394 1005 502 1030 orare
531 990 653 1027 solum
690 990 899 1039 precariam
928 1001 1054 1038 opem,
1085 989 1150 1025 sed
1177 1002 1247 1039 pro
1276 989 1406 1027 debita

286 1065 438 1109 petere3
471 1057 519 1094 Se
539 1068 608 1104 pro
633 1055 749 1091 liberis
769 1066 889 1090 eorum
915 1066 957 1089 ac
975 1052 1177 1102 conjugibus
1195 1056 1351 1102 quotidie
1371 1057 1406 1091 in

287 1125 364 1160 acie
381 1127 476 1158 stare
489 1138 501 1158 .·
528 1133 591 1156 nec
615 1121 725 1156 alium
752 1120 864 1154 virum
892 1131 974 1161 esse,
997 1117 1094 1165 eujus
1117 1123 1257 1154 strenue
1281 1131 1324 1155 ae
1340 1118 1407 1168 fe-

286 1188 417 1224 rociter
430 1185 541 1234 facta
565 1185 601 1220 in
633 1183 723 1219 bello
749 1183 857 1230 plura
885 1183 1077 1218 memorari
1100 1187 1252 1229 possent.
1310 1183 1408 1224 Quid

284 1252 461 1299 prodesse,
482 1251 525 1291 si,
546 1248 714 1284 incolumi
731 1246 828 1289 urbe,
850 1258 940 1294 quae,
961 1251 1081 1294 capta,
1101 1247 1230 1282 ultima
1257 1248 1406 1282 timean-

291 1320 362 1358 tur,
385 1314 499 1350 liberis
516 1314 587 1348 suis
604 1313 674 1347 siut
695 1311 867 1358 patienda
883 1311 900 1338 ,0
929 1308 1024 1345 Haec
1053 1321 1171 1359 prope
1200 1310 1406 1346 conciona-

289 1378 438 1415 bundus
468 1374 693 1412 circumibat
719 1374 906 1409 homines.
964 1372 1109 1408 Similia
1137 1373 1195 1408 his
1225 1373 1272 1409 ab
1297 1373 1407 1410 Icilio

284 1440 554 1492 Jactabantur:
588 1439 790 1475 comitatus
820 1436 1012 1473 muliebris
1042 1436 1125 1486 plus
1155 1437 1274 1473 tacito
1301 1438 1406 1482 fletu,

1552 1348 1554 1386 Ι

1551 1390 1555 1436 l

1552 1439 1565 1531 i

1554 1537 1562 1551 v

1564 1541 1566 1550 l

1551 1577 1555 1585 ι

291 1519 405 1557 quam
424 1505 501 1542 ulla
519 1518 609 1547 vox,
631 1502 821 1541 movebat.
877 1502 1067 1538 Adversus
1087 1514 1170 1550 quae
1189 1503 1317 1538 onmia
1336 1503 1406 1539 ob-

293 1571 436 1608 stinato
473 1570 601 1606 animo
633 1568 780 1618 Appius
818 1570 944 1615 (tanta
973 1567 1027 1602 vis
1065 1567 1239 1602 amentiae
1268 1568 1407 1610 verius,

294 1648 407 1685 quam
435 1634 589 1676 amoris,
619 1640 784 1669 mentem
812 1631 1048 1678 turbaverat)
1080 1631 1119 1666 in
1155 1630 1323 1667 tribunal
1351 1643 1411 1667 es-

294 1699 443 1750 cendit:
476 1704 527 1740 et,
554 1697 655 1733 ultro
684 1702 864 1745 querente
892 1707 1013 1745 pauca
1041 1695 1217 1745 petitore,
1241 1695 1335 1743 quod
1349 1694 1412 1742 jus

293 1764 359 1801 sibi
374 1765 494 1812 pridie
508 1775 574 1812 per
593 1762 815 1803 ambitionem
835 1763 965 1797 (lictum
984 1772 1054 1796 non
1072 1764 1172 1802 esset,
1191 1760 1410 1809 priusquam

295 1834 360 1865 aut
386 1827 449 1863 ille
477 1826 711 1877 postulatum
729 1831 940 1876 perageret,
969 1830 1035 1860 aut
1053 1823 1229 1872 Virginio
1251 1835 1408 1873 respon·

294 1891 408 1929 dendi
433 1891 584 1927 daretur
609 1890 728 1932 locus,
756 1890 902 1940 Appius
925 1887 1137 1924 interfatur.
1193 1887 1318 1927 Quem
1346 1887 1411 1924 de-

296 1962 400 1992 creto
426 1967 638 1991 sermonem
661 1953 916 2004 praetenderit,
940 1953 1070 1989 forsan
1095 1951 1256 2000 aliquem
1280 1963 1410 1987 verum

295 2026 470 2062 auctores
500 2019 645 2067 antiqui
674 2018 925 2055 tradiderint:
962 2018 1051 2066 quia
1077 2028 1261 2065 nusquam
1291 2014 1410 2052 ullum

296 2084 334 2124 in
363 2089 473 2119 tanta
500 2083 673 2119 foeditate
702 2083 839 2119 decreti
869 2081 1109 2118 verisimilem
1137 2080 1290 2116 invenio
1306 2095 1317 2125 3
1357 2079 1410 2124 id,

296 2147 399 2198 quod
434 2153 598 2191 constat,
637 2147 778 2183 nudum
815 2146 962 2182 videtur
1004 2144 1307 2195 proponendum,
1344 2143 1411 2180 de·

295 2223 416 2260 cresse
440 2210 619 2247 vindicias
649 2210 855 2246 secundum
884 2210 1114 2245 servitutem.
1170 2207 1300 2244 Primo
1329 2214 1411 2244 stu-

294 2287 365 2327 por
390 2286 521 2312 omnes
547 2274 797 2313 admiratione
822 2274 877 2312 rei
905 2279 984 2312 tam
1012 2272 1152 2310 atrocis
1174 2271 1326 2310 defixit:
1357 2270 1411 2321 ⁸5?
