1573 2598
486 176 644 206 LIBER
668 173 702 205 1.
735 175 843 206 cAP.
867 174 938 206 IV.
1220 177 1269 221 13

152 263 270 308 urbis,
302 263 533 312 maximique
560 263 766 301 seeundum
800 261 974 301 Deorum
1002 275 1093 314 opes
1123 263 1271 316 imperii
1286 271 1418 303 Romuli
1435 277 1467 302 et

151 329 392 379 principium.
438 327 488 363 Vi
508 339 724 377 compressa
741 327 922 371 Vestalis,
942 341 1058 378 quum
1078 330 1272 377 geminum
1285 316 1489 347 Remionffl'

152 399 303 444 partum
323 392 512 435 edidisset,
533 404 599 428 seu
623 392 677 429 ita
702 398 800 437 rata,
821 405 887 429 seu
906 393 995 442 quia
1012 392 1118 429 Deus
1139 401 1274 431 auctor

153 456 272 508 culpae
291 457 489 493 honestior
508 462 601 499 erat,
617 456 785 494 Blartem
804 457 958 494 incertae
978 457 1105 507 stirpis
1126 464 1273 508 patrem

152 527 359 571 nuncupat.
416 520 491 557 Sed
517 533 587 557 nec
615 520 698 565 Dii,
724 534 795 558 nee
823 521 1012 564 homines,
1042 528 1108 558 aut
1135 522 1271 573 ipsam,

152 591 219 622 aut
247 585 403 636 stirpem
428 597 451 622 a
473 584 695 621 crudelitate
724 586 829 634 regia
847 585 1065 622 vindicant:
1097 586 1272 623 sacerdos

151 648 281 685 vincta
308 649 348 685 in
377 648 589 686 custodiam
617 649 727 685 datur
743 664 754 694 ;
786 661 922 699 pueros
953 649 992 684 in
1021 649 1273 699 profluentem

153 725 291 762 aquam
318 713 420 751 mitti
441 712 568 764 jubet.
622 712 740 750 Forte
765 713 927 763 quadam
956 713 1135 750 divinitus
1163 727 1277 765 super

152 776 254 827 ripas
282 777 432 814 Tiberis
463 778 600 815 effusus
629 777 777 814 lenibus
808 778 967 826 stagniS,
988 790 1058 814 nec
1088 778 1182 815 adiri
1211 791 1275 816 us-

152 854 267 891 quam
304 843 351 879 ad
379 841 478 892 justi
513 855 664 879 cursum
700 848 852 893 poterat
888 843 1033 889 amnis3
1074 849 1125 886 et,
1162 857 1276 894 posse

153 907 322 956 quamw's
349 906 529 956 languida
553 907 674 956 mergi
696 920 793 957 aqua
819 906 999 950 infantes,
1020 920 1125 958 spem
1148 907 1275 945 feren-

152 970 255 1006 tibus
293 970 430 1008 dabat:
471 972 526 1007 ita
553 970 656 1007 velut
693 971 861 1007 defuncti
895 972 993 1019 regis
1028 972 1201 1021 imperio,
1235 973 1276 1009 in

153 1034 330 1084 proxima
347 1035 508 1078 adluvie,
529 1035 594 1072 ubi
614 1048 714 1071 nunc
734 1035 825 1071 ficus
845 1035 1062 1071 Ruminalis
1083 1042 1153 1080 est,
1175 1036 1277 1085 (Ro-

154 1096 339 1134 mularem
357 1105 532 1134 vocatam
556 1098 701 1146 ferunt)
724 1111 861 1148 pueros
882 1106 1091 1149 exponunt.
1147 1100 1277 1137 Vastae

153 1167 237 1197 tum
272 1161 312 1197 in
348 1161 393 1197 iis
430 1161 524 1197 locis
562 1162 785 1198 solitudines
823 1169 943 1200 erant.
999 1163 1124 1200 Tenet
1159 1163 1277 1209 fama,

154 1237 272 1274 quum
292 1225 506 1262 fluitantem
535 1225 697 1270 alveum,
725 1240 801 1276 quo
828 1227 994 1277 expositi
1019 1234 1128 1263 erant
1154 1228 1277 1277 pueri,

155 1289 280 1326 tenuis
299 1290 338 1326 in
366 1291 467 1327 sicco
487 1303 585 1339 aqua
604 1291 851 1334 destituisset,
871 1290 1000 1340 lupam
1020 1291 1212 1329 sitientem
1231 1306 1279 1330 ex

155 1353 365 1397 montibus,
386 1354 450 1403 qui
473 1354 572 1390 circa
591 1360 694 1397 sunt,
715 1354 763 1390 ad
791 1354 975 1404 puerilem
993 1355 1165 1403 vagitum
1194 1369 1278 1392 ctu·-

156 1429 239 1454 sum
256 1417 405 1454 flexisse
424 1432 431 1453 z
465 1430 548 1454 eam
568 1417 773 1454 submissas
798 1418 1009 1455 infantibus
1031 1419 1126 1456 adeo
1147 1422 1279 1458 mitem

154 1481 361 1532 praebuisse
396 1494 593 1526 mammas,
627 1488 671 1518 ut
704 1482 838 1531 lingua
872 1482 1104 1520 lambentem
1140 1497 1278 1535 pueros

156 1547 337 1596 magister
373 1549 468 1598 regii
504 1550 650 1600 pecoris
686 1550 886 1587 invenerit.
942 1550 1126 1588 Faustulo
1162 1552 1279 1589 fuisse
1294 1557 1449 1588 Educa‘io
1466 1563 1499 1588 et

157 1623 297 1648 nomen
321 1611 462 1649 ferunt.
517 1613 579 1650 Ab
612 1626 658 1650 eo
688 1614 736 1650 ad
768 1613 919 1650 stabula
946 1614 1139 1652 Larentiae
1169 1616 1279 1653 uxori
1293 1601 1478 1676 {i‘gflescen'

158 1675 372 1713 educandos
391 1675 502 1714 latos.
546 1678 656 1721 Sunt,
678 1679 742 1727 qui
760 1678 998 1723 Larentiam,
1018 1680 1174 1729 wllgato
1195 1695 1280 1719 cor-

159 1751 266 1788 pore,
298 1739 427 1789 lupam
458 1741 557 1777 inter
588 1748 760 1791 pastores
792 1751 968 1778 vocatam
1001 1751 1160 1792 puteut3
1194 1746 1283 1782 inde

160 1802 287 1839 locum
308 1803 447 1841 fabulae
476 1818 519 1841 ac
547 1805 731 1842 miraculo
760 1806 902 1843 datum.
960 1807 1021 1843 Ita
1047 1809 1181 1856 geniti,
1209 1811 1282 1846 ita-

160 1879 233 1916 que
263 1868 426 1912 educati,
460 1882 576 1918 quum
605 1871 769 1919 primum
801 1870 967 1907 adolevit
1001 1880 1105 1916 aetaS,
1139 1887 1210 1910 nec
1242 1875 1283 1911 in

160 1930 332 1975 stabuliS,
363 1944 433 1969 nec
461 1933 508 1970 ad
536 1944 849 1984 pecora‘segnes,
876 1937 1050 1973 venando
1080 1951 1282 1987 peragrare

160 1995 262 2031 circa
293 1995 423 2033 saltus.
479 1996 598 2041 Hinc,
636 1996 774 2034 robore
811 1999 1033 2049 corporibus
1071 2002 1283 2051 animisque

163 2066 302 2103 sumto,
316 2058 400 2109 jam
425 2072 502 2097 non
522 2061 622 2098 feras
647 2068 798 2098 tantum
825 2062 1043 2107 subsistere,
1065 2065 1127 2101 sed
1158 2066 1197 2101 in
1226 2066 1283 2102 la-

162 2128 306 2167 trones,
326 2124 453 2173 praeda
472 2131 645 2169 onustos,
663 2127 812 2176 inpetus
832 2125 970 2169 facere,
991 2128 1283 2179 pastoribusque

162 2193 273 2237 rapta
291 2187 478 2225 dividere:
510 2195 549 2225 et
567 2202 653 2226 cum
677 2190 751 2234 his,
773 2198 964 2228 crescente
992 2193 1032 2228 in
1058 2193 1136 2230 dies
1167 2207 1283 2244 grege

157 2248 356 2301 juvenum,
379 2254 476 2290 seria
494 2267 537 2290 ac
549 2253 662 2304 jocos
683 2254 885 2293 celebrare.

220 2315 267 2353 V.
296 2316 384 2355 Jam
401 2325 484 2357 tum
502 2319 542 2357 in
559 2318 737 2358 Palatino
757 2327 888 2359 monte
906 2320 1096 2373 Lupercal
1123 2323 1197 2360 hoc
1220 2323 1283 2361 fu-
