1573 2598
419 183 669 241 meme-iv.
704 199 810 229 car.
833 198 954 227 xxx.
1162 193 1244 239 297

128 287 205 338 cias
227 300 413 324 annorum
439 294 528 324 octo
557 287 858 336 inpetravcrunt.
914 282 1142 320 Volscorum
1171 294 1244 325 res,

128 364 240 402 super
268 357 461 402 acceptam
489 352 529 387 in
549 349 689 399 Algido
719 348 877 390 cladem,
908 347 1092 397 peitinaci
1123 352 1245 382 certa·

129 416 236 458 mine
256 416 354 451 inter
372 415 474 465 pacis
495 413 658 462 bellique
687 417 859 448 auctores
880 412 918 446 in
941 409 1073 460 julgia
1091 416 1128 446 et
1147 410 1244 446 sedi-

130 480 254 515 tiones
276 491 395 515 velsa.
438 478 614 526 Undique
635 477 756 512 otium
774 475 847 511 fuit
865 474 1065 511 Romanis
1099 471 1300 544 Legem}
1312 470 1354 544 g·
1365 447 1446 545 ἓξὲξ·

126 545 171 580 de
189 543 393 580 multarum
419 542 670 578 aestimatione
700 545 915 590 pergiatam
945 539 1102 590 popule,
1124 551 1241 599 quum

124 607 172 650 ab
193 607 352 643 tribunis
373 606 495 656 parari
516 604 688 641 consules
710 604 819 640 unius
841 617 887 640 ex
916 603 1078 652 collegio
1108 595 1236 653 prodiss

124 671 229 721 tione
250 670 499 719 excepissent,
520 669 591 717 ipsi
612 673 971 718 praeoccupaverunt
992 666 1101 703 fel-rc.
1138 661 1242 707 Cons-

125 733 222 775 sules
251 733 297 770 L.
318 733 470 781 Sergius
499 732 660 767 Fidenas
690 732 840 774 iterum,
862 730 1010 766 Hostus
1039 730 1242 767 Lucretius

125 797 385 847 Tricipitinus.
442 796 552 832 Nihil
579 796 640 844 dig
631 809 736 831 fuum
755 796 859 831 dictu
879 801 1006 831 actum
1025 795 1082 831 his
1104 808 1241 831 consu-

121 849 232 898 libus.
291 862 418 898 Secuti
444 875 506 897 eos
529 861 701 897 consules
721 861 768 896 A.
792 860 992 896 Cornelius
1014 860 1171 904 Cossus,
1193 859 1239 896 T.
1253 857 1297 888 U·
1313 856 1349 887 C·
1366 863 1442 893 397-

121 926 327 973 Quinctius
348 925 499 961 Pennus
521 926 668 960 iterum.
727 924 935 959 Veientes
927 937 966 960 in
996 937 1128 973 agrum
1157 901 1292 960 Ro-A
1309 900 1345 932 C'
1363 908 1438 933 425.

120 1005 275 1036 manum
295 992 534 1031 excursiones
554 990 738 1026 fecerunt.
797 989 916 1025 Fama
944 989 1031 1033 fuit,
1053 989 1238 1038 quosdam

122 1069 168 1093 ex
182 1057 422 1093 Fidenatium
436 1055 638 1105 juventute
654 1055 856 1104 participes
875 1053 954 1104 ejus
975 1053 1237 1104 populationis

120 1121 262 1165 fuisse:
296 1121 540 1169 cognitioque
570 1119 650 1169 ejus
679 1120 733 1155 rei
762 1119 808 1155 L.
835 1119 982 1168 Sergio,
1013 1125 1051 1154 ct
1080 1119 1128 1158 Q.
1151 1121 1237 1155 Ser·
1266 1108 1271 1112 ,

119 1185 225 1228 vilio,
248 1191 285 1222 et
313 1185 432 1221 Elam.
452 1184 613 1220 AEmilio
643 1184 835 1234 permissa.
892 1184 1058 1223 Quidam
1088 1183 1238 1221 Ostiam

118 1249 289 1299 relegati,
310 1249 425 1299 quod,
451 1262 517 1284 cur
545 1262 611 1299 per
631 1261 694 1284 eos
715 1249 793 1284 dies
814 1262 836 1284 a
854 1248 1007 1284 Fidenis
1037 1248 1236 1296 afuissent,

119 1327 253 1367 parum
299 1314 524 1351 constabat:
574 1313 799 1349 colonorum
846 1313 995 1349 additus
1039 1326 1234 1360 numerus,

120 1391 283 1428 agerque
303 1379 346 1415 iis
366 1379 467 1415 bello
485 1379 774 1415 interemtorum
791 1378 1023 1426 adsignatus,
1055 1378 1233 1426 Siccitate
1246 1384 1388 1419 Siccitas.

120 1456 166 1480 eo
203 1457 303 1479 anno
340 1443 543 1493 plurimum
579 1443 796 1480 laboratum
834 1449 913 1479 est:
953 1456 1023 1479 nec
1061 1443 1233 1487 coelestes

114 1508 233 1553 ⁴modo
263 1508 464 1544 defuerunt
492 1521 613 1557 aquae,
647 1509 713 1544 sed
740 1514 842 1544 terra
868 1521 1032 1557 quoque,
1062 1509 1236 1557 ingenito

116 1573 275 1608 humore
295 1585 422 1622 egens,
443 1573 506 1609 vix
524 1572 570 1608 ad
590 1585 773 1622 perennes
794 1572 957 1609 subfecit
980 1586 1108 1609 amnes
1129 1588 1136 1609 :
1169 1559 1252 1609 de-‘

118 1637 239 1673 fectus
259 1637 352 1675 alibi
370 1650 552 1686 aquarum
581 1638 681 1673 circa
708 1638 873 1674 torridos
902 1638 1029 1674 fontes
1058 1639 1235 1687 rivosque

120 1708 285 1750 stragem
306 1702 367 1738 siti
388 1714 566 1751 pecorum
585 1703 830 1742 morientium
849 1703 974 1740 dedit:
1007 1702 1133 1739 scabie
1159 1702 1235 1740 alia

119 1764 316 1801 absumta:
348 1765 567 1814 vulgatique
587 1772 769 1802 contactu
788 1767 827 1802 in
846 1767 1019 1803 homines
1039 1766 1176 1809 morbi,
1194 1755 1232 1806 et

116 1829 240 1881 primo
260 1829 299 1865 in
319 1835 483 1878 agrestes
513 1829 737 1878 ingruerant
765 1831 1013 1880 servitiaque:
1048 1831 1134 1867 urbs
1165 1831 1231 1868 de-

110 1894 203 1940 inde
222 1894 400 1945 inpletur.
452 1893 536 1930 Nec
557 1907 716 1944 corpora
735 1896 850 1931 modo
870 1895 1019 1932 adfecta
1037 1895 1142 1939 taho,
1162 1895 1230 1943 sed
1249 1928 1252 1931 ,

115 1958 261 1996 animos
291 1970 440 2007 quoque
474 1958 673 2008 multiplex
706 1959 854 2008 religio,
886 1966 924 1995 et
956 1960 1047 2010 ple1
1038 1972 1133 2009 tque
1162 1954 1229 1996 (ιιι-

111 2027 235 2069 terna,
260 2023 422 2058 inxasit·
413 2050 422 2068 ‚
455 2034 574 2058 novos
604 2023 697 2059 ritus
728 2023 963 2059 sacrificandi
982 2024 1225 2070 vaticinando
1239 2020 1375 2053 Externa
1389 2033 1447 2057 Su·>

110 2085 363 2131 ¹inferentibus
393 2086 432 2122 in
465 2086 610 2129 domos,
643 2087 778 2135 quibus
813 2088 971 2136 quaestui
1003 2094 1090 2123 sunt
1124 2072 1386 2138 captiperStmo

112 2150 381 2198 supeistitione
400 2151 541 2186 animi:
575 2150 695 2186 donec
721 2151 894 2201 publicus
916 2150 999 2200 jam
1028 2151 1159 2202 pudor
1179 2152 1227 2203 ad

112 2214 296 2264 primores
330 2216 491 2252 civitatis
528 2217 714 2266 pervenit,
748 2222 943 2253 cernentes
977 2217 1016 2252 in
1050 2211 1226 2272 omnibus

111 2278 202 2316 vicis
223 2278 442 2328 sacellisque
460 2282 660 2331 peregrina
678 2288 792 2331 atque
811 2281 966 2318 insolita
984 2281 1132 2331 piacula
1157 2295 1224 2339 pa-

113 2343 166 2398 cis
186 2342 313 2380 Deum
333 2346 589 2400 exposcendae.
645 2345 791 2390 Datum
813 2346 900 2383 inde
918 2346 1114 2396 negotium
1129 2347 1222 2412 πάι-ε

275 2405 284 2414 ”
626 2410 700 2446 Ο
681 2423 703 2447 o
