1573 2598
370 163 524 192 LIBER
547 161 609 190 11.
641 158 747 189 CAP.
769 161 901 189 xxll.
1129 160 1207 203 113

96 253 194 304 apud
231 252 414 302 quosdam
451 249 629 293 inveni03
661 249 708 285 A.
729 248 982 291 Postumium,
1012 249 1099 297 quia
1129 248 1208 285 col-

96 317 180 366 lega
206 316 328 352 dubiae
349 315 433 351 fidei
453 313 581 356 fuerit,
601 325 641 348 se
661 311 861 348 consulatu
879 311 1097 356 abdicasse3
1129 313 1208 348 dic-

94 388 258 418 tatorem
281 380 367 416 inde
386 378 539 415 factum.
595 376 711 412 Tanti
731 389 874 412 errores
902 375 1086 426 inplicant
1110 382 1209 412 tem-

95 456 244 495 porum,
265 442 374 480 aliter
393 441 490 491 apud
511 440 603 477 alios
625 440 806 476 ordinatis
831 440 1129 488 magistratibus,
1150 446 1207 484 ut,

93 522 163 546 nec
183 509 247 558 qui
272 507 443 544 consules
463 506 669 542 secundum
689 505 886 555 quosdam,
906 518 976 542 nec
998 506 1088 554 quid
1112 519 1208 555 quo-

93 586 166 623 que
195 586 295 609 anno
319 578 444 608 actum
467 571 528 613 sit,
553 572 592 606 in
620 577 729 606 tanta
746 577 948 614 vetustate,
976 583 1055 607 non
1082 583 1209 607 rerum

91 637 220 680 modo,
251 636 315 672 sed
347 636 461 671 etiam
494 641 706 678 auctorum,
737 635 907 684 digerere
942 636 1076 685 possis.
1132 635 1207 686 Ap.

90 699 270 736 Claudius
297 699 430 736 deiude
456 705 495 735 et
513 699 556 737 P.
577 699 754 736 Servilius
781 699 953 736 consules
979 699 1083 737 facti.
1140 698 1206 736 In·
1219 707 1261 739 U.
1278 707 1315 739 C.
1333 714 1409 740 259.

89 765 207 814 signis
225 765 287 801 hic
307 777 426 800 annus
448 770 505 800 est
522 765 664 801 nuncio
683 764 882 814 Tarquinii
901 765 1047 801 mortis.
1095 763 1206 801 Μοῐ-
1217 752 1257 784 A·
1273 751 1311 783 C·
1327 757 1403 785 4⁹³·

88 834 175 866 tuus
205 834 262 865 est
291 828 436 871 Cumis,
467 841 543 877 quo
572 841 611 864 se
639 835 727 879 post
754 828 893 865 fractas
922 841 1014 879 opes
1043 828 1206 865 Latino-

87 905 172 930 rum
208 893 257 929 ad
292 893 577 929 Aristodemum
611 900 816 942 tyrannum
853 892 1080 930 contulerat.
1144 893 1206 931 Eo

89 957 230 994 nuncio
263 957 378 993 erecti
406 957 553 999 Patres,
584 964 709 993 erecta
744 957 896 1008 plebes:
934 958 998 994 sed
1027 957 1204 994 Patribus
1217 963 1400 1012 MorstTar-

88 1020 200 1058 nimis
229 1019 424 1057 luxuriosa
452 1033 497 1057 ea
523 1020 597 1057 fuit
625 1021 782 1057 laetitia:
814 1021 930 1071 plebi,
957 1022 1018 1057 cui
1046 1022 1094 1058 ad
1123 1008 1332 1059 eamqumh·

89 1085 189 1121 diem
215 1097 361 1121 summa
389 1098 462 1135 ope
489 1085 710 1121 inservitum
736 1091 829 1129 erat,
850 1084 997 1135 injuriae
1018 1099 1041 1122 a
1064 1087 1208 1136 primo-

87 1147 190 1184 ribus
222 1148 303 1184 fieri
336 1161 496 1198 coepere.
551 1148 701 1185 Eodem
737 1161 838 1185 anno
876 1149 1008 1198 Signia
1040 1149 1207 1194 colonia,

87 1224 202 1261 quam
233 1224 299 1249 rex
330 1212 558 1262 Tarquinius
593 1213 812 1256 deduxerat,
843 1212 1018 1262 suppleto
1045 1226 1208 1249 numero

87 1275 326 1320 colonorum,
349 1277 487 1313 iterum
510 1277 671 1313 deducta
697 1283 766 1314 est.
821 1276 958 1313 Romae
980 1277 1100 1314 tribus
1130 1290 1207 1314 una

87 1346 126 1378 et
146 1340 283 1390 viginti
310 1341 434 1380 factae.
490 1341 610 1379 AEdes
635 1341 819 1379 RIercurii
847 1342 1021 1379 dedicata
1048 1347 1106 1379 est
1133 1342 1205 1378 idi-

84 1405 154 1442 bus
174 1405 303 1442 Maiis.

139 1468 279 1506 XXII.
304 1469 401 1505 Cum
419 1467 649 1506 Volscorum
667 1476 780 1518 gente
798 1469 943 1506 Latino
961 1470 1065 1507 bello
1083 1483 1205 1520 neque
1220 1475 1349 1523 Bellunji

86 1546 176 1584 pax,
196 1546 319 1583 neque
343 1533 486 1571 bellum
510 1533 657 1570 fuerat:
689 1547 779 1570 nam
801 1541 839 1570 et
858 1534 988 1571 Volsci
1008 1549 1203 1585 compara·
1217 1528 1296 1594 ξέιὲη
1312 1518 1391 1551 πμ

86 1604 221 1635 verant
249 1599 404 1642 auxilia,
434 1612 517 1649 qnae
551 1600 747 1635 mitterent
774 1599 939 1642 Latinis,
968 1601 1008 1635 ni
1038 1607 1205 1637 matura-
1248 1616 1251 1618 ·

88 1668 172 1699 tum
196 1662 243 1699 ab
271 1663 456 1700 dictatore
474 1663 655 1700 Romano
677 1670 776 1700 esset
794 1680 804 1707 3
836 1671 874 1700 et
899 1665 1103 1700 maturavit
1121 1665 1205 1702 Ro-

88 1738 236 1770 manuS,
263 1738 311 1762 ne
336 1726 473 1776 proelio
501 1739 578 1764 uno
605 1740 689 1763 cum
708 1726 852 1763 Latino
870 1727 1087 1777 Volscoque
1113 1742 1205 1766 con-

89 1789 273 1826 tenderet.
329 1789 415 1826 Hac
444 1791 501 1826 ira
522 1789 696 1826 consules
717 1791 758 1826 in
780 1789 963 1828 Volscum
991 1805 1123 1841 agrum
1151 1792 1206 1828 le-

90 1856 222 1904 giones
253 1856 404 1893 duxere.
460 1855 635 1899 Volscos,
660 1856 809 1893 consilii
837 1869 990 1907 poenam
1018 1869 1106 1892 non.
1126 1869 1206 1893 me-

89 1926 254 1964 tuentes,
285 1921 513 1972 necopinata
538 1933 595 1957 res
625 1920 796 1971 perculit.
851 1921 1057 1956 Armorum
1084 1921 1205 1957 inme-

90 1996 214 2020 mores
234 1983 383 2020 obsides
411 1985 502 2021 dant
524 1991 714 2021 trecentos
741 1984 954 2035 principum
982 1997 1004 2020 a
1025 1985 1125 2021 Cora
1147 1992 1205 2021 at·

91 2060 164 2096 que
184 2047 360 2085 Pometia
387 2048 527 2085 liberos
550 2064 556 2084 :
589 2050 643 2085 ita
671 2050 752 2085 sine
784 2049 990 2086 certamine
1019 2049 1106 2085 inde
1137 2049 1207 2086 ab-

92 2111 214 2148 ductae
242 2111 425 2161 legiones.
479 2113 564 2150 Nec
587 2114 640 2150 ita
659 2113 781 2150 multo
799 2120 886 2164 post
903 2112 1055 2149 Volscis
1073 2113 1205 2150 levatis

93 2181 197 2212 metu
226 2188 335 2213 suum
363 2178 474 2214 rediit
502 2179 722 2228 ingenium:
763 2190 888 2214 rursus
919 2176 1110 2214 occultum
1138 2190 1205 2228 pa·-

93 2246 180 2276 rant
207 2239 362 2284 bellum,
392 2241 569 2279 Hernicis
599 2243 638 2278 in
667 2243 887 2279 societatem
920 2254 1110 2278 armoriun
1140 2242 1206 2278 ad-

93 2304 239 2342 sumtis.
294 2304 461 2356 Legatos
492 2318 642 2359 quoque
670 2307 715 2344 ad
746 2306 1027 2344 sollicitandum
1050 2305 1206 2344 Latium
