1573 2598
418 144 574 174 Lmen
599 145 634 174 1.
667 144 776 174 οΑΡ.
801 145 869 174 LI.
1145 144 1198 188 71

85 242 179 268 esse:
209 233 341 267 tentari
361 231 523 281 profecto
542 232 771 280 patientiam,
793 236 844 274 ut,
864 233 895 267 si
910 230 1040 280 jugum
1058 247 1200 283 accepe-

82 296 170 338 rint,
191 295 353 331 obnoxios
370 301 522 344 premat.
582 294 648 331 Cui
673 296 766 330 enim
785 307 854 331 non
873 297 1058 344 adparere,
1079 299 1202 348 adfec-

85 363 162 394 tare
186 371 264 394 enm
289 361 475 407 imperium
500 360 537 394 in
557 358 708 394 Latinos
723 360 744 394 .9
774 359 877 399 Quod
897 361 928 395 si
952 362 1006 396 sui
1028 361 1201 398 benecre-

84 424 241 460 diderint
259 426 360 467 cives,
377 429 440 460 aut
456 425 487 460 sz·
505 425 677 460 creditum
696 424 800 466 illud,
817 429 851 459 et
869 437 938 460 non
955 431 1099 474 raptum
1114 440 1202 475 par-

84 488 225 530 ricidio,
247 489 307 530 sit,
332 489 470 523 credere
494 492 529 523 et
547 487 698 522 Latinos
720 488 951 535 (quamquam
978 501 1022 525 ne
1047 492 1097 526 sic
1125 493 1203 539 qui-

86 552 165 587 dem
184 551 403 598 alienigenae)
426 551 558 586 debere.
588 550 655 586 Sin
672 563 752 586 suos
769 550 842 597 ejus
852 554 1036 599 poeniteat,
1059 555 1206 603 (quippe

85 617 147 664 qui
171 616 237 651 alii
263 628 367 664 super
391 616 480 651 alios
510 616 741 657 trucidentur,
772 617 968 653 exsulatum
993 623 1088 661 eant,
1117 619 1207 656 bona

85 680 288 725 amittant,)
321 680 406 727 quid
432 680 505 727 spei
533 680 688 714 melioris
709 679 852 714 Latinis
874 683 1075 728 portendi.9
1103 683 1145 719 Si
1171 696 1208 719 se

86 745 250 786 audiant,
281 745 423 780 domum
450 756 552 779 suam
580 755 749 791 quemque
777 745 858 779 inde
885 745 1065 782 abituros:
1085 746 1208 796 *neque

86 809 202 856 magis
228 808 467 844 observaturos
495 809 588 843 diem
616 808 768 850 concilii,
804 821 910 856 quam
942 811 1027 857 ipse,
1063 813 1123 859 qui
1154 814 1207 848 in-

87 874 230 916 dixerit,
251 873 414 909 observet.
470 872 567 908 Haec
593 878 707 921 atque
726 871 800 908 alia
820 873 952 909 eodem
978 875 1208 924 pertinentia

87 937 289 973 seditiosus
308 937 621 986 facinorosusque
646 937 778 980 homo,
799 938 933 987 hisque
953 939 1096 976 artibus
1117 947 1217 991 opes*

90 999 193 1036 domi
230 1007 377 1043 nactus,
408 1013 524 1049 quum
561 1001 724 1036 maxime
757 1001 969 1046 dissereret,
1006 1003 1210 1040 intervenit

89 1063 331 1112 Tarquinius.
387 1063 425 1099 Is
461 1063 543 1099 finis
572 1063 737 1099 orationi
769 1063 854 1101 fuit.
910 1066 1045 1102 Aversi
1078 1080 1209 1104 omnes

89 1129 139 1164 ad
154 1129 405 1178 Tarquinium
424 1128 683 1164 salutandum:
716 1129 794 1178 qui,
816 1129 968 1165 silentio
987 1130 1105 1175 facto,
1127 1145 1210 1168 mo·

89 1193 193 1228 nitus
220 1206 243 1228 a
267 1193 464 1242 proximiS,
485 1198 527 1227 ut
555 1199 735 1241 purgaret
757 1205 810 1235 se,
832 1193 932 1242 quod
961 1194 999 1230 id
1027 1197 1208 1245 temporis

91 1257 269 1300 venisset,
290 1259 573 1305 disceptatorem,
598 1257 664 1299 ait,
688 1269 723 1292 se
739 1262 893 1293 sumtum
912 1260 1004 1295 inter
1017 1265 1159 1308 patrem
1178 1266 1212 1296 et

80 1321 206 1370 filium
221 1337 233 1358 .·
271 1334 357 1358 cura
391 1321 644 1356 reconciliandi
680 1332 736 1356 eos
772 1322 809 1356 in
839 1324 999 1369 gratiam
1036 1329 1213 1360 moratum

93 1397 188 1422 esse:
217 1390 264 1429 et,
286 1387 369 1433 quia
391 1398 431 1421 ea
460 1397 514 1420 res
540 1386 717 1420 exemisset
741 1386 843 1422 illum
869 1387 975 1430 diem,
998 1393 1136 1435 postero
1156 1390 1214 1425 die

94 1456 270 1493 acturam,
291 1463 367 1499 quae
385 1451 627 1486 constituisset.
683 1449 746 1485 Ne
774 1450 812 1486 id
831 1451 982 1499 quidem
1011 1452 1058 1488 ab
1078 1452 1211 1488 Turno

94 1516 225 1552 tulisse
250 1517 409 1552 tacitum
427 1516 555 1552 ferunt
573 1530 580 1550 ;
613 1515 751 1551 dixisse
770 1516 885 1558 enim,
908 1517 1057 1552 Nullam
1078 1518 1210 1554 brevio—

94 1592 168 1616 rem
187 1593 255 1616 esse
273 1582 517 1628 cognitionem,
535 1592 640 1628 quam
661 1581 751 1615 inter
766 1585 907 1627 patrem
927 1585 961 1616 et
967 1580 1104 1630 filium,
1117 1595 1211 1630 pan·
1253 1617 1259 1622 „

94 1645 208 1693 cisque
236 1646 386 1692 transigi
411 1645 522 1680 verbis
544 1656 673 1692 posse:
710 1646 749 1680 ni
771 1649 903 1692 pareat
925 1646 1040 1692 patri,
1070 1646 1210 1681 habitu-

94 1721 173 1744 rum
193 1708 426 1757 infortunium
441 1721 522 1745 esse.

148 1772 216 1809 LI.
246 1772 342 1808 Haec
361 1773 537 1808 Aricinus
558 1773 597 1807 in
619 1784 747 1821 regem
767 1771 986 1808 Romanum
1014 1772 1212 1823 increpans

96 1853 143 1876 ex
162 1839 325 1876 concilio
343 1839 449 1876 abiit.
505 1839 632 1878 Quam
654 1852 733 1874 rem
751 1838 980 1887 Tarquinius
1001 1839 1211 1892 aliquanto,

96 1917 208 1953 quam
228 1903 438 1946 videbatur,
460 1904 593 1952 aegrius
610 1903 749 1945 ferens,
771 1902 974 1938 confestim
992 1903 1125 1939 Turno
1145 1917 1211 1939 ne-

96 1979 177 2004 cem
205 1967 444 2003 machinatur
460 1983 470 2012 ;
503 1973 545 2002 ut
567 1967 739 2002 eumdem
759 1972 956 2009 terrorem,
978 1979 1054 2016 quo
1074 1968 1212 2004 civium

95 2033 240 2068 animos
264 2032 367 2068 domi
393 2032 644 2081 obpresserat,
666 2031 814 2066 Latinis
837 2029 1032 2080 injiceret:
1065 2037 1103 2067 et
1125 2033 1214 2081 quia
1225 2040 1276 2071 Ab
1292 2049 1329 2070 eo
1345 2042 1401 2071 ob-

96 2108 165 2145 pro
184 2096 342 2146 imperio
362 2096 486 2146 palam
506 2096 666 2131 interfici
685 2108 762 2131 non
783 2101 947 2144 poterat,
965 2095 1096 2131 oblato
1115 2095 1213 2132 falso
1227 2083 1384 2124 primitur.

97 2161 253 2197 crimine
279 2162 469 2197 insontem
491 2161 691 2211 obpressit.
748 2160 821 2196 Per
846 2161 1010 2196 adversae
1035 2161 1214 2197 factionis

100 2224 282 2272 quosdam
307 2225 483 2260 Aricinos
513 2237 661 2260 servum
686 2224 808 2259 Turni
838 2237 930 2259 auro
953 2225 1142 2273 conrupit,
1174 2231 1216 2260 ut

99 2288 140 2324 in
161 2289 416 2325 deversorium
435 2287 514 2339 ejus
533 2289 610 2324 vim
638 2301 815 2337 magnam
845 2288 1057 2337 gladiorum
1085 2287 1215 2326 inferi-i
