1573 2598
412 154 568 182 mmm
594 153 663 182 ιν.
696 153 802 181 CAr.
827 152 947 181 x111.
1152 150 1230 194 277

118 243 297 284 animam,
328 240 514 292 capitibus
544 239 734 276 obvolutis
764 253 804 276 se
832 241 872 276 in
900 239 1070 276 Tiberim
1098 240 1231 290 praeci-

118 309 348 359 pitaverunt.

174 371 290 407 XllI.
320 370 420 406 Tum
443 369 505 419 Sp.
525 367 676 405 Maeljus
700 381 747 404 ex
769 368 934 417 equestri
956 368 1100 411 ordine,
1120 373 1163 404 ut
1185 366 1230 402 il-
1244 375 1436 411 Periculosae

118 435 164 471 lis
194 434 443 484 temporibus,
469 433 662 483 praedives,
692 444 770 467 rem
801 431 944 474 utilem,
971 433 1135 482 pessimo
1164 445 1230 468 ex·
1244 420 1424 495 lsasgilelv‘gffis

119 499 259 550 emplo,
298 497 427 549 pejore
464 496 638 539 consilio,
677 503 734 532 est
773 497 998 544 adgressus:
1038 496 1230 534 frumento
1267 474 1298 504 p.
1335 486 1346 494 Δ
1417 487 1426 495 ’

119 576 282 612 namque
314 575 360 598 ex
389 562 544 597 Etruria
572 561 720 609 privata
749 562 911 610 pecunia
940 573 1006 610 per
1037 561 1233 610 hospitum

119 629 388 676 clientiumque
416 626 625 661 ministeria
657 631 821 668 coemto,
851 627 964 674 (quae,
995 627 1121 668 credo,
1151 627 1234 675 ipsa

118 705 177 728 res
197 692 244 728 ad
263 691 460 727 levandam
479 689 631 739 publica
652 702 741 725 cura
760 702 953 726 annonam
972 690 1232 739 inpedimento

117 755 259 803 fuerat)
291 755 512 803 largitiones
544 753 726 789 frumenti
756 753 880 789 facere
916 754 1110 789 instituit:
1149 753 1230 803 ple-

117 819 292 868 bemque,
328 820 402 854 hoc
438 830 593 855 munere
622 817 831 860 delinitam,
863 830 1098 866 quacumque
1128 818 1232 853 ince-

118 885 234 926 deret,
262 890 486 932 conspectus
516 882 711 930 elatusque
741 894 854 931 snpra
884 882 1036 917 modum
1065 882 1231 917 hominis

117 949 268 997 privati,
300 959 424 983 secum
462 947 636 990 trahere3
676 946 777 981 haud
807 945 961 981 dubium
992 945 1232 981 consulatum

117 1011 248 1047 favore
267 1023 310 1046 ac
330 1022 395 1059 spe
415 1010 725 1059 despondentem.
784 1009 884 1059 Ipse,
907 1016 948 1044 ut
968 1015 1025 1045 est
1043 1009 1229 1045 humanus

118 1076 264 1110 animus
286 1074 510 1110 insatiabilis
530 1086 590 1117 eo,
612 1073 713 1122 quod
732 1072 886 1109 fortuna
906 1073 1081 1123 spondet,
1104 1073 1150 1109 ad
1174 1073 1229 1108 al-

116 1140 216 1176 tiora
237 1146 274 1175 et
292 1152 372 1175 non
401 1151 582 1175 concessa
606 1139 759 1175 tendere
778 1153 785 1173 z
818 1145 869 1181 et,
892 1139 1072 1187 qnoniam
1092 1151 1228 1174 consu-

118 1202 214 1238 latus
245 1215 395 1251 quoque
432 1203 644 1252 eripiendus
677 1203 805 1238 invitis
835 1203 1011 1238 Patribus
1042 1209 1153 1245 esset,
1184 1203 1230 1238 de

116 1279 234 1315 regno
271 1267 439 1315 agitare:
478 1267 516 1303 id
552 1279 670 1302 unum
707 1266 861 1314 dignum
898 1272 1009 1302 tanto
1046 1266 1228 1316 adparatu

118 1329 362 1366 consiliorum
389 1336 427 1366 et
453 1331 672 1372 certamine,
694 1330 795 1378 quod
817 1330 949 1378 ingens
970 1330 1229 1366 exsudandum

116 1400 228 1436 esset,
256 1395 450 1443 praemium
480 1394 574 1430 fore.
630 1393 718 1429 Jam
745 1394 900 1429 comitia
926 1393 1140 1429 consularia
1169 1395 1227 1430 in-

117 1457 295 1494 stabant:
333 1470 415 1506 quae
444 1470 502 1493 res
533 1470 632 1500 eum,
662 1457 823 1493 necdum
853 1458 1073 1507 compositis
1103 1464 1227 1493 matu-

115 1522 213 1557 risve
232 1522 323 1557 satis
343 1522 526 1564 consiliis,
547 1521 748 1571 obpressit.
792 1521 937 1557 Consul
957 1529 1105 1558 sextum
1125 1535 1228 1558 crea·
1243 1536 1285 1566 U.
1304 1536 1340 1566 c,
1358 1541 1433 1567 316.

115 1591 176 1620 tus
204 1585 252 1620 T.
281 1585 484 1624 Quinctius
514 1584 769 1634 Capitolinus,
799 1585 954 1620 minime
991 1592 1228 1635 opportunus
1242 1580 1282 1609 A·
1299 1579 1335 1609 C·
1356 1584 1431 1610 43⁶·

116 1649 172 1683 vir
199 1648 357 1683 novanti
386 1660 444 1683 res
464 1662 471 1682 t
505 1647 653 1696 collega
678 1648 828 1683 additur
853 1647 887 1683 ei
907 1648 1078 1697 Agrippa
1095 1648 1232 1686 Mene—

119 1712 216 1754 nius,
247 1711 308 1747 cui
336 1710 489 1748 Lanato
517 1718 599 1747 erat
627 1724 867 1759 cognomen:
901 1718 938 1747 et
965 1712 1013 1747 L.
1036 1711 1231 1748 Minucius

118 1774 317 1824 praefectus
338 1787 513 1817 annonae,
535 1786 601 1810 seu
622 1774 800 1816 refectus,
821 1786 900 1817 seu,
922 1775 1047 1823 quoad
1065 1787 1122 1810 res
1142 1788 1232 1825 pos-

118 1843 233 1880 ceret,
273 1839 311 1873 in
354 1839 540 1874 incertum
577 1845 750 1874 creatus:
796 1838 892 1874 nihil
929 1840 1028 1875 enim
1066 1845 1233 1883 constat,

117 1900 191 1937 nisi
219 1901 259 1936 in
292 1901 409 1937 libros
438 1901 577 1937 linteos
612 1911 772 1950 utroque
805 1914 906 1938 anno
939 1902 1100 1938 relatum
1132 1903 1233 1939 inter

118 1963 362 2011 magistratus
389 1964 557 2013 praefecti
582 1977 736 2001 nomen.
792 1964 871 2001 Hic
891 1965 1101 2009 Minucius,
1129 1979 1233 2002 eam·-

119 2027 204 2063 dem
230 2027 380 2077 publice
409 2029 645 2065 curationem
676 2040 806 2077 agenS,
833 2041 949 2077 quam.
974 2028 1124 2065 Maelius
1154 2031 1232 2080 pri-

119 2091 238 2126 vatim
261 2092 447 2139 agendam
470 2100 701 2142 susceperat,
722 2105 837 2141 quum
864 2094 903 2128 in
930 2099 1087 2141 utraque
1119 2094 1233 2130 domo

122 2166 240 2202 genus
274 2155 374 2191 idem
409 2157 609 2193 hominum
636 2163 861 2200 versaretur,
892 2169 972 2193 rem
1001 2164 1238 2207 compertam.

122 2218 170 2254 ad
199 2222 371 2255 senatum
402 2221 532 2263 refert,
570 2222 656 2257 Tela
684 2223 721 2257 in
750 2223 892 2258 donnum
923 2222 1038 2257 Maelii
1066 2221 1233 2269 conferri,

120 2293 268 2332 eumque
295 2285 472 2321 conciones
501 2286 598 2321 domi
634 2284 786 2322 habere:
823 2298 865 2322 ac
900 2297 972 2321 non
999 2285 1109 2321 dubia
1134 2287 1236 2334 regni
