1573 2598
334 191 414 234 268
785 208 832 238 r.
854 209 987 239 mvn

119 296 162 328 U.
178 297 216 328 C.
232 305 306 330 310.
333 297 371 328 et
390 305 447 329 res
468 306 491 329 a
510 293 698 343 perpetuis
728 295 964 332 orationibus
988 295 1026 331 in
1055 294 1341 335 altercationem
1359 311 1442 336 ver-

117 341 210 372 A'C·
226 348 301 374 44²·
331 356 440 392 tisset
455 373 465 402 3
502 357 751 406 interroganti
779 358 948 401 tribuno,
979 371 1041 395 cur
1064 359 1239 407 plebeium
1267 363 1445 399 consulem

317 421 407 469 fieri
424 433 492 456 non
512 425 691 468 oporteret
707 423 728 456 ,9
755 427 796 457 ut
814 421 975 458 fortasse
994 435 1094 465 vere,
1124 423 1178 459 sic
1206 436 1337 474 parum
1366 426 1442 462 uti-

329 482 416 520 liter
434 484 474 520 in
493 496 655 533 praesens
676 490 865 522 certamen
894 486 1102 536 respondit,
1124 488 1219 535 quod
1241 499 1344 524 nemo
1365 490 1445 537 ple-

329 548 423 584 beius
442 550 603 597 auspicia
628 549 795 586 haberet:
823 551 968 598 ideoque
996 552 1207 587 decemviros
1234 553 1445 590 connubium

330 612 522 654 diremisse,
545 625 588 648 ne
608 614 742 649 incerta
762 614 866 661 prole
886 615 1045 662 auspicia
1064 614 1300 651 turbarentur.
1356 615 1443 652 Ple-

328 673 395 711 bes
415 676 462 712 ad
487 676 526 712 id
547 677 709 714 maxime
731 677 994 726 indignatione
1020 677 1173 721 exarsit,
1194 679 1296 728 quod
1314 681 1441 730 auspi-

329 739 420 782 cari,
440 745 634 789 tamquam
663 741 774 776 invisi
792 740 877 777 Diis
907 740 1184 784 inmortalibus,
1215 748 1444 791 negarentur

328 815 464 853 posse:
496 817 566 840 nec
585 811 673 841 ante
692 804 776 841 finis
806 806 1096 841 contentionum
1122 804 1209 849 fuit,
1243 807 1376 855 (quum
1405 812 1443 843 et

327 867 523 904 tribunum
551 869 771 905 acerrimum
803 874 996 905 auctorem
1023 867 1151 918 plebes
1180 875 1293 906 nacta
1329 875 1442 914 esset,

113 934 270 966 perfertur
329 939 368 970 et
385 933 468 983 ipsa
487 947 572 970 cum
590 947 636 970 eo
664 934 871 984 pertinacia
900 933 1078 980 certaret)
1110 947 1221 982 quam
1241 935 1329 971 victi
1357 942 1444 972 tan-

113 978 309 1052 ffffb‘ilgfon'
330 996 415 1033 dem
442 997 589 1040 Patres,
620 1003 662 1033 ut
692 997 737 1033 de
765 996 957 1033 connubio
986 995 1160 1040 ferretur,
1192 1010 1439 1035 consensere:

330 1061 385 1098 ita
402 1062 566 1097 maxime
585 1062 658 1097 rati
677 1062 965 1098 contentionem
984 1060 1028 1097 de
1047 1059 1204 1110 plebeiis
1225 1061 1442 1102 consulibus

328 1125 503 1162 tribunos
524 1131 590 1162 aut
607 1131 731 1162 totam
749 1125 1000 1175 depositurOS,
1028 1131 1094 1161 aut
1115 1132 1203 1175 post
1227 1125 1365 1162 bellum
1387 1127 1442 1163 di-

329 1189 473 1227 laturos
503 1203 609 1236 esse3
643 1196 938 1239 contentamque
963 1189 1115 1225 interim
1142 1189 1334 1226 connubio
1363 1190 1442 1241 ple-

330 1253 417 1290 bem
445 1260 615 1304 paratam
645 1254 807 1290 delectui
835 1253 929 1289 fore.
976 1253 1104 1292 Quum
1135 1252 1337 1290 Canuleius
1367 1255 1444 1291 vic·

329 1318 430 1354 toria
452 1317 496 1354 de
517 1318 693 1355 Patribus
720 1324 758 1354 et
780 1317 899 1368 plebis
924 1317 1053 1354 favore
1079 1318 1211 1367 ingens
1243 1324 1354 1361 esset,
1381 1331 1443 1355 ac-

330 1381 433 1419 censi
470 1381 535 1418 alii
564 1381 707 1418 tribuni
737 1382 783 1418 ad
815 1388 1005 1418 certamen
1042 1394 1111 1431 pro
1144 1383 1344 1431 rogatione
1376 1394 1445 1419 sua

330 1457 478 1482 summa
494 1446 531 1481 vi
550 1451 736 1496 pugnant,
758 1451 809 1488 et,
831 1451 1023 1481 crescente
1047 1445 1086 1481 in
1112 1445 1187 1481 dies
1213 1445 1316 1482 fama
1340 1444 1442 1489 belli,

332 1509 518 1548 delectum
546 1510 755 1560 inpediunt.
814 1509 1013 1553 Consules,
1034 1522 1149 1558 quum
1171 1523 1238 1559 per
1256 1516 1446 1553 senatum,

334 1573 651 1611 intercedentibus
685 1573 862 1617 tribunis,
891 1573 987 1609 nihil
1020 1574 1082 1622 agi
1113 1579 1255 1624 posset,
1288 1573 1446 1610 consilia

333 1639 545 1688 principum
566 1638 667 1674 domi
687 1637 898 1674 habebant:
931 1637 1151 1688 adparebat,
1171 1643 1236 1673 aut
1255 1636 1444 1680 hostibus,

334 1708 400 1739 aut
419 1702 562 1739 civibus
589 1702 633 1738 de
658 1702 818 1738 victoria
842 1702 1123 1738 concedendum
1141 1713 1233 1738 esse.
1291 1701 1370 1737 Soli
1399 1714 1446 1738 ex

333 1766 594 1803 consularibus
611 1766 782 1802 Valerius
804 1772 917 1815 atque
936 1765 1121 1802 Horatius
1141 1778 1219 1801 non
1239 1765 1445 1801 intererant

333 1830 513 1866 consiliis.
571 1830 614 1866 C.
636 1829 785 1866 Claudii
805 1830 994 1865 sententia
1018 1828 1190 1865 consules
1217 1827 1387 1864 armabat
1406 1828 1446 1864 in

337 1894 529 1930 tribunos:
573 1894 855 1937 Quinctiorum,
890 1893 1182 1942 Cincinnatique
1214 1898 1252 1928 et
1289 1891 1447 1941 Capito-

334 1957 416 2001 lini,
455 1958 652 1994 sententiae
690 1957 946 1994 abhorrebant
982 1971 1005 1994 a
1041 1957 1141 1994 caede
1172 1955 1446 2005 violandisque,

334 2033 443 2072 quos,
464 2022 606 2059 foedere
634 2022 711 2058 icto
741 2034 825 2058 cum
852 2021 974 2071 plebe,
1002 2027 1261 2057 sacrosanctos
1282 2021 1446 2071 accepis-

119 2099 175 2130 Tr.
193 2096 279 2128 mili·
334 2093 430 2124 sent.
488 2087 560 2123 Per
584 2088 666 2123 haec
691 2086 849 2123 consilia
874 2099 919 2122 eo
948 2086 1108 2122 deducta
1134 2097 1191 2121 res
1221 2090 1291 2127 est,
1313 2092 1353 2120 ut
1378 2085 1447 2121 tri·

119 2150 287 2224 ἱῖἷὲῐξῗζ
335 2152 458 2189 bunos
479 2151 640 2188 militum
657 2150 846 2188 consulari
865 2142 1053 2201 potestate
1072 2150 1284 2199 promiscue
1309 2161 1354 2185 ex
1374 2148 1446 2185 Pa-

121 2229 240 2259 testate.
336 2216 456 2252 tribus
483 2228 526 2252 ac
554 2215 661 2265 plebe
687 2216 805 2252 creari
831 2216 1022 2259 sinerent,
1055 2214 1100 2250 de
1126 2213 1342 2250 consulibus
1366 2225 1446 2249 cre-

338 2280 444 2316 andis
464 2279 558 2315 nihil
578 2285 785 2315 mutaretur
802 2293 810 2314 2
843 2291 962 2328 eoque
982 2278 1153 2314 contenti
1175 2277 1333 2320 tribuni,
1353 2289 1446 2313 con·

337 2342 444 2379 tenta
470 2342 575 2392 plebs
605 2342 688 2379 fuit.
746 2342 913 2381 Comitia
937 2341 1098 2379 tribunis
1126 2340 1315 2378 consulari
1336 2346 1445 2391 pote-
