1573 2598
316 169 398 202 112
779 169 824 199 Τ.
848 169 982 201 len

312 270 432 310 prope
449 257 744 295 circumventam
761 256 870 301 vidit,
890 269 937 294 ex
962 255 1193 294 subsidiariis
1212 257 1425 310 manipulos

313 321 459 371 aliquot
487 321 526 357 in
555 320 715 371 primam
740 321 860 358 aciem
878 333 1005 358 secum
1026 321 1126 372 rapit
1144 335 1152 357 :
1183 321 1254 358 hos
1273 323 1425 372 agmine

312 386 506 423 venientes
531 384 577 421 T.
597 384 818 421 Herminius
846 384 993 434 legatus
1024 386 1278 436 conspicatust,
1307 386 1425 423 inter-

312 462 387 500 que
414 461 479 486 eos
505 449 692 498 insignem
710 456 813 486 veste
843 450 1030 500 armisque
1056 451 1271 488 Mamilium
1299 451 1428 488 nosci-

312 517 413 557 tans,
442 518 552 549 tanto
577 513 615 548 vi
641 511 801 563 majore,
830 527 943 563 quam
972 514 1100 565 paullo
1128 521 1216 551 ante
1244 515 1432 563 magister

312 578 496 626 equitum,
526 589 612 613 cum
643 577 811 614 hostium
846 578 941 615 duce
973 578 1149 629 proelium
1181 579 1280 622 iniit,
1313 585 1357 614 ut
1388 584 1428 615 et

311 654 390 679 uno
417 643 497 678 ictu
522 642 747 679 transfixum
774 655 841 693 per
868 642 967 680 latus
993 644 1175 680 occiderit
1192 643 1424 687 Mamilium,

312 712 351 743 et
378 706 458 756 ipse
486 707 587 743 inter
614 706 853 757 spoliandum
881 720 1016 759 corpus
1042 708 1163 745 hostis
1182 714 1316 744 veruto
1342 719 1429 758 per·

311 781 457 814 cussuS,
486 783 602 819 quum
628 771 753 807 victor
779 771 819 807 in
853 778 976 808 castra
1010 778 1109 808 esset
1139 771 1294 816 relatus,
1328 771 1437 808 inter

311 835 472 885 primam
500 836 735 872 curationem
761 836 1020 886 exspiraverit.
1075 835 1175 872 Tum
1205 835 1252 872 ad
1281 835 1425 884 equites

311 899 479 936 dictator
511 899 677 943 advolat,
707 899 921 943 obtestans,
948 906 1004 943 ut,
1033 899 1135 936 fesso
1164 898 1248 949 jam
1283 899 1429 949 pedite,

311 963 542 1001 descendant
570 976 617 1000 ex
645 965 764 1014 equi8‚
785 970 824 1001 et
851 977 1020 1014 pugnam
1040 969 1251 1014 capessant.
1306 963 1426 1000 Dicto

311 1044 493 1082 paruere:
525 1031 704 1068 desiliunt
729 1044 777 1068 ex
806 1032 925 1081 equiS‚
948 1031 1152 1082 provolant
1179 1033 1218 1069 in
1246 1033 1427 1082 primum,

310 1102 349 1132 et
375 1108 447 1146 pro
471 1096 730 1144 antesignanis
759 1109 908 1146 parmas
929 1096 1129 1147 objiciunt.
1185 1096 1340 1146 Recipit
1359 1109 1426 1133 ex-

309 1160 453 1211 templo
476 1161 643 1197 animum
672 1160 854 1210 pedestris
874 1161 989 1204 acies,
1018 1167 1220 1210 postquam
1242 1159 1425 1210 juventu-

308 1225 357 1261 tis
387 1237 560 1275 proceres
591 1230 740 1273 aequato
768 1237 906 1272 genere
941 1237 1080 1275 pugnae
1116 1237 1242 1261 secum
1278 1230 1428 1275 partem

309 1288 467 1338 periculi
484 1288 715 1325 sustinentes
731 1288 838 1325 vidit.
891 1288 992 1325 Tum
1018 1289 1168 1326 demum
1186 1288 1326 1339 inpulsi
1345 1288 1423 1326 La-

308 1353 395 1396 tini,
428 1351 673 1403 perculsaque
710 1351 911 1388 inclinavit·
943 1353 1055 1390 acies.
1110 1352 1242 1402 Equiti
1280 1352 1425 1389 admoti

310 1418 410 1467 equi,
431 1423 474 1453 ut
491 1416 665 1467 persequi
682 1416 832 1452 hostem
852 1425 980 1467 posset
998 1434 1006 1454 ·.
1039 1424 1168 1454 secuta
1187 1424 1224 1454 et
1243 1417 1429 1467 pedestris-

309 1482 421 1520 acies.
478 1481 553 1526 Ibi,
571 1480 667 1517 nihil
694 1493 765 1517 nec
787 1481 922 1518 divinae
943 1494 1014 1518 nec
1035 1482 1209 1518 humanae
1229 1481 1312 1531 opis
1331 1480 1437 1517 Die-

308 1553 412 1583 tator
439 1544 746 1596 praetermittenS‚
777 1544 894 1581 aedem
924 1545 1075 1582 Castori
1104 1545 1251 1582 vovisse
1278 1544 1422 1581 fertur:

309 1623 353 1647 ac
373 1610 645 1661 pronunciasse
666 1608 778 1645 militi
806 1610 974 1660 praemia,
999 1611 1062 1659 qui
1091 1610 1247 1660 primus,
1271 1609 1334 1658 qui
1364 1620 1422 1645 se-

308 1674 468 1717 candus,
497 1681 621 1709 castra
648 1672 816 1710 hostium
844 1674 1045 1710 intrasset:
1081 1679 1284 1721 tantusque
1313 1672 1424 1709 ardor

306 1739 393 1782 fuit,
424 1744 467 1774 ut
496 1737 628 1774 eodem
660 1738 806 1788 inpetu,
840 1751 916 1787 quo
944 1738 1121 1775 fuderant
1151 1738 1315 1779 hostem,
1339 1735 1422 1772 Ro-

305 1803 407 1840 mani
428 1808 551 1839 castra
569 1808 759 1853 caperent.
816 1802 906 1839 Hoc
931 1802 1046 1840 modo
1072 1802 1118 1839 ad
1146 1801 1270 1839 lacum
1287 1799 1423 1849 Regil-

304 1867 382 1903 lum
410 1874 620 1917 pugnatum
645 1872 714 1904 est.
770 1866 950 1904 Dictator
978 1874 1016 1903 et
1046 1867 1227 1916 magiSter
1251 1865 1421 1915 equitum

301 1930 579 1980 triumphantes
600 1929 639 1966 in
660 1929 792 1967 urbem
811 1931 966 1968 rediere.

87 1995 130 2028 U.
147 1996 183 2027 C·
201 2000 275 2028 256·
354 1994 471 2031 XXI.
500 1993 684 2030 Triennio
710 1994 845 2030 deinde
868 2007 938 2031 nec
958 2000 1062 2031 certa
1082 2005 1178 2043 pax,
1191 2005 1261 2029 nec
1278 1991 1421 2030 bellum

85 2041 125 2070 A.
143 2039 179 2071 C
197 2044 271 2074 49⁶⁸
299 2059 384 2097 fuit.
442 2057 627 2095 Consules
655 2058 703 2098 Q.
725 2057 882 2095 Cloelius
910 2066 948 2095 et
969 2058 1016 2095 T.
1035 2057 1202 2095 Lartius.
1258 2055 1354 2094 Inde
1371 2057 1421 2095 A.

85 2119 129 2151 U·
145 2120 182 2152 C·
199 2127 272 2157 2⁵7·
302 2123 546 2174 Sempronius
571 2129 608 2158 et
629 2121 686 2159 M.
706 2122 914 2160 Minucius.
971 2122 1044 2159 His
1074 2121 1292 2158 consulibus
1322 2121 1419 2158 aedes

83 2165 125 2195 A
142 2164 180 2195 C
197 2171 271 2198 ⁴⁹⁵
302 2189 467 2225 Saturno
489 2187 687 2224 dedicata:
721 2187 937 2225 Saturnalia
959 2188 1155 2224 institutus
1180 2186 1298 2223 festus
1327 2186 1419 2224 dies.

302 2253 351 2289 A.
370 2252 504 2288 deiude
523 2251 741 2288 Postumius
768 2259 808 2289 et
829 2252 876 2289 T.
896 2251 1090 2301 Virginius
1117 2249 1289 2287 consules
1313 2248 1431 2288 facti..

80 2304 183 2380 ἓξ·
191 2311 277 2382 ἒξ·
305 2316 394 2356 Hoc
424 2317 575 2356 demum
602 2328 704 2355 anno
733 2316 782 2355 ad
808 2315 1003 2369 Regillum
1037 2315 1162 2355 lacum
1192 2318 1418 2368 Pugnafum³
