1573 2598
57 234 102 273 11.
117 237 156 268 c.
172 243 246 271 309.

56 281 101 313 Aa
114 281 153 312 C.
169 286 243 312 443.

54 2098 224 2138 Congestae

53 2141 86 2171 in
102 2141 142 2172 T.

51 2183 246 2214 Quinctium

50 2226 174 2259 laudes.

278 142 361 189 254
732 144 776 173 τ.
801 144 934 174 mvn

277 240 330 272 ter
359 247 422 272 nos
446 235 685 277 altercantes‚·
712 235 878 282 praesenti
898 245 989 282 pace
1014 234 1102 278 laeti,
1122 247 1186 272 nec
1207 239 1392 276 cernentes,

274 311 317 336 ex
335 301 407 336 otio
427 299 490 335 illo
509 298 603 334 brevi
621 298 810 346 multiplex
827 298 955 334 bellum
974 299 1185 334 rediturum.
1242 299 1312 335 His
1328 309 1392 345 ego

270 366 436 412 gratiora
458 364 556 399 dictu
585 363 661 398 alia
688 374 760 398 esse
786 363 882 398 scio:
909 363 971 398 sed
998 375 1054 398 me
1078 375 1162 399 vera
1187 375 1256 411 pro
1277 363 1394 410 gratis

273 430 385 477 loqui,
407 429 470 464 etsi
494 439 610 463 meum
635 428 812 474 ingenium
838 439 909 463 non
935 433 1103 471 moneret,
1124 429 1308 464 necessitas
1332 437 1392 462 co-

271 494 340 541 git.
409 492 542 527 Vellem
583 492 746 538 equidem
776 491 870 527 vobis
908 492 1066 539 placere,
1107 492 1294 535 Quirites‚·
1334 490 1395 527 sed

274 557 389 593 multo
407 556 503 591 malo
527 567 588 591 vos
610 555 725 591 salvos
748 566 831 597 esse,
852 556 1098 603 qualicumque
1121 567 1209 604 erga
1235 568 1289 591 me
1313 557 1392 592 ani-

273 633 332 656 mo
349 619 476 669 futuri
499 621 591 655 estis.
648 619 796 655 Natura
821 619 886 656 hoc
913 621 965 655 ita
985 625 1233 668 comparatutn
1252 625 1315 663 esc,
1336 625 1391 663 ut,

275 686 337 732 qui
355 686 454 733 apud
472 685 736 720 multitudinem
759 696 826 720 sua
848 696 972 720 caussa
998 685 1170 732 loquitur,
1188 686 1329 732 gratior
1353 696 1394 720 eo

273 750 333 792 sit,
358 747 455 795 cujus
476 761 572 784 mens
598 748 701 790 nihil,
725 753 858 796 praeter
873 749 1057 796 publicum
1080 750 1313 791 commodum,
1340 751 1392 785 vi-

275 814 362 850 det:
389 814 458 849 nisi
474 812 579 862 sorte
606 814 848 849 adsentatores
875 812 1045 858 publicos,
1073 813 1263 859 plebicolas
1293 814 1388 856 istos,

275 878 338 925 qui
363 889 422 912 vos
448 888 512 912 nec
537 878 574 912 in
601 878 710 912 armis
733 888 798 912 nec
818 877 854 912 in
872 877 945 912 otio
963 888 1032 912 esse
1049 878 1180 917 sinunt,
1201 881 1317 912 vestra
1333 888 1393 912 vos

275 954 400 978 caussa
433 943 585 978 incitare
616 946 651 978 et
681 942 868 977 stimulare
900 941 1050 988 putatis.
1110 940 1301 984 Concitati‚
1330 947 1395 978 aut

276 1006 413 1049 honori,
444 1010 509 1042 aut
538 1007 688 1054 quaestui
717 1006 789 1041 illis
816 1006 925 1041 estis:
954 1009 990 1040 et
1023 1006 1107 1053 quia
1139 1006 1177 1040 in
1206 1006 1396 1043 concordia

274 1070 441 1106 ordinum
468 1070 584 1105 nullos
610 1081 649 1106 se
675 1081 823 1117 usquam
851 1080 922 1104 esse
952 1069 1086 1110 vident,
1125 1069 1230 1104 malae
1259 1071 1311 1106 rei
1342 1081 1392 1113 se,

275 1147 384 1182 quam
412 1135 557 1176 nullius,
580 1134 763 1170 turbarum
792 1145 836 1169 ac
861 1134 1086 1174 seditionum,
1108 1133 1212 1169 eluces
1233 1145 1303 1170 esse
1329 1146 1390 1170 vo-

276 1199 365 1235 lunt.
424 1199 586 1239 Quarum
614 1211 731 1234 rerum
763 1199 794 1233 si
821 1209 880 1234 vos
914 1199 1057 1233 toedz‘um
1091 1199 1233 1233 tandem
1266 1211 1392 1247 capere

270 1266 402 1310 potest,
431 1267 467 1298 et
487 1267 638 1310 patrum
655 1266 855 1308 vestrosque
880 1262 1046 1308 antiquos
1065 1273 1177 1297 mores
1193 1263 1301 1298 vultis
1321 1274 1390 1310 pro

275 1330 329 1366 his
356 1331 454 1366 novis
479 1341 629 1372 sumere,
658 1329 762 1365 nulla
787 1329 967 1377 supplicia
995 1341 1115 1365 recuso
1130 1345 1143 1373 3
1170 1331 1239 1365 nisi
1262 1330 1390 1377 paucis

275 1394 394 1431 diebus
412 1393 473 1430 hos
495 1395 724 1442 populatores
745 1405 915 1441 agrorum
936 1398 1136 1430 nostrorum
1148 1393 1257 1443 fusos
1270 1394 1390 1444 fuga-

275 1463 395 1506 tosque
414 1460 539 1495 castris
557 1470 697 1500 exuero,
717 1462 751 1494 et
773 1470 795 1493 a
811 1459 927 1505 portis
944 1459 1072 1494 nostris
1089 1459 1324 1507 moenibusque
1341 1459 1391 1495 ad

272 1524 417 1559 illorum
444 1524 544 1560 urbrs
565 1523 657 1559 hunc
682 1522 764 1559 belli
790 1527 971 1564 terrorem,
993 1535 1062 1571 quo
1088 1535 1183 1559 nunc·
1202 1535 1262 1560 vos
1283 1524 1388 1560 adto-

271 1588 340 1623 niti
357 1588 450 1629 estis,
473 1588 696 1623 transtulero.

324 1650 478 1687 LXIX.
509 1650 615 1687 Raro
645 1650 736 1686 alias
765 1649 909 1692 tribuni
948 1650 1140 1700 popularis
1171 1650 1296 1686 oratio
1324 1662 1388 1686 ac-

272 1715 418 1764 ceptior
440 1713 557 1764 plebi,
584 1726 697 1764 quam
722 1721 814 1749 tunc
843 1714 1068 1750 severissimi
1092 1713 1272 1756 consulis,
1302 1711 1388 1751 fuit.

271 1779 295 1814 J
300 1785 458 1814 uventus
481 1791 645 1828 quoque,
667 1779 869 1828 quaeflinter
886 1778 980 1814 tales
1002 1784 1123 1814 metus
1141 1778 1386 1815 detrectatio-

272 1855 359 1878 nem
382 1842 526 1879 militiae
557 1842 674 1878 telum
703 1843 927 1879 acerrimum
957 1841 1135 1878 adversus
1154 1841 1289 1877 Patres
1314 1841 1384 1876 ha-

270 1905 360 1941 bere
380 1905 493 1942 solita
513 1912 606 1949 erat,
625 1919 730 1944 arma
749 1912 787 1942 et
806 1905 946 1941 bellum
967 1905 1165 1955 spectabat
1183 1919 1190 1940 z
1223 1909 1261 1940 et
1277 1916 1386 1953 agre-

270 1972 385 2008 stium
413 1971 506 2021 fuga
534 1972 761 2022 spoliatique
790 1972 829 2007 in
858 1972 957 2020 agris
987 1977 1027 2007 et
1044 1970 1244 2012 vulnerati,
1273 1970 1385 2007 foedi-

271 2048 338 2071 ora
367 2036 426 2078 iis,
458 2048 540 2085 quae
564 2034 864 2086 subjiciebantur
886 2033 1020 2078 oculis,
1051 2034 1290 2077 nunciantes,
1325 2041 1387 2071 to-

270 2105 348 2135 tam
371 2099 505 2136 urbem
531 2100 588 2135 ira
609 2098 809 2149 inplevere.
867 2098 914 2135 In
943 2107 1122 2135 senatum·
1147 2097 1209 2134 ubi
1231 2104 1384 2135 ventum

270 2168 341 2206 est,
371 2162 425 2199 ibi
453 2175 543 2199 vero
571 2163 611 2198 in
640 2162 865 2203 Quinctium
893 2175 1023 2198 omnes
1054 2162 1164 2205 versi,
1194 2168 1236 2198 ut
1265 2174 1383 2199 unum

270 2227 457 2263 vindicem
486 2225 694 2277 majestatis
726 2226 911 2272 Romanae
936 2227 1100 2272 intueri3
1134 2233 1172 2263 et
1199 2226 1383 2276 primores

268 2290 425 2329 Patrum
455 2293 602 2340 dignam
634 2291 757 2329 dicere
787 2293 984 2329 concionem
1015 2292 1163 2341 imperio
1191 2291 1381 2330 consulari.
