1573 2598
400 199 555 228 L1BER
578 198 672 228 v11.
705 198 811 228 cAP.
834 200 881 228 v.
1110 197 1192 242 477

80 284 215 329 animi,
233 291 271 322 et
286 298 512 335 quamquam
530 299 608 322 non
628 286 746 323 civilis
768 285 944 336 exempli,
964 291 1092 323 tamen
1111 287 1190 337 pie-
1205 290 1248 321 U.
1259 290 1296 321 C.
1312 295 1388 325 ³9⁸·

82 355 161 385 tate
181 349 380 386 laudabile.
418 349 673 387 Inscientibus
693 351 853 394 cunctis,
875 349 997 387 cultro
1017 350 1192 387 subcinc-
1203 334 1294 364 A'C'
1311 339 1388 366 3⁵⁹*

83 418 158 455 tus,
193 424 303 449 mane
333 414 373 448 in
402 413 546 457 urbem,
583 420 695 463 atque
723 427 746 450 a
777 420 890 464 porta
918 414 1072 450 domum
1100 428 1193 451 con-

81 476 208 512 festim
237 476 284 513 ad
311 477 369 513 M.
398 477 654 528 Pomponium
680 478 878 514 tribunum
906 479 1053 528 pergit:
1087 477 1192 528 jani·

80 540 169 582 tori,
191 553 278 588 opus
297 553 366 576 esse
384 541 449 576 sibi
467 543 607 577 domino
625 540 698 588 ejus
716 546 883 577 convento
903 542 1092 590 extemplo,
1113 543 1188 578 ait:

80 606 280 647 nunciaret,
317 606 356 642 T.
378 605 559 642 Manlium
585 606 629 642 L.
648 607 772 654 filium
801 618 883 642 esse.
938 605 1036 641 Mox
1068 606 1190 642 intro-

78 667 225 710 ductus,
252 669 416 715 (etenim
448 669 632 718 percitum
662 670 717 705 ira
748 670 785 705 in
819 676 966 720 patrem
995 682 1078 720 spes
1109 676 1190 706 erat

77 739 144 766 aut
162 731 329 767 criminis
359 731 500 781 aliquid
519 733 622 776 novi,
645 740 710 769 aut
730 734 879 769 consilii
899 733 945 770 ad
965 746 1043 770 rem
1071 747 1189 782 agen-

76 794 176 838 dam,
215 795 377 839 deferre)
409 795 530 832 salute
559 802 716 846 accepta
744 797 977 846 redditaque,
1017 810 1088 833 esse
1119 798 1187 841 ait,

74 871 153 908 quae
170 872 250 895 cum
269 872 309 896 eo
328 873 432 908 agere
451 861 594 897 arbitris
615 863 759 897 remotis
786 863 882 897 velit.
938 860 1078 897 Procul
1100 861 1188 897 inde

77 923 252 959 omnibus
270 923 374 959 abire
387 923 519 972 jussis,
538 923 699 959 cultrum
715 925 886 973 stringit:
911 930 961 967 et,
980 937 1092 974 super
1109 923 1186 960 lec·

75 993 156 1023 tum
176 994 279 1024 stans
299 987 399 1024 ferro
418 989 582 1030 intento,
609 989 696 1031 nisi,
724 989 763 1024 in
783 1001 865 1037 quae
885 989 966 1038 ipse
988 990 1185 1038 concepis-

73 1056 130 1086 set
149 1051 276 1095 verba,
291 1051 453 1102 juraret,
472 1065 509 1088 se
523 1054 639 1101 patris
657 1052 728 1099 ejus
747 1054 940 1089 accusandi
958 1065 1082 1089 caussa
1100 1065 1184 1089 con-

73 1116 195 1151 cilium
218 1116 331 1164 plebis
349 1129 544 1165 ‘numquam
566 1117 782 1160 habiturum,
814 1129 853 1153 se
881 1129 966 1153 eum
991 1116 1183 1167 extemplo

72 1179 341 1216 transfixurum
361 1181 538 1216 minatur.
568 1181 730 1216 Pavidus
748 1181 922 1216 tribunus
945 1179 1102 1231 (quippe
1117 1181 1182 1231 qui

71 1241 213 1279 ferrum
233 1250 321 1280 ante
341 1244 469 1280 oculos
490 1246 643 1289 micare,
672 1258 711 1282 se
737 1245 873 1289 solum,
895 1247 1076 1282 inermem
1092 1262 1103 1292 3
1136 1246 1182 1282 il·-

71 1305 150 1342 lum
169 1308 412 1357 praevalidum
433 1309 628 1359 juvenem,
660 1317 710 1353 et,
739 1311 840 1359 quod
864 1310 965 1346 haud
985 1311 1108 1346 minus
1131 1311 1181 1346 ti-

72 1371 250 1407 mendum
269 1378 363 1416 erat,
384 1372 520 1409 stolide
539 1374 704 1410 ferocem
723 1373 864 1409 viribus
895 1374 970 1409 suis
991 1375 1178 1420 cerneret)

74 1433 235 1483 adjurat,
256 1436 294 1471 in
311 1449 394 1484 quae
413 1437 566 1472 adactus
588 1444 645 1473 est
663 1437 801 1482 verba5
834 1445 873 1472 et
891 1449 967 1486 prae
988 1449 1026 1472 se
1046 1437 1181 1473 deinde

70 1497 172 1542 tulit,
210 1512 255 1535 ea
282 1500 319 1535 vi
347 1500 545 1537 subactum
582 1514 621 1537 se
650 1502 802 1551 incepto
839 1500 1038 1537 destitisse.
1095 1500 1180 1537 Nec
1234 1545 1240 1549 Ἀ

69 1562 238 1612 perinde,
268 1570 311 1600 ut
339 1564 533 1600 maluisset
560 1564 703 1614 plebes,
733 1564 805 1600 sibi
837 1564 1005 1613 suffragii
1032 1564 1179 1601 ferendi

70 1626 115 1662 de
135 1633 212 1663 tam
231 1628 372 1664 crudeli
392 1636 429 1664 et
454 1629 617 1679 superbo
643 1642 708 1665 reo
737 1635 967 1679 potestatem
989 1628 1093 1674 fieri3
1124 1630 1178 1664 ita

70 1703 169 1739 aegre
196 1691 345 1735 habuit,
374 1692 492 1728 filium
521 1693 558 1728 id
587 1706 656 1743 pro
684 1700 841 1743 parente
870 1705 1025 1729 ausum:
1058 1704 1179 1742 eoque

70 1755 107 1791 id
125 1754 349 1792 laudabilius
372 1762 465 1799 erat,
487 1756 591 1805 quod
616 1757 782 1792 animum
806 1756 885 1807 ejus
906 1763 1014 1793 tanta
1033 1757 1177 1793 acerbi·

69 1825 127 1855 tas
147 1821 271 1869 patria
287 1820 385 1856 nihil
405 1833 426 1856 a
445 1821 586 1870 pietate
605 1822 812 1858 avertisset.
857 1821 992 1870 Itaque
1011 1833 1088 1857 non
1108 1834 1177 1871 pa-

69 1883 118 1918 tri
147 1884 261 1919 modo
290 1884 446 1920 remissa
475 1896 614 1920 caussae
643 1884 758 1920 dictio
786 1891 856 1927 est,
881 1885 944 1920 sed
970 1885 1041 1934 ipsi
1061 1885 1175 1920 etiam

70 1946 301 1984 adolescenti
331 1960 375 1983 ea
402 1960 460 1983 res
490 1949 627 1984 honori
654 1948 754 1984 fuit:
796 1956 834 1984 et
859 1961 974 1997 quum
1003 1961 1049 1984 eo
1074 1960 1177 1984 anno

69 2012 231 2061 primum
267 2012 484 2062 placuiSset‚
520 2012 697 2049 tribunos
730 2013 892 2049 militum
926 2012 973 2048 ad
1006 2012 1175 2060 legiones

69 2075 247 2124 suffragio
267 2075 361 2118 fieri,
391 2077 497 2123 (nam
518 2083 555 2112 et
575 2082 699 2120 antea,
721 2078 818 2112 sicut
840 2089 954 2120 nunc,
976 2088 1069 2125 quos
1091 2075 1176 2112 Ru-

68 2139 167 2176 fulos
185 2146 338 2184 vocant,
366 2140 611 2190 imperatores
634 2141 707 2190 ipsi
729 2140 937 2187 faciebant)
969 2140 1174 2176 secundum

68 2204 107 2240 in
127 2215 192 2240 sex
207 2195 303 2240 locis
324 2205 460 2248 tenuit,
480 2204 592 2240 nullis
613 2204 715 2240 domi
744 2203 961 2252 militiaeque
981 2203 1028 2239 ad
1045 2203 1174 2239 conci-

66 2267 232 2304 liandam
252 2266 413 2316 gratiam
431 2269 574 2305 meritis
585 2284 595 2313 3
618 2274 661 2303 ut
676 2269 739 2318 qui
758 2281 844 2304 rure
864 2275 901 2304 et
920 2266 1052 2318 procul
1071 2273 1175 2304 coetu

65 2331 261 2368 homInum
273 2330 473 2382 juventam
492 2332 643 2381 egisset.
