1573 2598
318 132 405 183 316
742 147 794 176 T.
821 149 956 178 mvn

137 234 230 265 U.C·
246 234 461 270 0³7.tionem
488 234 593 270 istem
619 234 791 273 dirimet:
814 237 920 285 filius
945 246 1043 272 meus
1072 241 1175 273 ‘extra
1201 243 1333 275 sortem
1362 239 1442 276 urbi

137 278 177 308 A.
190 277 228 308 C.
244 283 320 308 415.

123 1650 239 1684 Proeiio
246 1650 317 1681 vin-

118 1701 253 1727 cuntur.

328 300 485 345 proeerit.
541 297 683 333 Bellum
710 300 862 341 utinam,
890 301 951 347 qui
975 301 1162 348 adpetunt,
1190 303 1445 339 consideratius

331 362 615 409 concordiusque,
637 367 744 409 quam
762 364 922 410 cupiunt,
941 369 1080 410 gerant.

376 423 497 460 -XLV
500 423 531 460 I.
560 423 761 460 Delectum
781 425 912 462 haberi
931 439 1008 463 non
1029 439 1075 463 ex
1099 433 1185 464 toto
1207 428 1347 478 passim
1373 441 1443 479 po-

330 487 422 539 pulo
450 487 618 538 placuit:
657 488 786 524 decem
814 488 933 525 tribus
964 497 1067 527 sorte
1092 491 1217 527 ductoe
1246 498 1361 538 sunt3
1397 505 1445 528 ex

331 552 390 588 his
409 553 570 602 scriptos
592 550 766 602 juniores
786 553 862 590 (luo
880 554 1024 591 tribuni
1047 555 1094 591 ad
1122 555 1263 592 bellum
1292 556 1444 593 duxere.

332 616 471 666 Coepta
490 617 588 653 inter
607 629 671 653 eos
690 618 728 654 in
748 618 840 655 urbe
860 621 1067 656 certamina
1086 621 1290 671 cupiditate
1313 622 1445 658 eadem

331 680 479 730 imperii
514 680 636 717 multo
667 682 860 731 inpensius
894 684 934 719 in
967 685 1098 720 castris
1132 685 1309 721 accendi:
1348 684 1446 722 nihil

325 744 472 780 sentire
499 745 612 787 idem,
639 758 711 794 pro
741 747 928 782 sententia
956 760 1147 797 pugnare:
1180 759 1258 784 ··sua
1286 747 1446 784 consilia

331 807 530 852 velle,sua
551 809 708 859 imperia
728 810 810 846 sola
828 817 910 847 rata
929 823 1032 847 esse:
1066 818 1308 849 contemnere
1329 813 1369 848 in
1389 811 1444 848 vi-

331 887 427 916 cem,
465 880 503 909 et
543 874 761 909 contemni:
811 875 945 917 donec,
983 875 1257 923 castigantibus
1294 875 1444 924 legatis,

325 938 486 975 tandem
505 938 558 973 ita
578 944 837 987 comparatum
857 945 928 981 est,
950 945 992 975 ut
1011 938 1164 975 alternis
1188 939 1319 975 diebus
1344 951 1446 975 sum-

332 1014 434 1039 mam
453 1002 601 1052 imperii
619 1000 815 1037 haberent.
870 1002 968 1041 Quae
987 1015 1103 1052 quum
1128 1002 1253 1038 adlata
1281 1002 1448 1039 Romam

331 1072 473 1109 essent,
504 1066 639 1102 dicitur
675 1066 725 1105 Q.
754 1066 948 1110 Servitius,
977 1073 1089 1103 aetate
1117 1074 1156 1103 et
1193 1079 1263 1102 usu
1299 1067 1446 1110 doctus,

328 1136 508 1181 precatus
537 1129 585 1166 ab
614 1129 1009 1174 Diis‘inmortalibus,
1039 1142 1087 1166 ne
1111 1130 1299 1167 discordia
1326 1129 1448 1166 tribu-

331 1207 470 1231 norum
500 1194 718 1231 damnosior
746 1193 962 1244 reipublicae
992 1201 1104 1237 esset,
1125 1207 1238 1243 quam
1265 1194 1313 1230 ad
1330 1194 1446 1230 Veios

333 1258 494 1296 fuisset:
526 1264 578 1301 et,
600 1257 705 1294 vehit
732 1258 833 1294 haud
850 1257 977 1294 ”dubia
1005 1257 1110 1294 clade
1137 1258 1361 1301 inminente,
1389 1258 1447 1293 in-

336 1323 477 1360 stitisse
505 1323 598 1366 filio,
624 1329 671 1359 ¹ut
695 1322 836 1359 milites
866 1322 1060 1365 scriberet,
1088 1328 1126 1358 et
1155 1335 1259 1358 arma
1286 1328 1449 1371 pararet.

334 1388 420 1425 Nec
447 1386 563 1425 fa1sus
585 1386 814 1423 vatesfuit:
852 1386 1085 1422 namductu
1112 1385 1158 1422 L.
1180 1385 1316 1434 Sergii,
1343 1384 1449 1435 cujus

331 1453 415 1491 *dies
442 1451 711 1502 imperii-erat,
731 1450 817 1486 loco
846 1450 977 1498 iniquo
1002 1449 1074 1485 *sub
1104 1449 1272 1485 hostium
1302 1450 1448 1492 castris,

336 1528 468 1566 quum,
498 1515 586 1564 quia
610 1514 794 1550 'simuiato
825 1520 931 1550 metu
959 1519 1152 1563 receperat
1184 1525 1223 1548 se
1252 1513 1372 1549 hostis
1403 1513 1450 1550 ad

336 1579 491 1623 vallum,
522 1589 605 1629 spes
635 1591 730 1615 vana
759 1577 1001 1627 expugnandi
1032 1584 1155 1613 castra
1183 1590 1229 1613 eo
1257 1578 1448 1620 traxisset,

339 1644 539 1694 repentino
560 1643 690 1692 inpetu
708 1641 922 1690 AEquorum
941 1653 1010 1690 per
1027 1641 1199 1690 supinam
1219 1640 1352 1676 vallem
1377 1641 1453 1677 fusi

341 1714 444 1751 sunt,
461 1706 644 1755 multique
664 1705 709 1741 in
725 1705 834 1741 ruina
855 1703 1003 1754 majore
1029 1717 1141 1753 quam
1166 1703 1257 1753 fuga
1283 1703 1453 1754 obpressi

341 1772 656 1820 obtruncatique:
683 1776 899 1819 castraque,
919 1782 965 1805 eo
991 1770 1049 1805 die
1075 1781 1174 1817 aegre
1201 1774 1362 1811 retenta,
1383 1781 1453 1819 po-

343 1844 444 1874 stero
460 1837 538 1878 die,
558 1834 806 1872 circumfusis
812 1833 896 1884 jam
914 1847 1054 1882 magna
1073 1839 1244 1883 exparte
1262 1833 1451 1876 hostibus,

341 1915 409 1953 per
437 1913 605 1938 aversam
622 1899 903 1950 portam'fuga
929 1899 1031 1948 turpi
1060 1899 1304 1935 deseruntur:
1341 1898 1451 1934 duces

341 1966 548 2014 legatique,
575 1970 614 2000 et
641 1964 743 2012 quod
772 1964 869 1999 circa
898 1963 1007 2011 signa
1034 1962 1183 1998 roboris
1211 1961 1258 1997 de
1286 1961 1455 1998 exercitu

344 2030 432 2072 fuit,
451 2027 656 2064 Tusculum
677 2027 829 2077 petiere.
873 2025 995 2062 Palati
1016 2025 1077 2061 alii
1099 2037 1165 2074 per
1183 2036 1294 2073 agros
1314 2025 1454 2074 passim

344 2092 472 2130 multis
492 2090 703 2133 itineribus,
723 2088 1024 2140 majoris,=quam
1044 2094 1199 2138 accepta
1225 2094 1318 2131 erat,
1339 2087 1453 2124 cladis

344 2157 473 2194 mincii
501 2154 666 2192 Romam
692 2154 979 2191 contenderunt.
1034 2153 1165 2189 Minus
1191 2152 1454 2202 trepidationis

346 2223 432 2266 suit,
453 2222 554 2271 quod
573 2226 727 2258 eventus
748 2219 876 2256 timori
905 2219 1102 2255 hominum
1130 2230 1343 2267 congruens
1372 2218 1455 2255 fue-

342 2293 404 2325 xat
417 2302 428 2333 3
461 2292 499 2323 et
517 2286 617 2336 quod
635 2283 816 2328 subsidia,
833 2297 916 2333 quae
935 2284 1164 2335 respicerent
1182 2284 1224 2321 in
1239 2295 1278 2320 re
1296 2282 1457 2333 trepida,
