1573 2598
362 164 518 195 Lmen
540 163 662 194 vin.
695 164 947 195 CAP.V111.
1132 163 1216 210 543

106 260 169 294 tua
186 258 379 293 sancienda
395 258 465 292 sint
484 255 666 292 consulum
690 256 855 304 imperia,
876 260 941 292 aut
959 257 1163 304 inpunitate
1180 257 1221 292 in
1230 249 1321 324 gg·
1338 257 1414 281 41⁵·

99 329 313 372 perpetuum
350 323 580 371 abroganda‚·
608 334 654 358 ne
690 327 724 358 te
748 323 903 371 quidem,
932 324 963 358 si
989 323 1075 371 quid
1109 324 1147 358 in
1186 328 1221 359 te
1263 314 1270 321 ¹
1313 300 1414 329 '33⁷‘

105 393 216 427 nostri
233 392 417 439 sanguinis
435 394 499 432 est,
520 401 682 425 recusare
697 402 869 432 censeam,
887 391 971 438 quin
991 391 1220 437 disciplinam

104 455 311 497 militarem,
343 457 452 503 culpa
486 460 548 491 tna
575 456 799 503 prolapsam,
826 467 933 503 poma
961 456 1138 490 restituas.
1183 455 1217 496 I,

106 519 225 561 lictor,
248 520 366 566 deliga
382 521 430 555 ad
444 520 581 567 palum.
612 518 831 555 Exanimati
852 530 982 554 omnes
1002 524 1080 554 tam
1097 518 1217 554 atroci

104 582 278 632 imperio,
305 595 375 618 nec
404 582 513 618 aliter
532 595 645 632 quam
675 583 714 617 in
744 594 783 618 se
812 582 970 631 quisque
999 581 1218 617 destrictam

105 652 300 682 cernentes
339 647 513 689 securim,
551 653 654 683 metu
691 647 827 694 magis,
866 659 979 694 quam
1015 645 1216 688 modestia,

104 710 290 758 quievere.
321 710 470 759 Itaque,
491 710 594 746 velut
620 722 767 745 emerso
787 709 834 745 ab
862 709 1115 745 admiratione
1135 708 1218 744 aui-

104 786 182 817 mo,
209 786 324 823 quum
349 773 500 809 silentio
525 773 637 809 defixi
668 772 885 815 stetissent3
918 777 1086 821 repente,
1111 778 1217 821 post-

106 850 218 887 quam
238 838 382 874 cervice
405 850 501 874 caesa
519 837 624 873 fusus
651 842 708 872 est
727 848 851 879 cruor,
871 841 954 871 tum
978 835 1099 871 libero
1126 847 1218 872 con-

108 907 242 951 questu
262 908 402 938 coortae
422 915 532 938 voees
553 907 654 944 sunt,
676 908 718 937 ut
742 913 865 949 neque
885 900 1075 943 lamentis,
1095 911 1219 949 neque

108 966 429 1002 exsecrationibus
443 971 660 1015 parceretur
675 980 681 1000 z
702 963 908 1014 spoliisque
925 969 1142 999 contectum
1151 962 1218 1013 ju-

105 1030 210 1065 venis
231 1042 383 1079 corpus,
403 1036 586 1078 quantum
611 1029 838 1065 militaribus
866 1029 998 1064 studiis
1019 1028 1132 1064 funus
1159 1027 1218 1064 ul-

106 1093 184 1130 lum
204 1094 458 1130 concelebrari
485 1099 626 1143 potest,
651 1099 796 1129 structo
823 1099 930 1128 extra
959 1092 1098 1129 vallum
1122 1104 1223 1141 rogo

108 1165 360 1194 cremaretur:
392 1158 665 1206 Manlianaque
685 1158 843 1207 imperia
861 1170 939 1193 non
958 1158 997 1193 in
1018 1157 1219 1206 praesentia

107 1222 221 1258 modo
240 1222 442 1266 horrenda,
464 1223 527 1258 sed
550 1221 713 1272 exempli
743 1223 857 1258 etiam
883 1222 1001 1257 tristis
1022 1222 1061 1257 in
1087 1227 1218 1271 poste-

102 1299 186 1323 rum
205 1294 341 1323 essent.

160 1352 272 1388 VIII.
301 1353 408 1389 Fecit
427 1359 554 1390 tamen
575 1354 753 1390 atrocitas
774 1366 896 1403 poenae
918 1352 1219 1389 obedientiorem

109 1415 192 1451 duci
222 1416 404 1452 militem:
437 1424 488 1460 et,
509 1424 759 1467 praeterquam
781 1417 881 1465 quod
912 1416 1090 1452 custodiae
1119 1416 1216 1464 vigi-

104 1479 239 1528 liaeque
268 1486 305 1516 et
335 1481 428 1516 ordo
459 1482 667 1517 stationum
700 1481 915 1517 intentioris
950 1480 1088 1529 ubique
1118 1491 1248 1525 curaeg

106 1550 226 1587 erant,
247 1545 286 1580 in
311 1544 444 1581 ultimo
471 1546 585 1581 etiam
612 1546 830 1587 certamine,
853 1558 966 1593 quum
994 1545 1216 1580 descensum

106 1609 145 1644 in
165 1609 284 1644 aciem
304 1615 374 1651 est,
396 1622 440 1644 ea
465 1609 643 1645 severitas
670 1607 825 1658 profuit.
856 1608 944 1643 Fuit
970 1613 1097 1643 autem
1116 1606 1217 1642 civili

107 1673 271 1708 maxime
289 1673 391 1708 bello
410 1686 537 1722 pugna
563 1672 694 1708 similis
714 1688 720 1707 :
755 1672 848 1707 adeo
874 1671 970 1707 nihil
989 1671 1089 1720 apud
1107 1670 1216 1707 Lati-

106 1748 176 1771 nos
197 1735 391 1771 dissonum
418 1736 463 1771 ab
491 1735 669 1772 Romana
696 1748 749 1777 re,
778 1741 914 1784 praeter
937 1735 1101 1777 animos,
1123 1740 1216 1771 erat.

108 1795 248 1849 Clipeis
279 1806 391 1836 antea
416 1800 584 1836 Romani
613 1801 669 1835 usi
697 1806 806 1835 sunt:
840 1799 987 1841 deinde,
1014 1804 1217 1849 postquam
1230 1802 1409 1851 Descriptio

1185 1869 1215 1906 t,
1231 1846 1354 1920 iss

107 1928 208 1977 quod
223 1934 335 1964 antea
347 1927 552 1978 phalanges
570 1927 708 1963 similes
725 1927 998 1969 Macedonicis,
1018 1927 1091 1962 hoc
1111 1933 1216 1976 post—
1338 1910 1346 1918 ·

107 1863 340 1914 stipendiarii
359 1863 450 1900 facti
477 1870 578 1906 sunt,
600 1870 706 1899 scuta
735 1875 804 1912 pro
831 1862 959 1911 clipeis
985 1862 1130 1899 fecere:
1164 1876 1184 1898 e

107 2006 152 2030 ea
169 1992 431 2042 manipulatim
453 1999 594 2028 structa
613 1993 710 2028 acies
732 1994 848 2041 eoepit
867 2005 958 2029 esse.
1016 1992 1217 2029 Postremo

105 2059 143 2094 in
180 2057 305 2108 plures
343 2058 491 2093 ordines
530 2057 835 2099 instruebantur:
873 2057 966 2092 ordo
1008 2070 1218 2105 sexagenos

104 2121 256 2170 milites,
287 2122 379 2158 duos
409 2122 663 2163 centuriones,
691 2120 926 2156 vexillarium
955 2133 1072 2155 unum
1101 2120 1218 2156 habe-

108 2184 198 2220 bat:
231 2185 352 2234 prima
371 2186 469 2220 acies
489 2185 630 2221 hastati
651 2191 770 2228 erant,
788 2185 971 2235 manipuli
987 2184 1215 2233 quindecim,

110 2248 292 2284 distantes
314 2250 412 2285 iuter
432 2262 471 2285 se
489 2250 680 2285 modicum
707 2250 893 2298 spatium:
926 2247 1139 2298 manipulus
1162 2248 1216 2284 le-

108 2324 170 2348 ves
190 2312 342 2348 vicenos
363 2313 516 2358 milites,
536 2313 650 2351 aliam
673 2314 824 2351 turbam
845 2319 1080 2350 scutatorum
1097 2312 1228 2348 habes.
