1573 2598
361 210 516 239 LIBER
540 209 604 238 11.
632 208 740 237 CAP.
764 208 909 237 XXXI.
1130 206 1206 251 125

92 296 263 334 omnium
292 309 471 345 generum
493 294 608 338 caede,
628 307 741 343 quam
770 295 810 331 in
839 296 921 345 ipsa
946 295 1206 339 dimicatione,
1221 300 1263 331 U.
1279 299 1317 330 C.
1334 303 1408 330 260.

93 362 249 399 factum.
306 362 440 398 Paucis
477 360 566 397 data
593 360 717 404 venia,
748 360 810 409 qui
843 360 1005 397 inermes
1035 361 1075 397 in
1104 361 1209 399 dedi·
1223 343 1313 375 A'C'
1331 347 1407 375 '²⁹²'

94 427 239 463 tionem
258 430 453 462 venerunt.

149 489 308 526 XXXI.
336 487 440 524 Dum
469 488 549 523 haec
578 487 617 523 in
642 486 790 522 Volscis
821 492 1019 535 geruntur,
1048 487 1213 523 dictator
1224 483 1353 533 ΒΘΠΠΨ
1383 524 1390 530 ‚

98 554 273 596 Sabinos,
306 552 368 588 ubi
405 552 519 600 longe
551 550 755 600 plurimum
783 550 874 586 belli
902 550 1040 595 fuerat,
1071 551 1211 595 fundit,
1224 536 1302 603 {iam
1317 524 1408 556 babi—

97 617 291 666 fugatque,
323 615 502 664 exuitque
531 614 676 650 castris.
732 613 918 662 Equitatu
948 615 1104 651 inmisso
1134 627 1214 652 me·

98 681 197 718 diam
216 678 435 715 turbaverat
453 678 622 714 hostium
641 678 776 721 aciem,
796 691 884 728 qua,
906 679 994 716 dum
1014 692 1053 716 se
1073 692 1221 719 cornua.

96 743 208 783 latius
251 743 439 794 pandunt,
476 755 609 793 parum
645 749 733 792 apte
776 743 983 780 introrsum
1020 744 1218 787 ordinibus

98 808 218 845 aciem
248 807 512 844 firma-verant:
544 807 718 844 turbatos
747 809 861 859 pedes
890 811 1052 847 invasit:
1084 811 1219 851 eodem

101 873 231 922 inpetu
251 878 375 908 castra
397 879 522 923 capta,
543 872 848 923 debellatumque
874 881 942 913 est.
999 875 1093 912 Post
1121 890 1218 928 pug-

102 949 191 973 nam
211 936 258 972 ad
277 935 471 985 Regillum
499 936 623 973 lacum
645 950 724 975 non
747 937 822 974 alia
846 937 919 974 illis
949 940 1057 977 annis
1090 953 1226 992 pugna.
1249 961 1252 966 ·

102 1000 239 1036 clarior
263 1001 363 1037 fuit:
396 1001 560 1037 dictator
587 1002 826 1052 triumphans
856 1003 988 1039 urbem
1017 1005 1227 1043 invehitur..

102 1064 223 1114 Super
242 1064 374 1100 solitos
393 1065 558 1101 honores
578 1065 684 1102 locus
703 1067 743 1102 in
763 1067 864 1102 circo
887 1067 957 1117 ipsi
984 1070 1231 1120 posterisquoe

103 1128 150 1165 ad
179 1128 436 1178 spectaculum
464 1129 599 1175 datus3
633 1129 725 1166 sella
752 1131 791 1166 in
811 1143 857 1167 eo
879 1130 966 1168 loco
986 1132 1123 1169 curulis
1151 1147 1222 1184 po-

103 1191 187 1228 sita.
253 1191 402 1228 Volscis
440 1192 596 1228 devictis
634 1192 849 1229 Veliternus
888 1207 979 1243 ager
1015 1197 1186 1233 ademtus
1209 1211 1222 1234 τ

100 1254 264 1291 Velitras
295 1255 422 1290 coloni
451 1256 499 1292 ab
529 1257 622 1291 urbe
650 1258 755 1287 missi
790 1263 829 1287 ct
862 1259 1015 1287 colonia
1047 1258 1220 1287 deducta.

103 1321 201 1356 Cum
229 1318 367 1367 AEquis
404 1323 492 1367 post
524 1316 721 1365 aliquanto
758 1322 970 1365 pugnatum
999 1321 1070 1359 est,
1100 1315 1222 1351 invito

100 1382 253 1432 quidem
281 1381 449 1425 consule,
480 1382 570 1430 quia
596 1380 683 1417 loco
711 1381 844 1429 iniquo
873 1379 1113 1416 subeundum
1142 1385 1224 1415 erat

104 1447 155 1487 ad
179 1446 308 1483 hostes
328 1460 335 1481 :
369 1445 431 1482 sed
461 1444 613 1488 milites,
636 1445 784 1481 extrahi
803 1457 884 1481 rem
902 1445 1160 1488 criminantes,
1181 1449 1226 1479 ut

103 1513 281 1556 dictator,
312 1513 531 1563 priusquam
558 1512 632 1561 ipsi
660 1511 827 1548 redirent
855 1511 895 1547 in
925 1510 1071 1553 urbem,
1101 1509 1223 1559 magi-

103 1583 226 1613 stratu
246 1576 382 1619 abiret,
400 1576 594 1624 irritaque,
611 1575 709 1611 sicut
728 1581 817 1611 ante
836 1574 1017 1617 consulis,
1039 1575 1227 1624 promissa
1251 1614 1257 1619 ,

103 1640 183 1691 ejus
207 1640 398 1683 caderent,
427 1639 638 1690 perpulere,
662 1645 704 1675 ut
726 1638 826 1675 forte
854 1644 996 1675 temere
1025 1639 1064 1674 in
1094 1638 1226 1675 adver-

105 1717 167 1741 sos
199 1710 348 1740 montes
378 1716 514 1752 agmen
544 1703 717 1751 erigeret.
774 1701 820 1737 Id
856 1701 954 1738 male
983 1700 1442 1743 commissmn‘AEquivicti.

107 1768 260 1817 ignavia
292 1768 461 1804 hostium
489 1768 527 1803 in
555 1767 700 1803 bonum
728 1767 864 1802 vertit:
897 1767 975 1815 qui,
1009 1767 1229 1816 priusquam

110 1832 158 1868 ad
190 1831 407 1882 conjectum
441 1831 508 1867 teli
541 1832 745 1875 veniretur,
779 1830 1035 1880 obstupefacti
1072 1831 1232 1867 audacia

111 1896 390 1938 Romanorum,
421 1895 561 1931 relictis
593 1896 739 1938 castris,
770 1909 853 1944 quae
882 1888 1144 1931 munitissimis
1173 1900 1231 1931 te-

112 1966 274 1999 nuerant
303 1959 411 2003 locis,
438 1961 478 1995 in
502 1960 674 1996 adversas
696 1959 809 1995 valles
837 1959 1046 1996 desiluere:
1079 1958 1145 1995 ubi
1173 1971 1232 1995 sa-

113 2025 161 2061 tis
191 2025 326 2074 praedae
353 2030 391 2060 et
414 2024 575 2060 victoria
597 2025 797 2060 incruenta
817 2024 901 2060 fuit.
959 2023 1021 2060 Ita
1048 2023 1235 2059 trifariam

62 2100 64 2103 ·
115 2101 155 2124 re
172 2087 274 2124 bello
294 2087 390 2123 bene
416 2094 537 2136 gesta,
558 2088 603 2124 de
629 2088 922 2125 domesticarum
950 2096 1075 2123 rerum
1097 2092 1236 2124 eventu
1245 2080 1364 2128 Tfflb?
1380 2079 1435 2110 ‘¹⁰‘

116 2164 187 2188 uec
205 2151 382 2188 Patribus
402 2166 472 2189 nec
491 2152 593 2202 plebi
613 2166 703 2188 cura
722 2153 934 2189 decesserat
952 2167 959 2188 :
992 2158 1101 2188 tanta
1120 2164 1237 2200 quum
1247 2130 1398 2155 moencae'

118 2216 255 2264 gratia,
284 2222 366 2253 tum
402 2224 482 2253 arte
518 2224 822 2267 praeparaverant
858 2218 1123 2260 foeneratores,
1154 2229 1237 2265 quae

119 2291 198 2315 non
224 2279 338 2315 modo
363 2279 526 2329 plebem,
548 2281 611 2316 sed
642 2281 763 2330 ipsum
785 2282 900 2318 etiam
916 2281 1142 2317 dictatorem
1159 2279 1239 2316 fru-

119 2349 341 2381 strarentur.
398 2334 574 2395 Namque
593 2344 780 2388 Valerius,
811 2353 898 2396 post
925 2345 1075 2382 Vetusii
1103 2356 1240 2381 consu-

643 2409 720 2446 G3
