1573 2598
107 704 227 736 Gabios

107 750 217 780 fraude
233 749 287 780 ad-

106 793 257 833 greditur.

329 167 385 213 74
779 172 825 200 T.
850 172 982 202 leu

326 255 474 307 templi,
504 267 586 306 quae
621 255 736 305 digna
763 256 888 294 Deum
920 259 1191 310 hominumque
1219 274 1320 312 rege,
1355 277 1437 314 quae

325 320 506 359 Romano
533 320 707 371 imperi0,
736 335 818 371 quae
846 323 963 373 ipsius
993 324 1107 360 etiam
1135 324 1209 362 loci
1240 327 1438 378 majestate

326 392 437 423 esset.
493 386 693 435 Captivam
727 387 926 436 pecuniam
962 388 1001 424 in
1035 389 1321 428 aedificationem
1357 391 1437 442 ejus

325 450 459 501 templi
488 450 668 499 seposuit.
722 450 885 501 Excepit
921 451 1055 489 deinde
1084 466 1169 489 eum
1205 453 1342 491 lentius
1372 468 1439 506 spe

324 515 481 560 bellum,
518 529 594 566 quo
627 515 785 560 Gabios,
820 518 1071 568 propinquam
1099 519 1244 564 urbem,
1280 522 1438 570 nequid-

325 594 438 631 quam
467 581 504 617 vi
541 581 708 625 adortus,
739 594 854 630 quum
887 581 1084 619 obsidendi
1121 597 1270 634 quoque
1306 585 1438 623 urbem

325 658 409 695 spes
438 644 548 696 pulso
571 657 593 681 a
617 644 806 681 moenibus
835 646 982 681 ademta
1009 653 1119 690 esset,
1147 654 1339 697 postremo
1368 650 1438 686 mi-

325 710 427 746 nime
455 715 535 746 arte
557 707 748 752 Romana,
772 709 903 745 fraude
932 722 974 746 ac
1000 710 1102 754 dolo,
1133 712 1328 760 adgressus
1355 721 1435 759 est;

325 787 414 812 nam
443 786 572 823 quum,
598 772 701 809 velut
728 773 855 823 posito
883 772 998 816 bello,
1027 773 1281 812 fundamentis
1309 777 1441 828 templi

318 837 506 890 jaciendis
527 837 684 886 aliisque
709 836 863 872 urbanis
884 836 1059 887 operibus
1086 838 1275 875 intentum
1301 852 1340 876 se
1359 853 1439 877 esse

326 901 532 945 simularet,
553 901 689 937 Sextus
710 899 806 937 filius
833 900 928 950 ejuS,
948 902 1013 950 qui
1041 903 1216 939 minimus
1243 916 1290 940 ex
1317 903 1438 941 tribu's

325 973 420 1010 erat,
450 965 656 1014 transfugit
684 978 729 1001 ex
759 966 971 1014 composito
1001 965 1160 1010 Gabios,
1190 969 1306 1017 patris
1336 969 1374 1004 in
1401 981 1440 1005 se

325 1031 508 1068 saevitiam
536 1028 815 1065 intolerabilem
845 1041 1104 1077 conquerens3
1137 1030 1223 1066 Jam
1252 1031 1296 1067 ab
1317 1033 1442 1068 alienis

324 1097 362 1140 in
388 1107 467 1148 suos
493 1096 634 1131 vertisse
659 1092 854 1141 superbiam
878 1109 890 1128 .·
928 1098 962 1128 et
990 1093 1178 1130 liberorum
1206 1107 1338 1143 quoque
1363 1108 1442 1133 eum

313 1159 530 1210 frequentiae
550 1159 676 1193 taedere
690 1173 702 1200 ;
730 1161 783 1199 ut,
805 1168 912 1205 quam
931 1158 966 1192 in
985 1158 1085 1193 curia
1101 1159 1323 1195 solitudinem
1338 1159 1441 1208 fece-

322 1225 386 1266 rit,
407 1224 503 1259 donzi
518 1220 784 1270 quoquefaciat
800 1236 811 1256 .·
831 1232 874 1256 ue
892 1233 998 1268 quam
1014 1222 1171 1269 stirpem,
1190 1235 1234 1258 ne
1253 1235 1352 1271 quem
1372 1225 1442 1260 hae-

323 1289 442 1324 redem
469 1288 569 1334 regni
595 1287 782 1333 relinquat.
840 1284 887 1320 Se
914 1286 1066 1333 quidem,
1092 1287 1181 1322 iuter
1203 1288 1273 1323 tela
1301 1293 1335 1323 et
1360 1289 1441 1335 gia.-

324 1353 402 1388 dios
418 1352 536 1401 patris
553 1351 722 1398 elapsum,
743 1349 833 1384 nihil
858 1361 1005 1397 usquam
1022 1349 1087 1384 sibi
1106 1355 1234 1393 tutum,
1253 1353 1320 1387 nisi
1345 1353 1442 1400 apud

326 1416 439 1452 hostes
448 1415 492 1451 L.
507 1416 704 1463 Tarquinii,
719 1415 912 1450 credidisse.
937 1413 1046 1456 Nam,
1060 1426 1102 1449 ue
1116 1420 1286 1458 errarent,
1304 1428 1444 1452 manere

329 1481 383 1518 his
401 1481 541 1522 bellum,
562 1480 655 1528 quod
671 1480 827 1527 positum
844 1479 1053 1521 simuletur3
1082 1483 1117 1514 et
1140 1491 1205 1527 per
1230 1481 1443 1516 occasionem

327 1558 407 1582 eum
429 1546 587 1581 incautos
610 1545 824 1580 invasurum.
882 1543 986 1584 Quod
1011 1544 1041 1579 si
1070 1545 1167 1592 apud
1194 1556 1249 1580 eos
1275 1545 1443 1593 supplici-

329 1610 390 1646 bus
411 1610 506 1645 loeus
529 1621 600 1645 non
619 1610 678 1650 sit,
699 1611 965 1656 pererraturum
982 1619 1017 1643 se
1035 1620 1135 1643 omne
1154 1608 1301 1644 Latium
1314 1625 1326 1645 .·
1361 1608 1443 1645 Vol-

327 1686 468 1723 scosque
485 1686 520 1709 se
537 1674 628 1715 inde,
649 1673 852 1721 etAEquos,
880 1677 913 1708 et
934 1672 1104 1709 Hernicos
1127 1675 1323 1721 petiturum
1336 1690 1349 1717 ,-
1379 1675 1440 1710 do-

329 1752 392 1776 rice
410 1740 459 1775 ad
477 1750 532 1774 eos
550 1739 742 1786 perveniat,
764 1739 824 1786 qui
842 1750 863 1773 a
885 1742 1030 1786 patrum
1050 1738 1246 1774 crudelibus
1263 1743 1370 1787 atque
1393 1740 1448 1774 iu-

326 1805 400 1852 piis
416 1803 597 1851 suppliciis
616 1806 728 1849 tegere
748 1801 870 1837 liberos
886 1803 1010 1838 sciant.
1046 1806 1050 1809 '
1067 1802 1228 1838 Forsitan
1252 1804 1360 1838 etiam
1385 1815 1444 1838 ar-

332 1869 428 1904 doris
448 1867 586 1915 aliquid
609 1867 658 1902 ad
682 1865 810 1902 bellum
837 1877 1006 1914 armaque
1030 1877 1066 1901 se
1091 1867 1254 1903 adversus
1276 1866 1449 1914 superbis-

331 1933 459 1968 simum
489 1942 606 1978 regem
642 1942 684 1966 ac
708 1929 971 1978 ferocissimum
1004 1930 1175 1978 populum
1211 1931 1447 1966 inventurum·

335 1996 477 2037 Quum,
499 1995 530 2030 si
558 1993 652 2029 nihil
680 1996 930 2036 morai-entur,
952 1993 1195 2030 infensus‘ira
1222 2005 1336 2044 porro
1360 1994 1446 2030 inde

336 2058 506 2096 abiturus
536 2057 736 2100 videretur,
765 2056 930 2105 benigne
958 2055 1005 2094 ab
1035 2055 1193 2094 Gabinis
1231 2057 1444 2108 excipitur:

335 2128 469 2165 vetant
496 2122 637 2166 mirari,
667 2122 712 2164 si,
733 2120 851 2171 qualis
882 2121 920 2157 in
950 2121 1062 2166 civ'es,
1089 2119 1209 2170 qualis
1238 2121 1277 2157 in
1306 2121 1446 2165 socios,

322 2185 424 2225 vtalis
448 2186 494 2223 ad
523 2185 695 2222 ultimum
723 2185 763 2221 in
790 2184 928 2223 liberos
948 2191 1057 2222 esset.
1113 2184 1159 2236 Iu
1179 2197 1219 2221 se
1237 2185 1359 2236 ipsum
1378 2197 1448 2236 po·

336 2257 480 2288 ‚tremo
499 2249 727 2293 saeviturum,
749 2248 779 2284 si
799 2247 870 2286 alia
893 2247 1029 2286 desint.
1084 2247 1166 2285 Sibi
1184 2260 1273 2286 vero
1298 2254 1448 2298 gratum
