1573 2598
386 199 542 228 LIBER
565 195 623 227 113
654 194 762 227 (ΖΑ-Ρ.
785 193 975 227 ΧῙιΥΧΠ.
1155 194 1236 240 Ῑ47

122 285 259 337 globus
278 284 464 337 juvenum
487 297 583 322 unus
608 284 649 321 in
676 279 800 335 ipsum
825 282 1020 321 consulem
1048 282 1238 334 insignem

120 351 232 388 armis
269 351 425 388 invadit.
487 349 615 387 Prima
650 354 811 399 excepta
845 361 869 385 a
904 348 1238 386 circumstantibus

119 414 222 451 tela:
261 414 440 451 sustineri
467 413 601 451 deinde
628 412 684 449 vis
721 412 864 463 nequit.
921 412 1068 449 Consul
1102 413 1238 449 morti-

119 479 203 517 fero
221 480 374 518 vulnere
397 480 495 516 ictus
513 478 627 521 cadit,
648 477 798 528 fusique
817 478 918 515 circa
938 490 1083 515 omnes.
1137 476 1238 515 Tus-

121 544 174 581 cis
204 545 338 581 crescit
366 543 534 580 audacia.
589 541 788 579 Romanos
817 548 941 579 terror
968 555 1036 594 per
1062 548 1147 579 tota
1175 555 1239 581 ca-

122 614 201 645 stra
227 608 392 659 trepidos
421 607 527 656 agit:
559 612 599 644 et
626 607 672 644 ad
697 613 868 644 extrema
883 614 1039 643 ventum
1064 606 1177 650 foret,
1198 600 1245 644 ni

121 672 251 721 legati,
272 678 382 722 rapto
396 670 562 709 consulis
579 683 752 722 corpore,
773 670 1042 721 patefecissent
1057 684 1131 707 una
1150 684 1240 722 por-

120 742 162 773 ta
192 735 366 773 hostibus
395 736 508 773 viam.
563 735 623 772 Ea
651 741 880 786 erumpunt3
919 741 1240 784 consternatoque

120 801 270 849 agmine
298 799 481 837 abeuntes
506 800 546 838 in
564 801 747 837 victorem
773 799 933 837 alterum
955 799 1127 836 incidunt
1145 811 1239 835 con·

120 863 265 902 sulem:
297 865 351 902 ibi
386 866 523 903 iterum
552 865 638 902 caesi
670 864 821 914 fusique
856 864 1009 914 passim.
1065 863 1240 901 Victoria

121 929 274 978 egregia
302 935 424 981 parta,
451 930 569 966 tristis
597 935 726 966 tamen
755 928 902 966 duobus
931 934 1010 965 tam
1039 927 1149 965 claris
1176 927 1238 965 fu·

120 994 287 1033 neribus.
342 994 478 1046 Itaque
506 994 653 1039 consul,
684 994 910 1031 decernente
939 998 1074 1030 senatu
1104 994 1240 1029 trium-

122 1058 253 1110 phum,
275 1059 318 1095 Si
340 1060 511 1096 exercitus
532 1059 606 1095 sine
628 1060 842 1106 imperatore
870 1057 1090 1107 triumphare
1112 1059 1238 1106 possit,

119 1133 189 1170 pro
212 1122 342 1157 eximia
359 1133 399 1157 eo
423 1122 511 1158 bello
531 1133 638 1170 opera
653 1120 774 1171 facile
794 1133 995 1169 passurum,
1016 1119 1237 1170 respondit:

122 1200 170 1230 se,
188 1186 342 1236 familia
367 1186 520 1236 funesta
550 1187 593 1228 Q.
620 1173 720 1223 Fabii
743 1185 881 1235 fratris
907 1190 1034 1228 morte,
1063 1185 1244 1233 republica

122 1262 165 1286 ex
181 1254 288 1298 parte
311 1249 396 1285 orba
414 1250 554 1285 consule
571 1249 684 1285 altero
702 1250 844 1290 amisso,
867 1247 1011 1295 publico
1031 1248 1245 1294 privatoque

123 1315 314 1364 deformem
335 1315 431 1350 luctu
452 1315 610 1350 lauream
629 1327 698 1350 non
716 1319 955 1362 accepturum.
1011 1312 1129 1349 Omni
1154 1320 1242 1351 acto

124 1382 318 1432 triumpho
355 1381 546 1432 depositus
583 1381 797 1432 triumphus
833 1379 971 1416 clarior
1006 1379 1104 1416 fuit:
1145 1380 1240 1416 adeo

124 1454 251 1499 spreta
279 1448 317 1483 in
346 1454 516 1497 tempore
550 1446 671 1496 gloria
704 1447 893 1483 interdum
927 1445 1154 1484 cumulatior
1180 1461 1239 1485 re·

122 1511 188 1548 dit.
242 1510 393 1548 Funera
411 1509 545 1545 deinde
564 1509 639 1546 duo
658 1509 832 1559 deinceps
860 1509 1016 1558 collegae
1037 1510 1241 1560 fratrisque

123 1576 226 1613 ducit
243 1591 251 1612 z
283 1576 382 1612 idem
401 1575 440 1611 in
460 1582 622 1624 utroque
640 1573 828 1618 laudator,
847 1587 976 1623 quum,
997 1576 1242 1614 concedendo
1261 1617 1263 1619 ,

122 1640 195 1679 iuis
225 1653 310 1677 suas
338 1639 481 1684 laudes,
509 1641 589 1691 ipse
615 1641 818 1677 maximam
848 1647 993 1691 partem
1015 1655 1143 1680 earum
1164 1645 1240 1682 fer-

123 1713 192 1745 ret.
247 1706 384 1756 Neque
412 1707 599 1743 inmemor
626 1705 721 1757 ejus,
752 1707 853 1756 quod
880 1708 992 1744 initio
1021 1710 1240 1749 consulatus

122 1769 325 1811 inbiberat,
356 1767 623 1806 reconciliandi
651 1770 797 1806 animos
827 1769 961 1819 plebis,
993 1773 1140 1809 saucios
1169 1774 1241 1809 mi-

123 1833 208 1870 lites
228 1832 414 1869 curandos
439 1833 573 1870 dividit
590 1832 781 1870 Patribus,
836 1833 964 1870 Fabiis
993 1835 1146 1886 plurimi
1174 1838 1242 1874 da-

121 1898 182 1934 ti:
213 1909 284 1933 nec
313 1896 404 1933 alibi
432 1897 577 1948 majore
606 1909 695 1934 cura
722 1898 856 1935 habiti.
913 1897 1008 1936 Inde
1039 1900 1241 1953 populares

116 1960 200 2013 jam
228 1973 310 1997 esse
331 1959 467 1998 Fabii:
499 1973 570 1998 nec
596 1961 671 1998 hoc
699 1960 790 2006 ulla,
817 1962 890 1998 nisi
919 1961 1060 2001 salubri
1088 1966 1242 2018 reipub-

121 2025 217 2067 licae,
238 2031 330 2062 arte.

175 2089 366 2127 XLVIII.
395 2089 520 2138 Igitur
537 2102 616 2127 non
635 2090 792 2128 Patrum
810 2092 947 2140 magis,
967 2105 1081 2142 quam
1104 2094 1240 2145 plebis,
1254 2100 1299 2132 U.
1315 2101 1352 2133 C.
1368 2112 1406 2143 ⁶27
1413 2114 1441 2139 5.

125 2153 258 2190 studiis
286 2153 339 2190 Κ.
364 2152 506 2190 Fabius
534 2166 621 2190 cum
647 2153 695 2192 T.
721 2153 899 2204 Virginio
934 2156 1069 2193 consul
1101 2144 1349 2204 factus,A·C·
1365 2155 1438 2187 ⁴7⁷·

124 2228 248 2265 neque
264 2215 377 2260 bella,
392 2228 515 2266 neque
533 2217 713 2261 delectus,
729 2230 853 2268 neque
871 2218 986 2256 ullam
1005 2219 1118 2258 aliam
1137 2223 1242 2272 prio-

124 2293 205 2318 rem
222 2293 352 2330 euram
370 2293 495 2330 agere,
515 2294 628 2331 quam
654 2288 709 2325 ut,
723 2281 807 2332 jam
829 2282 956 2333 aliqua
973 2296 1021 2321 ex
1048 2292 1156 2336 parte
1182 2287 1243 2324 in-

126 2344 266 2383 choata
289 2346 501 2383 concordiae
529 2359 609 2399 spe,
637 2348 761 2398 primo
785 2360 938 2399 quoque
960 2354 1133 2401 tempore
1154 2363 1241 2389 cum

644 2410 691 2449 H.
703 2412 728 2448 2
