1573 2598
113 1243 209 1293 Gabii
227 1248 273 1271 re·

114 1294 209 1329 cepti.

117 1492 310 1529 AEdificatur

117 1534 289 1577 Capitolini

117 1581 204 1615 jovis
220 1578 313 1610 aedes.

312 160 371 214 76
766 169 819 199 τ.
843 168 976 199 mvn

316 259 374 296 dit
398 256 569 303 Gabios3
601 268 684 306 quae
713 255 851 292 dixerit
879 257 973 307 ipse,
1007 267 1164 305 quaeque
1194 254 1343 300 viderit,
1371 268 1428 293 re·-

317 324 393 362 fert
409 337 417 359 ι
449 335 516 359 seu
540 323 609 364 ira,
635 332 703 357 seu
725 321 829 364 odio,
849 333 916 356 seu
934 319 1111 370 superbia
1129 320 1243 356 insita
1261 321 1429 369 ingenio,

317 386 463 425 nullam
488 397 574 422 eum
594 396 728 420 vocem
754 384 933 420 emisisse.
988 384 1107 420 Sexto
1135 383 1216 426 ubi,
1241 383 1333 432 quid
1354 383 1432 420 vel-

316 450 371 489 let
399 462 549 501 parens,
567 448 705 498 quidve
723 448 945 498 praeciperet
963 449 1088 485 tacitis
1109 447 1346 497 ambagibus,
1364 460 1433 499 pa-

317 515 417 560 tuit3
449 514 632 564 primores
655 511 833 555 civitatis,
853 511 1090 548 criminando
1116 511 1211 548 alios
1236 511 1337 562 apud
1363 524 1434 562 po·

318 577 465 632 pulum,
494 577 589 614 alios
618 589 687 613 sua
717 576 819 626 ipsos
852 576 995 612 invidia
1022 583 1258 626 opportunos
1294 575 1435 612 intere-

319 644 414 681 mit:
449 641 560 679 multi
584 641 735 692 palam3
768 640 934 690 quidam,
963 641 1004 676 in
1033 640 1168 690 quibus
1197 641 1320 677 minus
1350 652 1436 691 spe-

316 708 428 745 ciosa
454 705 669 743 criminatio
698 711 780 742 erat
807 704 948 748 futura,
980 704 1076 741 clam
1104 704 1307 742 interfecti.
1361 705 1435 742 Pa-

320 772 397 809 tuit
415 770 640 821 quibusdam
657 769 872 807 volentibus
892 771 997 820 finga,
1019 777 1085 807 aut
1109 771 1149 807 in
1169 770 1342 808 exsilium
1361 771 1438 808 acti

321 842 425 879 sunt,
461 834 749 884 absentiumque
784 824 901 871 bona
916 834 1031 885 juxta
1067 842 1180 885 atque
1214 836 1437 872 interemto.-

321 911 406 936 rum
442 898 577 935 divisui
603 898 721 936 fuere.
776 898 1011 947 Largitionis
1045 899 1132 935 inde
1162 899 1372 949 praedaeque
1400 906 1439 936 et

323 963 520 1000 dulcedine
547 963 684 1012 privati
713 963 902 999 commodi
931 975 1060 999 sensus
1093 963 1280 1000 malorum
1313 963 1438 1014 publi-

322 1039 455 1064 corum
483 1026 611 1069 adimi,
639 1026 773 1070 donec,
802 1027 896 1063 orba
921 1027 1081 1063 consilio
1107 1027 1336 1077 auxilioque,
1361 1027 1438 1064 Ga-

324 1091 416 1129 bina
434 1103 492 1127 res
511 1091 592 1140 regi
610 1090 790 1127 Romano
813 1091 894 1127 sine
915 1090 993 1128 ulla
1021 1091 1264 1128 dimicatione
1292 1093 1330 1128 in
1358 1105 1440 1129 ma-

326 1169 417 1194 num
436 1155 609 1191 traditur.

379 1220 464 1257 LV.
494 1218 626 1255 Gabiis
654 1219 829 1269 receptis,
849 1219 1076 1268 Tarquinius
1105 1231 1234 1269 pacem
1265 1233 1349 1257 cum
1369 1221 1440 1259 ΛΕ-

327 1297 489 1334 quorum
517 1290 630 1333 gente
658 1283 776 1329 fecit3
808 1283 931 1320 foedus
961 1296 1046 1320 cum
1070 1284 1204 1321 Tuscis
1233 1288 1442 1324 renovavit,

329 1349 424 1386 Inde
444 1348 491 1384 ad
515 1348 673 1397 negotia
691 1346 836 1384 urbana
855 1348 1022 1384 animum
1041 1349 1251 1384 convertit:
1283 1362 1442 1398 quorum

331 1420 412 1450 erat
439 1414 616 1463 primum,
643 1420 685 1448 ut
706 1413 813 1449 Jovis
836 1412 1018 1463 templum
1047 1413 1086 1448 in
1114 1419 1244 1450 monte
1263 1413 1442 1465 Tarpeio,

331 1484 617 1515 monumentum
631 1477 738 1526 regni
751 1478 808 1513 sui
819 1478 1072 1527 nominisque,
1085 1477 1330 1527 relinqueret:
1349 1479 1443 1516 Tat-

333 1542 482 1592 quinios
510 1553 618 1590 reges
647 1540 793 1584 ambos,
823 1547 968 1591 patrem
987 1542 1146 1584 vovisse,
1177 1541 1294 1579 filium
1323 1543 1448 1593 perfe-

333 1607 441 1643 cisse.
495 1605 562 1649 Et,
582 1610 625 1640 ut
646 1603 765 1640 libera
782 1617 805 1641 a
823 1605 955 1641 ceteris
979 1604 1224 1654 religionibus
1244 1618 1331 1642 area
1349 1614 1447 1644 esset

334 1680 419 1711 tota
436 1673 542 1710 Jovis
572 1671 776 1723 templique
805 1671 900 1722 ejus,
927 1672 1029 1722 quod
1057 1672 1357 1715 inaedificaretur,
1381 1685 1446 1709 ex-

338 1749 522 1787 augurare
540 1735 629 1773 fana
647 1735 858 1786 sacellaque
876 1737 1010 1773 statuit
1026 1752 1035 1781 3
1068 1749 1150 1785 quae
1177 1735 1323 1786 aliquot
1347 1735 1399 1773 ibi
1427 1750 1450 1774 a

336 1802 452 1839 Tatio
471 1813 573 1849 rege,
592 1799 754 1851 primum
772 1799 813 1835 in
835 1799 918 1850 ipso
940 1799 1154 1838 discrimine
1172 1799 1346 1836 adversus
1366 1798 1449 1836 Ro-

337 1865 481 1903 mulum
499 1877 636 1915 pugnae
655 1870 759 1907 vota,
773 1870 1006 1907 consecrata,
1027 1863 1324 1913 inaugurataque
1343 1870 1448 1914 post·

339 1941 385 1967 ea
404 1929 568 1966 fuerant.
623 1926 730 1964 Inter
756 1928 941 1978 principia
969 1928 1155 1964 condendi
1183 1927 1295 1978 hujus
1325 1929 1470 1978 operis

341 1993 504 2031 movisse
531 2003 672 2029 numen
701 1990 748 2028 ad
772 1991 1011 2028 indicandam
1029 1993 1127 2028 tanti
1147 1992 1293 2042 imperii
1312 1982 1467 2030 molem*

342 2057 504 2096 traditur
521 2055 626 2093 Deos
645 2069 653 2091 z
684 2067 787 2099 nam,
810 2067 926 2104 quum
947 2055 1115 2091 omnium
1138 2055 1361 2092 sacellorum
1386 2068 1451 2094 ex—

344 2121 611 2170 augurationes
637 2118 879 2155 admitterent
897 2130 996 2162 aves,
1018 2119 1056 2155 in
1075 2118 1244 2155 Termini
1262 2119 1353 2156 fano
1374 2131 1452 2157 non

345 2185 533 2222 addixere.
589 2182 634 2219 Id
656 2193 768 2218 omen
789 2182 1060 2231 auguriumque
1080 2182 1134 2220 ita
1152 2188 1348 2234 acceptum
1367 2190 1424 2220 est
1436 2199 1450 2230 5

344 2261 423 2286 non
452 2254 595 2284 motam
612 2246 781 2283 Termini
806 2246 945 2289 sedem,
971 2258 1162 2296 unumque
1180 2259 1266 2283 eum
1283 2246 1454 2286 Deorum

345 2325 424 2350 non
453 2318 651 2351 evocatum
679 2311 833 2349 sacratis
866 2309 938 2348 sibi
970 2310 1121 2355 finibus,
1151 2310 1258 2351 firma
1285 2310 1453 2350 stabilia-
