1573 2598
419 201 645 248 meant.
677 199 784 230 cAr.
807 200 892 229 xx.
1129 188 1210 242 363

91 295 176 348 j'am
195 293 380 337 omnibus
411 295 458 331 ad
488 294 527 330 id
554 293 696 330 bellum
725 293 881 343 paratis,
912 291 1021 328 ludos
1050 304 1210 340 magnos
1224 293 1265 325 U.
1278 294 1315 326 C.
1331 300 1405 329 ³59.

98 373 145 398 ex
174 345 506 397 senatusconsulto
533 359 637 395 vovit
661 358 765 394 Veiis
792 358 911 408 captis
938 370 977 393 se
996 357 1184 393 facturum
1198 339 1262 403 3A⁸
1277 338 1314 369 C·
1331 344 1404 372 ³⁹³¹

102 425 294 474 aedemque
312 424 475 461 Matutae
494 423 625 460 matris
646 422 825 458 refectam
842 422 1114 464 dedicaturum,
1129 420 1213 472 jam

101 496 190 527 ante
209 489 256 526 ab
277 502 364 539 rege
385 489 463 525 Ser.
479 487 608 524 Tullio
629 487 852 523 dedicatam.
907 486 1107 523 Profectus
1128 499 1214 523 cum

97 555 266 590 exercitu
297 553 343 590 ab
377 553 470 589 urbe
503 552 789 601 exspectatione
821 552 1020 588 hominum
1052 549 1212 601 majore,

99 630 213 667 quam
238 630 317 668 spe,
348 618 388 669 in
417 629 510 665 agro
535 616 697 667 primum
726 616 922 666 Nepesino
949 628 1033 651 cum
1055 615 1212 651 Faliscis

99 689 139 719 et
168 682 424 733 Capenatibus
455 682 563 732 signa
597 681 758 718 confert.
815 681 957 717 Omnia
984 682 1038 717 ibi
1067 694 1214 717 summa

97 746 247 783 ratione
266 745 502 795 consilioque
522 751 607 782 acta
626 745 780 781 fortuna
801 745 928 787 etiam,
948 751 988 780 ut
1007 744 1062 786 fit,
1084 751 1214 780 secuta

96 815 176 845 est:
218 822 298 846 non
327 808 466 859 proelio
494 815 646 845 tantum
677 808 777 844 fudit
805 808 948 850 hostes,
985 807 1050 843 sed
1079 809 1211 844 castris

95 886 246 923 quoque
274 874 393 917 exuit,
420 873 642 922 ingentique
667 871 794 922 praeda
821 878 878 907 est
903 871 1046 921 potitus
1061 888 1071 917 3
1105 871 1211 923 cujus

94 949 181 989 pars
210 938 377 975 maxima
402 937 450 974 ad
478 943 706 986 quaestorem
736 936 888 972 redacta
917 943 996 972 est:
1028 937 1130 973 haud
1159 938 1214 973 ita

96 1001 258 1039 multum
277 1001 391 1038 militi
410 1002 552 1038 datum.
597 1001 691 1037 Inde
712 1001 759 1037 ad
777 1001 893 1037 Veios
915 1001 1100 1037 exercitus
1121 1002 1212 1038 duc-

96 1072 172 1110 tus,
193 1066 443 1116 densioraque
470 1066 625 1104 castella
650 1066 753 1102 facta
768 1082 778 1111 5
812 1072 850 1102 et
870 1078 891 1102 a
910 1067 1212 1116 procursationi-

96 1129 183 1173 bus,
203 1143 286 1179 quae
311 1130 441 1168 multae
467 1137 610 1167 temere
636 1132 735 1166 inter
755 1142 904 1166 murum
923 1143 966 1166 ac
986 1130 1126 1167 vallum
1146 1131 1212 1168 fie-

81 1191 205 1237 ·bant,
227 1194 367 1237 edicto,
390 1207 439 1231 ne
461 1195 544 1243 quis
571 1193 718 1245 injussu
736 1201 938 1245 pugnaret,
960 1195 1007 1230 ad
1026 1208 1120 1246 opus
1141 1196 1211 1231 mi-

96 1256 181 1294 lites
209 1258 386 1295 traducti.
444 1258 614 1308 Operum
642 1258 716 1294 fuit
746 1259 916 1294 omnium
944 1258 1059 1307 longe
1089 1260 1209 1296 maxi·
1223 1255 1425 1306 cuniculum

96 1335 200 1359 mum
230 1336 274 1360 ac
302 1323 658 1367 laboriosissimum,
689 1323 883 1360 cuniculus
910 1324 950 1359 in
976 1336 1100 1359 arcem
1118 1324 1209 1360 hos-
1221 1309 1378 1374 2953&ss

95 1387 192 1422 tium
224 1387 286 1435 agi
323 1393 494 1437 coeptus:
536 1387 636 1436 quod
670 1400 719 1423 ne
751 1387 1066 1423 intermitteretur
1098 1401 1207 1438 opus,
1221 1387 1296 1426 agit.

95 1462 171 1487 neu
189 1450 259 1487 sub
278 1458 380 1488 terra
397 1453 602 1488 continuus
629 1451 738 1488 labor
761 1452 913 1488 eosdem
932 1452 1148 1496 conficeret,
1170 1454 1210 1490 in

95 1520 220 1564 partes
241 1526 307 1551 sex
326 1516 561 1552 munitorum
580 1528 779 1552 numerum
803 1516 929 1552 divisit
946 1530 953 1552 ε
986 1529 1085 1553 senae
1105 1518 1209 1554 horae
1249 1562 1255 1565 s

95 1578 135 1615 in
155 1578 286 1615 orbem
306 1581 413 1630 operi
438 1580 639 1617 adtributae
659 1587 769 1617 sunt:
802 1586 916 1617 nocte
942 1594 985 1617 ac
1014 1581 1074 1617 die
1099 1576 1209 1619 num-

95 1654 208 1691 quam
227 1649 316 1679 ante
335 1645 531 1687 omissum,
549 1657 662 1693 quam
680 1645 720 1680 in
740 1657 865 1681 arcem
883 1646 983 1680 viam
1001 1645 1181 1684 facerent.

149 1705 244 1743 XX.
273 1707 465 1751 Dictator,
487 1721 603 1757 quum
616 1708 700 1759 jam
716 1710 755 1745 in
775 1709 949 1746 manibus
969 1710 1113 1746 videret
1130 1712 1206 1748 vic·

95 1770 234 1806 toriam
251 1783 344 1815 esse,
367 1771 499 1809 urbem
519 1773 845 1823 opulentissimam
865 1774 962 1824 capi,
982 1780 1206 1824 tantumque

94 1833 229 1884 praedae
253 1834 351 1878 fore,
369 1842 554 1885 quantum
579 1849 659 1873 non
681 1836 856 1873 omnibus
877 1838 916 1872 in
942 1850 1059 1874 unum
1076 1839 1206 1875 conla-

95 1890 143 1933 tis
174 1904 262 1934 ante
288 1898 398 1935 bellis
427 1899 585 1946 fuisset3
617 1913 665 1936 ne
692 1913 804 1950 quam
836 1901 922 1937 inde
949 1908 1014 1938 aut
1043 1903 1206 1940 militum

95 1960 189 1997 iram
215 1974 263 1998 ex
296 1962 535 2012 malignitate
567 1964 703 2014 praedae
733 1965 896 2014 partitae,
932 1973 997 2001 aut
1026 1967 1206 2004 invidiam

94 2025 195 2074 apud
214 2025 346 2062 Patres
367 2040 413 2063 ex
433 2028 592 2078 prodiga
610 2027 813 2077 largitione
830 2038 992 2080 caperet,
1011 2030 1136 2068 literas
1159 2034 1205 2070 ad

95 2096 267 2126 senatum
296 2092 424 2128 misit:
461 2094 584 2129 Deum
606 2094 855 2130 inmortalium
882 2095 1110 2143 benignitate,
1134 2101 1206 2134 suis
1217 2103 1411 2135 Deliberatio

94 2153 260 2196 consiliis,
275 2157 458 2202 patientia
474 2157 643 2199 militum,
667 2158 767 2193 Veios
779 2156 859 2203 jam
869 2157 959 2207 fore
975 2161 1009 2195 in
1025 2166 1205 2208 potestate
1217 2149 1379 2222 ῗζὶξῐτῗάἃ

87 2216 219 2263 populi
237 2216 418 2256 Romani:
446 2221 533 2268 quid
552 2222 596 2256 de
614 2222 741 2269 praeda
759 2221 976 2270 faciendum
995 2229 1205 2263 censerent?
1337 2202 1381 2222 m·

91 2277 190 2315 Duae
205 2287 379 2318 senatum
397 2283 631 2321 distinebant
653 2287 851 2323 sententiae
870 2303 877 2323 ε
910 2289 1008 2324 senis
1034 2289 1078 2326 P.
1097 2290 1201 2327 Lici-

93 2343 161 2387 nii,
192 2357 304 2394 quem
328 2347 493 2397 primum
518 2349 658 2387 dixisse
688 2363 710 2385 a
738 2350 817 2387 filio
844 2352 1121 2403 interrogatum
1146 2355 1202 2392 fe-

569 2413 571 2415 .
614 2411 652 2448 R
672 2423 697 2454 2
