1573 2598
373 206 528 234 mmm
550 205 597 235 v.
631 205 739 234 cAr.
764 205 945 234 xxxw.
1131 193 1213 250 383

101 293 309 330 centissimi
333 290 580 338 aduenarum,
600 294 648 331 ab
669 290 813 331 Utente
841 295 995 331 flumine
1024 307 1141 344 usque
1166 296 1213 333 ad
1226 299 1316 330 U.C.
1334 306 1409 332 364.

100 356 225 394 AEsim
255 357 346 394 fines
376 358 553 396 habuere.
609 359 722 395 Hanc
750 365 902 407 gentem
923 358 1106 402 Clusium,
1130 359 1213 396 Ro·
1225 343 1316 374 A'C'
1333 351 1408 376 3⁸⁸·

99 434 275 472 mamque
299 424 399 466 inde,
421 424 565 459 venisse
588 424 780 473 comperio
799 438 806 458 :
839 423 876 459 id
905 436 1049 473 parum·
1067 431 1212 460 certum

100 493 171 531 est,
201 488 384 530 solamne,
417 501 465 524 an
494 487 541 524 ab
571 487 747 524 omnibus
776 487 1057 537 Cisalpinorum
1079 488 1211 525 Gallo-

98 563 181 587 rum
203 553 350 602 populis
371 552 551 602 adjutam.
609 552 769 594 Clusini,
785 565 886 588 novo
906 552 1007 588 bello
1026 554 1209 594 exterriti,
1223 552 1348 585 Clusini
1365 565 1384 585 a

99 628 214 664 quum
238 616 530 658 multitudinem,
552 628 667 664 quum
690 615 831 651 formas
854 616 1052 652 hominum
1081 617 1211 653 invisi-
1226 597 1326 627 G³U¹⁵
1342 599 1400 628 ‘'b''

1248 650 1267 670 u
1292 650 1332 670 na
1348 651 1370 673 Ι.

98 685 196 715 tatas
217 685 413 715 cernerent
432 685 469 714 et
493 691 610 727 genus
635 692 839 722 armorum,
861 680 1121 728 audirentque,
1143 650 1244 716 sce-p
1270 650 1289 679 g
1337 648 1346 671 t

97 754 145 792 pe
167 742 214 778 ab
238 743 297 785 iis,
322 744 374 778 cis
396 743 539 778 Padum
563 742 750 791 ultraque,
772 743 941 790 legiones
963 743 1212 781 Etruscorum

97 807 215 850 fusas,
236 821 463 856 quamquam
487 808 662 843 adversus
684 807 880 843 Romanos
909 806 1053 843 nullum
1074 809 1125 843 eis
1146 807 1210 858 jus

97 872 289 907 societatis
320 873 543 908 amicitiaeve
571 878 665 915 erat,
690 873 760 907 nisi
787 872 887 921 quod
910 871 1088 907 Veientes
1118 885 1210 907 con-

96 936 324 985 sanguineos
346 936 521 972 adversus
542 936 722 986 populum
744 936 963 971 Romanum
981 948 1060 971 non
1080 935 1209 971 defen-

96 1000 253 1042 dissent,
274 999 420 1048 legatos
440 1000 620 1043 Romam,
638 1001 699 1048 qui
722 1000 902 1036 auxilium
923 1000 970 1035 ab
990 1006 1122 1035 senatu
1143 1012 1208 1049 pe·
1221 1004 1353 1043 Legatos
1369 1016 1389 1038 a

93 1070 234 1106 terent,
255 1064 401 1099 misere.
458 1063 518 1099 De
537 1056 679 1099 auxilio
699 1063 795 1099 nihil
810 1064 1059 1113 inpetratum:
1091 1063 1208 1111 legati
1219 1047 1387 1123 ἒῗέζῦξς

95 1134 171 1164 tres
191 1128 247 1163 Μ.
268 1128 378 1164 Fabii
397 1128 577 1164 Ambusti
597 1127 663 1164 filii
684 1129 800 1170 missi,
823 1129 885 1176 qui
912 1134 1062 1163 senatus
1083 1135 1389 1177 popu-inpetrann

93 1191 195 1240 lique
228 1192 395 1227 Romani
433 1193 587 1228 nomine
625 1198 782 1240 agerent
812 1205 896 1228 cum
927 1191 1061 1235 Gallis,
1092 1205 1153 1234 ne,
1188 1206 1211 1228 a

94 1256 229 1305 quibus
259 1256 401 1292 nullam
430 1256 608 1306 injuriam
639 1258 886 1305 accepissent,
917 1257 1039 1291 socios
1078 1256 1210 1306 populi

93 1320 258 1356 Romani
290 1327 403 1370 atque
432 1322 574 1358 amicos
601 1321 880 1370 obpugnarent.
937 1320 1122 1356 Romanis
1143 1333 1208 1356 eos

91 1384 194 1421 bello
220 1398 369 1434 quoque
398 1386 428 1421 si
458 1398 515 1421 res
546 1391 673 1434 cogat,
700 1385 860 1421 tuendos
892 1397 998 1420 esse:
1031 1385 1096 1420 sed
1127 1397 1207 1421 me-

92 1447 164 1484 lius
197 1449 332 1491 visum,
365 1449 505 1485 bellum
539 1450 662 1498 ipsum
699 1449 880 1491 amoveri,
914 1449 945 1483 si
977 1455 1128 1498 posset3
1169 1454 1209 1483 et

94 1511 241 1555 Gallos,
260 1525 398 1549 novam
425 1520 590 1562 gentem,
611 1525 704 1563 pace
730 1513 856 1562 potius
878 1513 1072 1561 cognosci,
1094 1524 1207 1561 quam
1246 1561 1252 1565 V

90 1577 216 1612 armis.

145 1640 340 1676 XXXVI.
376 1641 486 1677 Mitis
524 1641 681 1689 legatio,
714 1641 755 1676 ni
787 1639 1010 1689 praeferoces
1044 1640 1206 1690 legatOS,

92 1703 287 1753 Gallisque
313 1707 433 1754 magis
458 1719 569 1754 quam
597 1705 783 1741 Romanis
807 1704 961 1747 similes,
985 1704 1203 1740 habuisset:

92 1768 243 1817 quibus,
282 1776 484 1818 postquam
521 1769 701 1804 mandata
733 1768 931 1803 ediderunt
967 1768 1006 1803 in
1044 1768 1207 1804 concilio

93 1832 305 1875 Gallorum,
331 1833 442 1868 datur
470 1845 716 1882 responsum:
753 1833 831 1868 Ersi
849 1845 976 1873 novum
996 1845 1121 1868 nomen
1141 1845 1207 1868 αα-

91 1897 195 1932 diant
225 1896 484 1939 Romanorum,
518 1902 634 1932 tamen
673 1897 814 1932 credere
849 1897 941 1931 viros
966 1895 1088 1944 fortes
1123 1908 1206 1939 esse,

90 1973 242 2009 quorum
263 1962 438 1997 azixilium
464 1974 487 1996 a
509 1961 662 1996 Clusinis
684 1963 718 1996 in
744 1973 781 1996 re
804 1961 945 2008 trepida
971 1962 1018 1995 sit
1045 1961 1207 2008 inplora-

92 2030 196 2061 tum:
234 2030 281 2068 et,
313 2027 480 2074 quoniam
519 2027 696 2072 legatione
727 2026 892 2060 adversus
925 2036 962 2060 se
998 2025 1206 2066 maluerint,

93 2101 200 2137 quam
228 2091 350 2131 armis,
377 2091 468 2125 tueri
492 2092 615 2130 socios,
640 2101 683 2125 ne
708 2101 744 2124 se
772 2090 915 2136 quidem
938 2099 1078 2135 pacem,
1100 2099 1208 2135 quam

91 2154 149 2188 illi
185 2153 366 2202 adferant,
404 2155 628 2202 adspernari,
665 2156 696 2189 si
735 2154 852 2188 Gallis
887 2152 1067 2199 egentibus
1102 2163 1204 2197 agro,

92 2228 195 2265 quem
217 2217 326 2252 latius
348 2219 566 2264 possideant,
595 2230 701 2265 (luam
729 2218 862 2257 colant,
892 2215 1041 2257 Clusini,
1063 2219 1208 2262 partem

78 2282 215 2331 finium
244 2283 460 2318 concedant:
493 2283 601 2317 aliter
633 2294 758 2329 pacem
787 2282 962 2328 inpetrari
992 2291 1058 2314 non
1091 2289 1205 2326 posse.

93 2346 145 2383 Et
174 2358 379 2395 responsum
411 2359 531 2383 coram
557 2346 731 2382 Romanis
758 2346 919 2394 accipere
949 2344 1068 2380 velle:
1094 2347 1143 2386 et,
1176 2343 1207 2378 ei
