1573 2598
97 952 223 987 Urbem
242 962 300 987 au-

94 1005 161 1040 get.

96 1533 238 1581 Asylum

97 1587 173 1619 apet
175 1587 182 1606 1
187 1583 207 1607 t.

98 1841 257 1874 Senatum

99 1886 248 1917 instituit.

98 1969 205 2003 Patres
220 1975 252 2002 et

99 2015 239 2052 Patricii.

317 135 368 178 18
742 151 786 180 τ.
810 152 943 182 vau

304 233 398 286 jura
418 234 547 273 dedit:
579 248 662 286 quae
682 236 736 274 ita
754 245 886 276 sancta
910 238 1039 288 generi
1064 239 1262 281 hominum
1290 246 1432 295 agresti
1452 248 1455 251 ”

311 300 396 338 fore
414 307 533 346 ratus,
554 301 584 346 si
604 313 644 338 se
669 301 749 352 ipse
767 302 1020 342 venerabilem
1045 305 1258 355 insignibus
1283 308 1430 360 imperii

311 363 479 410 fecisset,
511 377 627 414 quum
655 371 783 402 cetero
815 366 949 404 habitu
980 380 1020 405 se
1049 371 1322 419 augustiorem,
1347 378 1430 413 tum

311 429 477 468 maxime
497 428 694 466 lictoribus
720 429 919 467 duodecim
947 432 1094 478 sumtis,
1113 432 1218 472 fecit.
1272 434 1351 472 Alii
1380 436 1429 473 ab

310 505 472 532 numero
500 493 640 538 avium,
660 507 743 544 quae
768 495 927 544 augurio
955 508 1115 546 regnum
1141 499 1431 549 portenderant,

311 570 401 595 eum
418 565 590 596 secutum
616 571 814 596 numerum
839 565 988 610 putant.
1042 560 1111 599 Me
1138 562 1241 600 haud
1267 564 1434 615 poenitet

313 633 445 664 eorum
471 623 668 660 sententiae
694 635 788 668 esse,
811 622 947 674 quibus
973 630 1011 662 et
1036 626 1269 676 adparitores
1292 634 1330 664 et
1357 629 1433 666 hoc

313 697 433 736 genus
452 685 500 724 ab
519 687 691 724 Etruscis
717 687 901 734 finitimis,
916 690 1017 727 unde
1041 690 1134 728 sella
1158 691 1312 736 curulis,
1332 692 1434 730 unde

313 756 406 799 toga
434 756 621 801 praetexta
647 758 774 789 sumta
800 758 872 797 est,
900 765 1100 791 numerum
1129 767 1280 805 quoque
1308 755 1433 806 ipsum

314 813 469 851 ductum
495 814 642 865 placet:
673 822 713 854 et
740 818 796 854 ita
818 817 997 855 habuisse
1020 818 1219 864 Etruscos,
1243 819 1359 870 quod,
1385 821 1454 858 ex*

313 878 513 916 duodecim
542 880 693 931 populis
723 883 976 920 communiter
1007 889 1136 920 creato
1164 897 1268 933 rege,
1303 884 1435 934 singu-

311 941 370 980 los
396 943 536 993 singuli
563 945 696 996 populi
720 945 872 983 lictores
902 947 1085 985 dederint.
1141 947 1347 986 Crescebat
1376 949 1436 985 in-

311 1006 424 1044 terim
446 1007 549 1052 urbs,
569 1010 848 1047 munitionibus
876 1009 952 1047 alia
976 1017 1091 1060 atque
1119 1010 1194 1048 alia
1221 1011 1437 1061 adpetendo

311 1070 412 1116 loca,
449 1085 567 1121 quum
609 1073 649 1109 in
691 1085 797 1122 spem
831 1074 954 1122 magis
989 1073 1127 1113 futurae
1164 1074 1436 1119 multitudinis,

311 1147 427 1185 quam
455 1135 504 1172 ad
535 1135 588 1179 id,
622 1135 724 1185 quod
755 1142 838 1173 tum
869 1137 1069 1175 hominum
1102 1144 1196 1182 erat,
1230 1137 1438 1184 munirent,

311 1199 477 1243 Deinde,
504 1212 551 1236 ne
570 1212 670 1236 vana
697 1199 800 1236 urbis
830 1200 1054 1248 magnitudo
1081 1208 1194 1246 esset,
1215 1201 1437 1253 adjicienda

311 1263 568 1304 multitudinis
594 1276 741 1307 caussa,
761 1270 888 1300 vetere
917 1264 1077 1301 consilio
1100 1266 1347 1303 condentium
1372 1277 1438 1305 ure

311 1329 395 1373 bes,
416 1331 495 1380 qui,
516 1331 717 1367 obscuram
741 1336 854 1380 atque
878 1331 1060 1368 humilem
1081 1331 1291 1369 conciendo
1321 1332 1369 1368 ad
1398 1343 1440 1369 se

312 1394 612 1439 multitudinem,
642 1400 773 1431 nata'm
802 1407 822 1431 e
850 1401 952 1432 terra
980 1396 1052 1433 sibi
1080 1396 1227 1447 prolem
1256 1396 1440 1432 ementie-

312 1458 485 1505 bantur;
534 1459 674 1503 locum,
713 1460 778 1508 qui
817 1473 921 1497 nunc
958 1467 1084 1510 septus
1123 1459 1438 1507 descendentibus

315 1524 415 1560 inter
443 1524 537 1560 duos
567 1523 672 1560 lucos
703 1530 774 1568 est,
801 1524 960 1574 Asylum
989 1525 1137 1574 aperit:
1170 1537 1216 1561 eo
1246 1537 1292 1560 ex
1321 1523 1438 1560 finiti-

313 1588 385 1625 mis
411 1588 562 1639 populis
590 1588 703 1625 turba
731 1589 854 1625 omnis
885 1589 965 1625 sine
998 1588 1228 1631 discrimine,
1260 1586 1358 1624 liber
1389 1599 1438 1626 an

315 1663 443 1688 servus
467 1658 578 1696 esset,
600 1652 708 1688 avida
733 1664 917 1689 novarum
946 1664 1072 1688 rerum
1099 1650 1293 1702 perfugit:
1325 1650 1439 1700 idque

313 1715 479 1766 primum
518 1716 566 1752 ad
606 1723 772 1766 coeptam
814 1716 1117 1764 magnitudinem
1159 1714 1308 1752 roboris
1351 1713 1445 1752 fuit..

315 1779 444 1819 Quum
457 1779 541 1831 jam
561 1781 695 1817 virium
715 1780 818 1816 haud
845 1780 1062 1830 poeniteret,
1084 1778 1285 1816 consilium
1303 1778 1440 1816 deinde

315 1844 457 1881 viribus
483 1851 618 1896 parat:
651 1852 803 1882 centum
825 1850 927 1881 creat
946 1851 1140 1881 senatores
1159 1859 1166 1880 :
1199 1844 1276 1880 sive
1296 1843 1385 1893 quia
1407 1843 1439 1878 is

316 1922 493 1946 numerus
524 1910 615 1946 satis
650 1917 730 1946 erat
747 1926 757 1956 5
797 1910 874 1946 sive
903 1910 992 1959 quia
1028 1908 1099 1946 soli
1131 1915 1285 1945 centum
1315 1913 1438 1951 erant,

316 1974 380 2024 qui
399 1975 518 2012 creari
537 1975 669 2012 Patres
690 1980 858 2025 possent.
914 1974 1046 2011 Patres
1073 1979 1174 2010 certe
1200 1972 1247 2010 ab
1277 1973 1440 2015 honore,

316 2039 542 2090 patriciique
560 2040 761 2089 progenies
782 2051 913 2076 eorum
930 2037 1118 2090 adpellati.

372 2101 447 2139 IX.
476 2102 564 2139 Jam
590 2115 648 2139 res
677 2101 855 2139 Romana
883 2102 977 2139 adeo
1001 2107 1081 2138 erat
1100 2100 1236 2143 valida,
1257 2105 1299 2135 ut
1328 2097 1436 2136 cuili-

318 2165 385 2204 bet
409 2166 655 2204 finitimarum
675 2168 885 2204 civitatium
904 2166 1004 2204 bello
1029 2178 1097 2217 par
1116 2171 1212 2202 esset
1229 2181 1239 2210 3
1272 2164 1350 2207 sed,
1371 2175 1438 2214 pe-

318 2231 429 2268 nuria
459 2230 672 2274 mulierum,
702 2231 867 2268 hominis
898 2237 1047 2267 {etatem
1081 2230 1260 2265 duratura
1289 2227 1439 2276 magni-

320 2294 412 2332 tudo
432 2301 513 2332 erat
532 2309 541 2332 ε
573 2296 710 2347 quippe
731 2295 864 2346 quibus
884 2307 954 2333 nec
974 2294 1076 2332 domi
1103 2305 1187 2346 spes
1216 2291 1347 2345 prolis,
1367 2303 1438 2331 nec
