1573 2598
92 275 184 308 vGalli
198 275 232 305 in

100 317 274 358 Campani-

98 372 154 394 am
170 369 271 392 trans-

96 411 189 437 eunt.

100 594 145 626 U.
159 595 195 627 C.
211 602 286 629 39⁵.

102 640 142 670 A.
158 638 194 670 C.
211 645 285 675 357-

108 1178 151 1208 Q.
165 1173 315 1206 Servilius

105 1222 250 1252 dictator.

113 1566 224 1605 Pugna
231 1571 320 1595 atrox

112 1618 191 1641 cum
208 1608 320 1639 Gallis.

312 166 400 220 484
741 178 787 206 τ.
811 178 945 209 mvn

370 266 445 305 XI.
475 266 541 310 Et,
562 264 742 310 Hercule,
759 267 858 304 tanti
883 280 928 304 ea
945 267 993 304 ad
1017 267 1183 304 universi
1206 267 1295 304 belli
1315 280 1427 305 even-

317 339 400 370 tum
431 330 615 369 momenti
643 330 838 368 dimicatio
864 331 951 376 fuit,
985 338 1027 368 ut
1055 331 1254 370 Gallorum
1285 332 1429 369 exerci-

318 405 379 435 tus
399 397 573 449 proxima
591 401 718 439 nocte,
738 395 878 433 relictis
898 396 1044 446 trepide
1066 397 1212 441 castris,
1233 397 1272 434 in
1290 396 1431 434 Tibur-

319 469 396 500 tem
422 474 569 511 agrum,
596 466 710 510 atque
735 461 838 504 inde,
861 462 1046 499 societate
1069 461 1160 499 belli
1184 461 1300 505 facta,
1328 474 1432 498 com-

317 533 521 576 meatuque
549 525 714 574 benigne
744 525 792 562 ab
820 525 1044 564 Tiburtibus
1075 525 1242 577 adjutus,
1272 539 1363 563 mox
1392 525 1432 562 in

320 592 570 642 Campaniam
589 591 793 627 transierit.
837 591 897 628 Ea
914 591 989 628 fuit
1007 604 1154 635 caussa,
1171 604 1238 628 cur
1255 591 1431 642 proximo

321 669 423 693 anno
443 655 487 691 C.
507 653 689 691 Poetelius
710 653 852 691 Balbus
873 655 1019 700 consul,
1041 668 1157 705 quum
1176 651 1432 705 collegae'ejus

318 721 376 759 M.
395 721 517 759 Fabio
537 719 726 756 Ambusto
746 719 906 757 Hernici
928 721 1125 771 provincia
1144 720 1344 763 evenisset,
1367 718 1433 756 ad·

319 798 446 823 versus
466 784 644 821 Tiburtes
663 782 774 833 jussu
796 784 927 834 populi
953 785 1160 821 exercitum
1180 784 1355 820 duceret:
1388 782 1436 819 ad

319 863 481 901 quorum
500 848 681 885 auxilium
698 861 813 897 quum
830 848 930 885 Gaui
949 862 997 885 ex
1010 847 1220 898 Campania
1234 848 1433 890 redissent,

321 915 435 953 foedae
460 912 727 964 populationes
755 913 795 948 in
820 912 1031 956 Lavicano,
1058 911 1367 961 Tusculanoque,
1398 917 1437 947 et

320 977 474 1025 Albano
501 989 608 1026 agro,
635 976 737 1013 haud
763 976 876 1013 dubie
901 975 1125 1012 Tiburtibus
1146 975 1318 1019 ducibus,
1349 980 1439 1011 sunt

321 1042 445 1080 factae.
501 1041 568 1084 Et,
594 1053 710 1090 quum
737 1040 912 1077 adversus
939 1041 1139 1078 Tiburtem
1165 1040 1317 1077 hostem
1343 1040 1437 1076 duce

324 1104 480 1147 consule
499 1109 681 1142 contenta
699 1103 912 1154 respublica
932 1111 1043 1148 esset,
1064 1105 1233 1141 Gallicus
1252 1103 1436 1141 tumultus

327 1174 550 1211 dictatorem
569 1171 688 1208 creari
707 1171 851 1220 coegit:
885 1178 1031 1208 creatus
1048 1172 1096 1211 Q.
1119 1171 1296 1208 Servilius
1314 1169 1440 1208 Ahala

325 1238 372 1276 T.
411 1236 635 1276 Quinctium
675 1236 898 1284 magistrum
944 1237 1114 1286 equitum
1151 1237 1269 1281 dixit;
1310 1242 1348 1272 et
1395 1249 1441 1271 ex

325 1302 553 1341 auctoritate
572 1300 743 1344 Patrum,
765 1301 796 1336 si
817 1313 996 1351 prospere
1015 1301 1054 1338 id
1078 1301 1220 1337 bellum
1240 1300 1438 1342 evenisset,

325 1367 434 1404 ludos
451 1378 610 1416 magnos
630 1366 746 1402 vovit.
803 1365 996 1409 Dictator,
1017 1366 1062 1402 ad
1080 1365 1331 1402 continendos
1351 1377 1439 1415 pro-

326 1432 409 1483 prio
427 1431 530 1468 bello
549 1431 727 1467 Tiburtes
748 1430 938 1467 consulari
961 1431 1129 1467 exercitu
1145 1429 1255 1480 jusso
1275 1441 1439 1471 manere,

330 1509 460 1543 omnes
485 1495 673 1546 junioreS,
701 1495 805 1531 nullo
833 1496 1069 1531 detractante
1100 1495 1288 1537 militiam,
1317 1506 1440 1529 sacra-

330 1566 460 1598 mento
481 1559 619 1608 adegit.
675 1558 893 1607 Pugnatum
912 1559 1014 1594 haud
1040 1557 1173 1608 procul
1192 1564 1303 1607 porta
1323 1556 1440 1593 Colli-

330 1639 382 1663 na
407 1631 464 1662 est
492 1625 610 1661 totius
636 1624 776 1660 viribus
802 1623 920 1668 urbis,
947 1624 987 1660 in
1011 1630 1220 1673 conspectu
1245 1629 1443 1673 parentum

329 1688 612 1740 conjugumque
632 1702 675 1725 ac
700 1676 929 1724 liberorum:
962 1701 1045 1737 quae
1065 1700 1217 1736 magna,
1238 1688 1352 1723 etiam
1378 1686 1445 1723 ab·

329 1754 516 1797 sentibus,
546 1754 791 1789 hortamenta
827 1752 957 1795 animi,
992 1759 1074 1788 tum
1111 1749 1283 1801 subjecta
1312 1749 1445 1793 oculis,

331 1818 445 1857 simul
472 1818 700 1855 verecundia
724 1817 1055 1866 misericordiaque
1080 1815 1239 1852 militem
1266 1815 1447 1852 accende-

333 1883 440 1920 bant.
496 1883 643 1932 BIagna
656 1883 844 1931 utrimque
860 1882 961 1918 edita
974 1881 1089 1924 caede,
1103 1881 1284 1917 avertitur
1295 1880 1448 1917 tandem

335 1948 434 1986 acies
457 1947 677 1984 Gallorum:
709 1945 801 1995 fuga
825 1946 960 1989 Tibur,
982 1947 1078 1982 sicut
1098 1958 1222 1982 arcem
1246 1943 1336 1981 belli
1356 1943 1448 1981 Gal-

336 2012 414 2056 lici,
442 2016 599 2061 petunt:
632 2009 749 2060 palati
776 2022 797 2045 a
824 2008 978 2046 consule
1004 2008 1167 2046 Poetelio
1193 2007 1294 2044 haud
1319 2008 1451 2057 procul

336 2076 481 2115 Tibure
510 2073 673 2124 excepti,
703 2073 861 2122 egressis
891 2073 937 2109 ad
961 2085 1073 2123 opem
1091 2072 1283 2108 ferendam
1312 2071 1452 2109 Tibur-

339 2141 456 2185 tibus,
477 2139 589 2176 simul
608 2151 693 2175 cum
712 2138 769 2173 his
790 2137 889 2173 intra
908 2143 1036 2187 portas
1057 2135 1346 2186 compelluntur.
1398 2136 1453 2174 E-

343 2205 472 2254 gregie
490 2215 606 2253 quum
631 2202 678 2239 ab
699 2202 897 2244 dictatore,
917 2207 999 2237 tum
1019 2199 1066 2236 ab
1086 2199 1241 2236 consule
1267 2212 1324 2236 res
1346 2207 1454 2249 gesta

345 2276 414 2306 est.
470 2268 523 2304 Et
541 2266 675 2304 consul
693 2265 787 2302 alter
806 2264 945 2301 Fabius
965 2264 1108 2315 proeliis
1127 2264 1291 2314 primum
1315 2265 1453 2314 parvis,

347 2339 540 2384 postremo
578 2343 653 2368 una
688 2330 828 2378 insigni
868 2342 1009 2381 pugna,
1047 2341 1163 2380 quum
1198 2329 1326 2365 hostes
1363 2329 1454 2366 totis
