1573 2598
426 183 581 214 LIBER
602 182 661 213 11.
695 183 803 213 CAP.
828 176 938 214 xvr.
1173 180 1248 224 107

133 274 275 311 stineat.
344 272 469 310 Dictis
505 271 608 309 facta
644 271 826 309 amiciora
861 271 1027 323 adjecit:
1077 271 1252 310 obsidum

136 338 236 387 quod
261 336 445 386 reliquum
464 343 558 380 erat,
578 336 735 373 reddidit
754 351 762 373 ε
794 349 926 385 agrum
945 336 1158 380 Veientem,
1178 337 1250 373 foe-

136 402 222 439 dere
254 403 301 439 ad
328 400 543 439 Janiculum
580 401 658 437 icto
687 401 891 445 ademtum,
921 401 1098 437 restituit.
1154 400 1250 438 Tar·
1262 398 1457 438 Tarquinius

137 469 301 518 quinius,
323 480 388 519 spe
413 468 517 504 omni
543 467 682 504 reditus
711 468 844 510 incisa,
872 466 1084 504 exsulatum
1111 467 1158 504 ad
1187 480 1250 516 ge·
1262 442 1467 516 ἶιυέἒῖιῗέιω

136 546 271 570 nerum<
295 532 510 569 Mamilium
538 532 743 569 Octavium.
769 531 978 569 Tusculum
1006 532 1112 570 abiit.
1168 531 1250 568 Ro-
1264 529 1339 560 abit.

137 598 256 635 manis
276 610 351 648 pax
370 597 443 634 fida
461 599 515 633 ita
533 610 620 633 cum
638 597 807 633 Porsena
826 597 911 634 fuit.

191 662 302 698 XVI.
333 661 517 698 Consules
539 661 596 698 M.
617 661 806 705 Valerius,
832 661 876 699 P.
903 661 1135 699 Postumius.
1191 662 1251 698 Eo
1266 663 1307 693 U.
1324 661 1361 693 C·
1379 668 1454 694 ‘249-

139 739 239 763 anno
258 726 355 762 bene
374 732 587 776 pugnatum
605 738 691 762 cum
712 725 862 762 Sabinis
884 739 891 761 ε
925 725 1097 762 consules
1117 726 1252 762 trium-
1264 707 1306 737 A·
1325 705 1360 737 C'
1380 710 1452 737 ⁵⁰3⁰

137 792 314 842 pharunt.
369 789 521 840 llajore
553 791 641 826 inde
673 790 773 826 mole
806 789 938 827 Sabini
969 790 1111 827 bellum
1143 803 1252 840 para-

137 854 258 891 bant:
291 854 466 891 adversus
497 867 576 898 eos,
608 860 646 891 et
673 867 721 890 ue
750 855 840 903 quid
868 853 980 890 simul
1009 854 1056 890 ab
1085 853 1253 890 Tusculo

142 919 273 967 (unde,
300 919 371 955 etsi
396 931 474 954 nou
503 924 690 968 apertum,
711 924 928 968 suspectum
955 923 1082 954 tamen
1112 917 1255 955 bellum

140 983 254 1030 erat,)
276 983 465 1032 repentini
492 983 649 1033 periculi
679 982 855 1025 oriretur,
875 981 919 1019 P.
939 981 1112 1019 Valerius
1143 995 1253 1032 quar·
1269 989 1311 1019 U.
1328 987 1364 1019 C.
1382 993 1456 1019 250.

139 1055 236 1090 tum,
266 1047 312 1084 T.
332 1046 533 1084 Lucretius
562 1048 700 1084 iterum
729 1046 902 1083 consules
932 1047 1037 1085 facti.
1095 1047 1253 1091 Seditio,
1270 1033 1308 1062 Α·
1326 1032 1361 1061 C·
1380 1038 1453 1063 ⁵⁰²⁴

141 1114 238 1149 inter
265 1111 355 1148 belli
390 1112 568 1162 pacisque
598 1118 770 1149 auctores
801 1117 885 1148 orta
914 1112 952 1148 in
991 1112 1155 1156 Sabinis,
1187 1111 1256 1148 ali-

140 1183 323 1226 quantum
353 1177 440 1214 inde
458 1178 594 1213 virium
613 1176 808 1213 transtulit
827 1177 874 1213 ad
892 1176 1092 1213 Romanos
1108 1192 1115 1212 :
1147 1190 1255 1214 nam-

140 1253 212 1290 que
231 1241 345 1276 Attus
366 1239 541 1283 Clausus,
563 1241 622 1276 cui
651 1246 785 1290 postea
804 1240 878 1290 Ap.
901 1240 1063 1277 Claudio
1083 1240 1156 1276 fuit
1175 1240 1257 1276 Ro-
1270 1245 1364 1275 Attus
1378 1242 1475 1273 Clau-

140 1318 210 1341 mae
238 1317 393 1348 nomen,
420 1317 507 1341 cum
535 1305 638 1356 pacis
669 1305 749 1355 ipse
779 1311 913 1341 auctor
946 1318 969 1341 a
997 1304 1257 1342 turbatoribus
1271 1287 1472 1363 ῗξὸἱξὲυᾟω

139 1369 230 1407 belli
258 1375 504 1420 premeretur,
525 1382 595 1406 nec
620 1383 688 1420 par
706 1370 867 1406 factioni
887 1377 999 1414 esset,
1021 1369 1069 1407 ab
1088 1369 1258 1419 Regillo,
1396 1354 1414 1371 ὗ

142 1447 281 1484 magna
313 1434 508 1471 clientium
541 1435 744 1471 comitatus
778 1447 908 1478 manu,
939 1433 1107 1471 Romam
1134 1441 1261 1472 trans—

142 1499 253 1548 fugit.
291 1498 364 1535 His
384 1500 516 1536 civitas
536 1498 625 1535 data
643 1511 809 1548 agerque
828 1505 933 1535 trans
953 1499 1166 1535 Anienem:
1197 1512 1262 1535 ve-

141 1570 202 1600 tus
223 1562 384 1599 Claudia
410 1562 546 1607 tribus,
571 1562 706 1600 additis
737 1569 873 1613 postea
901 1563 1010 1599 novis
1040 1562 1261 1608 tribulibus,

143 1629 205 1677 qui
236 1641 283 1664 ex
311 1641 357 1665 eo
375 1628 549 1664 venirent
578 1640 685 1677 agro,
712 1626 913 1678 adpellata.
970 1628 1132 1678 AppiuS,
1163 1614 1264 1664 inter

143 1692 275 1729 Patres
291 1692 428 1745 lectu&
444 1693 546 1729 haud
564 1693 619 1730 ita
637 1691 758 1729 multo
777 1698 866 1742 post
885 1692 924 1728 in
944 1693 1160 1743 principum
1178 1692 1263 1742 dig-

143 1758 338 1795 nationem
373 1758 556 1807 pervenit.
614 1756 816 1800 Consules,
846 1756 988 1793 infesto
1017 1757 1189 1794 exercitu
1223 1757 1266 1794 in

145 1834 279 1871 agrum
309 1821 492 1858 Sabinum
520 1821 697 1872 profecti,
717 1833 833 1870 quum
855 1822 910 1857 ita
927 1822 1157 1865 vastatione,
1178 1821 1266 1858 dein

143 1884 295 1938 proelio,
316 1885 551 1922 adflixissent
572 1897 664 1936 opes
685 1885 868 1929 hostium,
891 1891 933 1921 ut
960 1885 1026 1922 diu
1053 1884 1149 1921 nibil
1177 1885 1266 1922 inde

143 1949 361 1987 rebellionis
380 1950 515 1986 timere
534 1955 705 2000 possent,
725 1949 1003 1999 triumphantes
1019 1948 1186 1986 Romam
1206 1961 1265 1986 re-

146 2014 307 2051 dierunt.
363 2013 407 2049 P.
436 2012 625 2058 Valerius,
659 2013 831 2050 omnium
864 2025 1053 2050 consensu
1087 2014 1262 2064 princeps
1277 2018 1311 2049 P.
1327 2018 1444 2051 Valerii

145 2077 236 2117 belli
254 2079 433 2130 pacisque
451 2078 612 2122 artibus,
632 2091 735 2115 anno
754 2084 856 2129 post,
872 2079 1046 2128 Agrippa
1063 2077 1264 2122 Menenio,
1275 2071 1372 2094 '³⁰¹⁵'

148 2142 193 2180 P.
205 2142 404 2180 Postumio
423 2142 658 2187 consulibus,
678 2143 854 2187 moritur,
875 2142 998 2192 gloria
1017 2142 1179 2192 ingenti,
1199 2154 1264 2179 co·
1278 2157 1323 2189 u,
1338 2156 1375 2188 c,
1391 2162 1466 2187 251.

148 2206 219 2257 piis
241 2206 489 2244 familiaribus
512 2207 608 2244 adeo
627 2207 792 2256 exiguis,
810 2212 854 2243 ut
873 2205 1000 2244 funeri
1028 2211 1174 2243 sumtus
1199 2205 1264 2243 de·
1276 2201 1317 2234 Α·
1333 2200 1371 2232 C·
1389 2206 1473 2232 ⁵⁰¹·>

149 2278 271 2308 esset:
302 2271 348 2308 de
369 2271 523 2323 publico
549 2278 608 2309 est
632 2270 765 2310 elatus.
820 2270 974 2308 Luxere
1001 2276 1214 2319 matronae„
1225 2277 1267 2309 ut

147 2333 323 2373 Brutum.
378 2335 527 2377 Eodem
554 2348 658 2375 anno
691 2335 775 2373 duae
804 2335 966 2374 coloniae
993 2334 1161 2382 Latinae,
1189 2334 1267 2374 Po—
