1573 2598
53 251 58 255 ’
88 259 132 289 U.
149 258 186 289 C.
203 266 278 293 290.

84 302 125 333 A.
141 301 178 333 C.
195 307 270 335 462.

304 164 384 216 176
753 181 798 210 Τ.
823 183 957 212 nvn

302 268 378 308 tus,
399 264 510 302 simul
532 265 580 302 ad
605 267 755 316 signum
783 283 805 306 a
833 283 872 307 se
897 271 1030 322 procul
1056 271 1198 310 editum
1220 286 1266 312 ex
1286 278 1418 314 castris

303 330 502 379 eruptione
527 330 643 375 facta,
670 345 847 382 magnam
868 336 943 372 vim
965 336 1134 373 hostium
1160 338 1417 379 circumvenit.

299 391 432 429 Minor
462 394 596 438 caedes,
622 394 714 444 fuga
740 396 891 434 effusior
916 398 1132 447 AEquorum
1161 401 1200 436 in
1226 414 1319 450 agro
1341 403 1417 440 fuit

297 452 502 492 Romano:
535 457 573 492 in
595 470 688 506 quos
711 459 873 509 palatos,
894 462 1059 512 praedam
1087 469 1256 512 agentes,
1276 464 1415 501 Postu-

299 517 397 553 mius
435 517 582 567 aliquot
623 519 732 565 locis,
769 523 904 571 quibus
941 531 1158 575 opportuna
1196 527 1417 577 inposuerat

300 583 488 634 praesidia,
518 585 689 636 inpetum
719 587 845 624 dedit:
878 590 903 625 ii
926 591 1025 639 vagi,
1057 591 1240 640 dissipato
1266 592 1418 640 agmine

299 645 504 695 fugientes,
531 648 572 683 in
597 649 821 687 Quinctium
839 650 1035 696 victorem,
1056 665 1142 688 cum
1166 653 1295 689 saucio
1323 666 1416 690 con-

301 712 380 748 sule
417 720 682 759 revertentem,
711 716 889 753 incidere.
943 716 1043 753 Tum
1072 717 1279 754 consularis
1309 730 1416 755 exer·

300 775 396 811 citus
417 777 571 826 egregia
588 790 718 828 pugna
735 778 900 815 consulis
916 779 1065 824 vulnus,
1085 779 1201 829 legati
1221 787 1258 816 et
1278 781 1416 817 cohor·

298 840 394 877 tium
421 841 521 878 ultus
551 849 608 878 est
632 843 783 881 caedem.
838 844 992 895 Magnae
1022 845 1142 882 clades
1172 846 1273 883 ultro
1302 848 1417 884 citro—

299 921 372 958 que
389 908 462 944 illis
483 909 612 945 diebus
633 916 670 946 et
688 910 817 946 inlatae
837 917 874 946 et
893 917 1068 960 acceptae.
1123 911 1289 948 Difficile
1308 913 1354 949 ad
1372 913 1415 949 fi-

298 972 382 1008 dem
406 978 463 1008 est
488 973 527 1008 in
549 978 630 1008 tam
658 974 815 1022 antiqua
842 985 895 1016 re,
917 979 1011 1021 quot
1039 975 1291 1023 pugnaverint
1318 975 1417 1011 ceci-

298 1034 482 1078 derintve,
517 1041 652 1071 exacto
688 1035 884 1071 adfirmare
916 1047 1103 1072 numero:
1143 1036 1256 1072 audet
1288 1042 1418 1073 tamen

298 1100 434 1136 Antias
460 1099 633 1136 Valerius
665 1101 865 1151 concipere
897 1112 1073 1137 summas.
1129 1086 1328 1136 Romanos
1355 1112 1418 1136 ce-

300 1166 435 1203 cidisse
460 1167 499 1203 in
520 1166 692 1203 Hernico
711 1179 804 1216 agro
823 1167 988 1216 quinque
1006 1165 1125 1203 millia
1144 1178 1187 1202 ac
1205 1172 1416 1202 trecentos:

299 1243 346 1267 ex
374 1231 647 1281 praedatoribus
668 1231 898 1280 AEquorum,
925 1231 989 1279 qui
1018 1229 1277 1280 populabundi
1304 1230 1344 1265 in
1373 1228 1418 1266 fi-

299 1295 410 1332 nibus
447 1294 634 1332 Romanis
663 1295 914 1345 vagabantur,
948 1294 996 1331 ab
1021 1296 1069 1332 A.
1092 1295 1292 1332 Postumio
1325 1307 1417 1332 con-

301 1357 380 1394 sule
416 1358 493 1394 (luo
524 1358 644 1395 millia
675 1363 714 1393 et
747 1357 1042 1407 quadringentos
1076 1370 1220 1394 caesos:
1253 1364 1418 1394 ceteram

299 1421 594 1465 multitudinem,
629 1420 795 1473 praedam
832 1427 1022 1470 agentem,
1056 1433 1139 1470 quae
1170 1420 1346 1457 inciderit
1378 1420 1417 1457 in

299 1489 537 1531 Quinctium,
567 1499 805 1537 nequaquam
826 1487 913 1537 'pari
938 1485 1156 1523 defunctam
1181 1498 1261 1522 esse
1290 1485 1414 1523 caede:

297 1553 500 1590 interfecta
522 1552 609 1589 inde
638 1557 801 1601 quatuor
828 1551 959 1594 millia,
988 1557 1039 1594 et,
1061 1551 1298 1600 exsequendo
1328 1550 1417 1587 sub-

298 1616 417 1654 tiliter
435 1629 648 1660 numerum,
669 1616 866 1659 ducentos,
887 1616 956 1660 ait,
976 1621 1014 1652 et
1032 1616 1202 1664 triginta.
1259 1615 1315 1652 Ut
1333 1615 1416 1652 Ro-

300 1695 402 1720 mam
426 1683 588 1720 reditum
613 1687 652 1718 et
671 1680 867 1731 justitium
891 1682 1088 1718 remissum
1112 1689 1183 1726 est,
1205 1682 1343 1720 coelum
1362 1684 1418 1720 vi·-

300 1759 384 1782 sum
412 1751 470 1782 est
495 1745 624 1781 ardere
651 1743 816 1794 plurimo
846 1744 952 1792 igni;
984 1751 1236 1795 portentaque
1259 1745 1334 1783 alia
1352 1752 1418 1783 aut

300 1807 502 1845 obversata
534 1806 667 1850 oculiS,
705 1812 771 1843 aut
802 1818 918 1843 vanas
955 1809 1143 1844 exterritis
1181 1814 1418 1844 ostentavere

301 1876 456 1926 species.
514 1873 587 1910 His
617 1872 828 1909 avertendis
857 1871 1065 1908 terroribus
1094 1873 1135 1908 in
1162 1873 1326 1909 triduum
1360 1873 1416 1909 fe-

301 1938 366 1974 riae
390 1936 556 1977 indictae‚
588 1947 655 1986 per
684 1946 775 1983 quas
806 1935 934 1970 omnia
960 1933 1115 1970 delubra
1142 1947 1273 1984 pacem
1292 1935 1418 1971 Deum

303 1998 590 2049 exposcentium
609 1998 775 2033 virorum
793 1995 1066 2045 mulierumque
1085 1997 1196 2033 turba
1223 1997 1420 2047 inpleban-

303 2070 377 2100 tur.
435 2062 623 2098 Cohortes
650 2061 736 2097 inde
754 2060 903 2097 Latina:
923 2059 1176 2110 Hernicaeque
1195 2061 1241 2098 ab
1270 2067 1417 2103 senatu,

304 2125 436 2175 gratiis
463 2124 512 2161 ob
543 2124 730 2174 inpigram
756 2123 929 2160 militiam
955 2123 1062 2165 actis,
1084 2123 1246 2158 remiss-22
1273 2123 1417 2159 domos.

304 2193 496 2234 Antiates,
531 2190 633 2228 mille
662 2189 813 2232 milites,
845 2189 933 2238 quia
965 2201 1088 2224 serum
1122 2188 1303 2224 auxilium
1335 2195 1420 2237 post

306 2255 482 2307 proelium
501 2260 695 2296 venerant,
717 2266 834 2303 prope
854 2265 939 2288 cum
959 2251 1168 2301 ignominia
1187 2250 1342 2286 dimissi.

360 2315 427 2358 VI.
460 2321 625 2357 Comitia
651 2319 738 2355 iude
763 2319 918 2355 habita:
952 2317 1067 2354 creati
1090 2315 1262 2353 consules
1280 2315 1326 2353 L.
1347 2313 1418 2352 AE-
