1573 2598
376 124 532 153 mann
558 123 591 151 1.
624 123 731 151 CAP.
755 121 900 150 xxx1.
1139 117 1192 161 47

80 223 193 258 esset,
213 214 434 251 nunciatum
456 213 536 261 regi
554 209 806 259 Patribusque
826 215 896 251 est,
917 209 956 244 in
979 215 1109 244 monte
1130 207 1196 244 Al-

80 279 182 317 bano
211 278 398 330 lapidibus
426 276 578 328 pluisse.
633 274 749 314 Quod
771 287 887 324 quum
906 273 1005 310 credi
1024 273 1088 309 vix
1109 285 1197 323 pos-

82 351 153 387 set,
174 344 297 380 missis
316 343 363 380 ad
391 342 430 378 id
447 340 641 390 visendum
665 339 895 389 prodigium,
916 339 955 374 in
978 335 1198 387 conspectu,

83 408 184 445 haud
212 408 321 444 aliter
349 419 460 456 quam
488 417 604 454 quum
633 403 857 452 grandinem
878 402 982 439 venti
1012 401 1200 450 glomera-

84 480 164 509 tam
193 473 232 509 in
259 479 377 508 terras
408 477 540 519 agunt,
571 468 693 505 crebri
722 468 890 504 cecidere
919 466 1016 504 coelo
1046 465 1201 516 lapides.

85 537 168 574 Visi
191 537 305 573 etiam
327 535 456 572 audire
473 546 606 571 vocem
633 533 829 582 ingentem
854 545 901 568 ex
929 531 1066 568 summi
1092 543 1206 567 cacu-

86 603 198 640 minis
234 601 335 646 luco,
369 607 413 638 ut
444 600 570 651 patrio
602 600 678 635 ritu
712 611 818 635 sacra
846 597 988 634 Albani
1019 596 1208 640 facerent,

87 680 184 717 quae,
214 665 318 703 velut
345 665 431 703 Diis
461 677 612 715 quoque
639 662 751 700 simul
780 676 865 699 cum
898 663 1022 714 patria
1049 661 1204 705 relictis,

88 730 275 769 oblivioni
302 730 509 775 dederant3
542 735 581 765 et
606 734 672 764 aut
696 727 876 764 Romana
902 739 1008 763 sacra
1032 738 1206 776 suscepe-

89 801 189 839 rant,
220 801 299 838 aut,
329 794 509 837 fortunae,
532 799 575 828 ut
603 792 659 836 fit,
691 791 844 834 obirati,
875 790 1019 826 cultum
1047 789 1208 839 relique-

90 865 177 896 rant
204 858 344 895 Deum.
398 856 586 894 Romanis
616 868 766 905 quoque
795 854 842 891 ab
873 855 1006 891 eodem
1034 854 1210 904 prodigio

90 921 328 959 novemdiale
347 934 496 958 sacrum
513 919 665 972 publice
684 924 902 970 susceptum
921 924 1000 954 est:
1033 930 1100 955 seu
1118 931 1212 955 voce

92 986 239 1023 coelesti
271 999 318 1024 ex
348 986 502 1023 Albano
531 991 663 1021 monte
690 978 820 1028 missa,
854 985 960 1032 (nam
991 983 1031 1019 id
1062 995 1213 1033 quoque

93 1050 272 1097 traditur)
295 1062 362 1086 seu
384 1049 600 1099 aruspicum
620 1049 782 1084 monitu.
837 1047 986 1084 Mansit
1011 1054 1112 1084 certe
1138 1047 1214 1084 sol-

95 1115 233 1158 lemne,
254 1122 310 1158 ut,
335 1114 562 1164 quandoque
589 1113 690 1150 idem
714 1112 931 1164 prodigium
955 1113 1214 1155 nunciaretur,

95 1178 199 1216 feriae
228 1192 295 1229 per
319 1191 458 1215 novem
487 1179 564 1214 dies
596 1184 809 1227 agerentur.
865 1177 983 1214 Haud
1012 1178 1066 1213 ita
1094 1176 1216 1214 multo

96 1251 186 1295 post
203 1243 422 1294 pestilentia
444 1242 661 1279 laboratum
681 1249 762 1278 est:
795 1242 895 1278 unde
920 1255 1035 1291 quum
1062 1242 1218 1292 pigritia

98 1306 286 1344 militandi
305 1308 481 1350 oriretur,
501 1305 608 1343 nulla
624 1312 754 1342 tamen
775 1305 821 1342 ab
842 1307 954 1342 armis
975 1306 1079 1355 quies
1100 1306 1216 1342 daba-

100 1378 162 1407 tur
181 1371 228 1408 ab
246 1370 429 1408 bellicoso
449 1383 551 1420 rege,
572 1369 784 1406 salubriora
805 1371 919 1406 etiam
942 1370 1119 1406 credente
1146 1370 1218 1406 mi-

99 1435 206 1479 litiae,
240 1449 352 1485 quam
390 1435 507 1478 domi,
538 1433 724 1485 juvenum
757 1447 919 1484 corpora
950 1446 1053 1470 esse:
1099 1434 1220 1470 donec

101 1500 182 1550 ipse
201 1512 351 1550 quoque
372 1499 584 1549 longinquo
603 1498 740 1535 morbo
760 1504 817 1534 est
842 1497 1048 1549 inplicitus.
1110 1498 1145 1534 T
1148 1511 1220 1534 unc
1232 1506 1322 1537 Tulli
1339 1514 1426 1536 mor-

104 1563 198 1600 adeo
217 1564 327 1601 fracti
348 1563 461 1600 simul
479 1576 565 1600 cum
585 1575 744 1613 corpore
763 1568 852 1598 sunt
874 1563 1026 1613 spiritus
1047 1561 1101 1599 illi
1121 1562 1222 1598 fero-
1233 1551 1439 1582 bu⁵etm0ffi

102 1640 179 1671 ces,
209 1635 265 1671 ut,
295 1628 360 1677 qui
390 1627 488 1664 nihil
517 1634 606 1663 ante
640 1632 743 1663 ratus
780 1632 878 1662 esset
907 1627 1031 1662 miuus
1061 1626 1222 1674 regium,

104 1704 218 1740 quam
248 1693 362 1729 sacris
388 1692 524 1728 dedere
548 1692 730 1734 animum,
759 1696 916 1740 repente
941 1689 1118 1726 omnibus
1144 1703 1226 1726 ma·

106 1755 190 1803 gnis
227 1756 427 1805 parvisque
463 1753 796 1805 superstitionibus
830 1753 1020 1789 obnoxius
1058 1753 1227 1802 degeret,

107 1818 432 1869 religionibusque
452 1820 566 1855 etiam
584 1818 768 1870 populum
787 1818 961 1869 inpleret,
1004 1817 1132 1868 Vulgo
1145 1817 1230 1870 jam

107 1883 297 1928 homines,
329 1897 415 1920 eum
449 1890 591 1919 statum
620 1896 760 1926 rerum,
791 1883 856 1932 qui
885 1882 954 1918 sub
980 1882 1112 1919 Numa
1140 1895 1230 1931 rege

107 1948 246 1991 fuerat,
283 1949 532 1997 requirentes,
571 1960 685 1983 unam
718 1959 830 1997 opem
868 1947 976 1995 aegris
1007 1946 1229 1997 corporibus

109 2012 293 2056 relictam,
321 2014 352 2049 si
381 2026 457 2063 pax
487 2013 672 2061 veniaque
696 2011 745 2047 ab
777 2010 862 2047 Diis
896 2012 1086 2060 inpetrata
1117 2016 1230 2053 esset,

111 2077 326 2115 credebant.
383 2077 514 2128 Ipsum
538 2070 681 2125 regem,
701 2076 870 2118 tradunt,
891 2075 1107 2112 volventem
1126 2088 1231 2111 com-

113 2143 319 2179 mentarios
347 2142 501 2184 Numae,
536 2154 652 2191 quum
684 2140 738 2176 ibi
772 2140 943 2189 quaedam
976 2139 1127 2176 occulta
1155 2138 1232 2175 sol-

112 2207 255 2244 lemnia
282 2207 465 2244 sacrificia
488 2206 578 2243 Jovi
605 2205 731 2242 Elicio
759 2205 862 2241 facta
891 2205 1110 2247 invenisset,
1141 2217 1233 2255 ope-

113 2279 238 2310 ratum
265 2272 323 2309 his
353 2272 467 2309 sacris
491 2284 530 2309 se
556 2271 767 2308 abdidisse:
798 2270 864 2308 sed
890 2282 968 2307 non
996 2269 1069 2305 rite
1097 2269 1239 2306 initum
