1573 2598
194 234 238 267 U.

195 279 239 308 A.

186 1196 371 1229 Vincuntur

183 1240 359 1273 Samnites.

206 1292 230 1313 J·

250 235 288 267 C.
301 243 375 270 432.

247 279 286 311 C.
301 285 376 313 320.

386 139 470 194 588
635 143 637 145 ’
842 150 889 183 Τ.
912 150 1045 184 mvn

387 248 459 285 tes,
480 254 608 292 quum,
627 247 752 279 turma
771 254 846 280 una
858 242 1010 293 longius
1029 250 1222 295 provecta,
1242 245 1488 296 accepissent,

387 306 646 356 inpedimenta
680 305 944 343 Romanorum
976 309 1108 357 procul
1141 309 1188 346 ab
1221 311 1373 346 armatis
1409 310 1491 345 sine

386 368 576 418 praesidio,
598 369 677 405 sine
696 371 932 406 munimento
952 377 1065 414 stare,
1086 373 1264 409 aviditate
1279 371 1411 423 praedae
1431 372 1491 407 in·

386 439 516 482 petum
534 433 691 470 faciunt.
747 433 860 473 Quod
877 434 940 470 ubi
960 435 1134 471 dictatori
1151 437 1315 486 trepidus
1330 436 1489 472 nuncius

386 495 541 540 adtulit3
575 495 661 532 Sine
685 497 805 539 modo,
834 496 969 545 inquit,
999 509 1070 533 sese
1093 500 1216 546 praeda
1238 500 1492 547 praepediant:

386 557 450 593 alii
471 558 606 594 deinde
626 570 737 608 super
763 558 871 601 alios,
893 559 1004 609 diripi
1033 560 1171 610 passim
1191 560 1353 610 ferrique
1370 560 1493 596 fortu-

384 633 452 657 nas
481 621 657 665 militum,
678 621 994 658 vociferabantur.
1049 623 1149 660 Tum
1174 625 1358 672 magistro
1386 623 1492 672 equi-

384 689 465 721 tum
496 685 637 728 adcito,
671 686 775 722 Vides
805 692 857 729 tn,
891 687 1026 735 inquit,
1058 688 1112 723 M.
1135 688 1232 730 Fabi,
1269 689 1313 724 ab
1341 688 1493 724 hostium

383 750 501 797 equite
519 750 684 786 omissam
699 761 860 798 pugnam
874 751 895 785 .9
922 750 1055 786 haerent
1072 752 1223 798 'dipediti
1246 752 1494 798 inpedimentis

380 814 521 847 nostris.
576 812 796 859 Adgredere,
814 814 909 860 quod
924 815 1018 848 inter
1033 815 1269 860 praedandum
1285 816 1380 849 omni
1396 815 1491 849 mul-

383 875 531 910 titudini
550 876 678 916 evenit,
700 876 908 923 dissipatos:
929 887 1028 911 raros
1047 878 1144 924 equis
1158 877 1359 919 insidentes,
1374 889 1490 919 raros,

381 937 506 985 quibus
522 936 669 985 ferrum
701 939 738 973 in
770 950 879 974 manu
909 939 969 981 sit,
1002 939 1180 975 invenies:
1207 950 1380 987 equosque
1408 941 1493 976 dum

379 1001 503 1047 praecla
528 1005 690 1043 onerant,
718 1002 811 1037 eaede
833 1002 994 1044 inermes,
1025 1007 1275 1051 cruentamque
1300 1004 1374 1038 illis
1398 1015 1490 1050 μναῖ·-

381 1064 467 1100 dam
496 1064 616 1101 redde.
672 1064 770 1101 Mihi
806 1066 958 1112 legiones
983 1067 1213 1115 peditumque
1243 1078 1369 1115 pugna
1399 1077 1493 1103 σανα

380 1131 486 1163 erunt
498 1143 510 1164 .-
536 1139 643 1175 penes
659 1131 693 1163 te
710 1132 868 1175 equestre
885 1130 933 1164 sit
950 1130 1066 1166 decus.

435 1190 636 1229 XXXIX.
678 1191 865 1242 Equitum
898 1192 1011 1235 acies,
1045 1192 1164 1242 qualis
1197 1205 1280 1242 quae
1316 1204 1396 1229 esse
1431 1193 1489 1229 in-

382 1256 633 1293 structissima
652 1262 794 1307 potest,
815 1256 965 1292 invecta
989 1257 1030 1293 in
1058 1256 1258 1307 dissipatos
1279 1256 1488 1306 inpeditos-

381 1331 454 1368 que
471 1319 615 1363 hostes,
637 1319 736 1357 caede
750 1319 883 1356 ‘omnia
901 1319 1043 1370 replet:
1073 1320 1172 1355 inter
1190 1320 1355 1356 sarcinas
1371 1319 1487 1355 ornis-

380 1394 438 1418 sas
458 1388 627 1433 repente,
649 1381 867 1432 objacentes
892 1382 1051 1433 pedibus
1070 1382 1299 1431 fugientium
1317 1387 1488 1418 conster-

379 1451 631 1495 natorumque
668 1458 864 1495 equorum,
897 1458 1018 1494 neque
1049 1458 1201 1496 pugnae,
1234 1457 1356 1494 neque
1386 1444 1486 1493 fugae

379 1508 471 1544 satis
490 1514 680 1556 potentes,
701 1508 906 1544 caeduntur.
961 1508 1075 1550 Tum,
1096 1507 1358 1558 deletoprope
1377 1507 1483 1556 equi-

380 1576 465 1606 tatu
494 1569 677 1613 hostium,
706 1569 763 1606 M.
793 1569 948 1613 Fabius,
983 1571 1246 1607 circumductis
1275 1570 1484 1621 paullulum

379 1633 463 1677 alis,
497 1632 545 1670 ab
577 1639 687 1682 tergo
723 1633 934 1683 pedestrem
967 1635 1085 1670 aciem
1117 1634 1308 1670 adoritur:
1344 1633 1487 1670 clamor

379 1697 466 1734 inde
484 1709 604 1733 novus
626 1697 800 1733 accidens
829 1703 866 1733 et
899 1697 1126 1734 Samnitium
1152 1698 1288 1734 terruit
1309 1698 1454 1734 animos
1467 1713 1479 1743 ς

379 1767 419 1797 et
437 1761 614 1805 dictator,
636 1761 700 1797 ubi
726 1767 980 1811 respectantes
1006 1762 1174 1798 host-ium
1199 1762 1483 1810 antesignanos,
1513 1773 1530 1790 ³

379 1823 607 1874 turbataque
636 1825 758 1873 signa,
789 1830 828 1861 et
858 1825 1104 1861 fluctuantem
1130 1825 1250 1861 aciem
1274 1825 1381 1868 vidit,
1400 1830 1482 1861 tum

379 1887 582 1938 adpellare,
602 1894 684 1925 tum
704 1889 896 1925 adhortari
915 1888 1066 1932 milites,
1083 1888 1256 1925 tribunos
1276 1889 1483 1939 principes-

378 1951 452 1998 qu'e
468 1951 643 1987 ordinum
658 1952 883 1988 nominatim
899 1952 946 1988 ad
961 1952 1168 1988 iterandam
1181 1964 1304 1988 secum
1319 1964 1483 2002 pugnam

377 2025 526 2049 vocare,
568 2013 724 2051 Novato
741 2015 916 2059 clamore,
931 2017 1039 2065 sigua
1052 2016 1262 2052 inferuntur
1277 2031 1283 2050 :
1307 2023 1358 2059 et,
1376 2017 1485 2065 quid-

350 2120 353 2121 7
380 2075 467 2125 quid
488 2078 839 2126 progrediebantur,
857 2081 975 2129 magis
996 2081 1188 2128 magisque
1208 2079 1378 2116 turbatos
1395 2080 1483 2116 hos-

380 2145 437 2175 tes
458 2140 673 2178 cernebant.
729 2142 855 2191 Eques
880 2144 959 2194 ipse
979 2143 1059 2193 jam
1085 2143 1213 2192 primis
1234 2150 1313 2178 erat
1333 2143 1370 2178 in
1391 2155 1481 2179 con-

381 2208 536 2251 spectu:
569 2210 607 2240 et
626 2205 838 2248 Cornelius,
859 2207 1060 2256 respiciens
1084 2206 1129 2241 ad
1154 2205 1364 2256 manipulos
1383 2206 1480 2242 mili-

380 2271 479 2310 tum,
502 2268 603 2316 quod
631 2281 759 2312 manu,
790 2270 890 2319 quod
919 2282 1012 2307 voce
1041 2275 1203 2321 poterat,
1232 2268 1478 2313 monstrabat,
