1573 2598
413 157 566 187 LIBER
593 158 687 189 VII.
721 157 827 188 CAP.
852 160 960 189 XVI.
1159 161 1241 205 491

121 245 337 295 quinienses
361 248 570 298 pugnavit:
604 261 673 286 nec
701 249 738 285 in
767 249 847 286 acie
874 256 1023 287 tantum
1046 249 1099 286 ibi
1124 249 1238 287 cladis
1257 257 1299 287 U.
1312 256 1437 294 C-2397-

120 318 332 360 acceptum,
353 325 465 361 quam
485 313 587 362 quod
614 319 805 349 trecentos
826 320 970 363 septem
998 313 1135 351 milites
1154 313 1238 350 Ro-
1251 301 1290 331 A'
1307 301 1342 330 C·
1360 307 1433 332 3⁵⁵¹

120 385 252 411 manos
274 383 405 426 captos
425 377 720 427 Tarquinienses
741 378 997 414 inmolarunt:
1029 391 1103 428 qua
1123 378 1235 415 foedi-
1249 358 1459 441 ggffiireagg·

119 443 199 474 tate
230 440 404 490 supplicii
434 441 630 490 aliquanto
660 442 873 490 ignominia
905 442 1035 493 populi
1068 441 1236 479 Romani
1250 455 1295 475 res
1314 445 1398 475 male

119 501 340 550 insignitior
359 504 444 542 fuit.
491 506 665 541 Accessit
685 505 731 542 ad
752 518 834 542 eam
854 505 997 542 cladem
1016 513 1054 542 et
1073 507 1237 542 vastatio
1249 495 1347 528 gesm'

118 564 286 603 Romani
314 570 409 617 agri,
441 582 554 618 quam
586 570 841 614 Privernates,
871 570 1057 608 Veliterni
1086 569 1237 614 deinde,

116 631 334 668 incursione
371 635 568 683 repentina
598 635 783 672 feceruut.
840 635 987 672 Eodem
1026 648 1128 672 anno
1155 635 1238 672 duae

116 695 252 738 tribus,
275 697 480 747 Pomptina
500 706 538 734 et
568 699 747 743 Publilia,
771 700 921 736 additae.
977 700 1077 736 Ludi
1102 699 1236 743 votivi,

115 771 210 808 quos
230 760 286 796 M.
307 760 442 797 Furius
462 762 626 799 dictator
643 770 811 806 voverat,
828 763 919 799 facti
936 778 943 800 :
968 771 1005 799 et
1025 764 1070 799 de
1090 763 1236 799 ambitu
1250 771 1314 802 Lex
1331 771 1369 801 de
1386 781 1457 803 arn-

116 822 164 860 ab
186 824 229 861 C.
257 825 420 862 Poetelio
443 827 599 863 tribuno
629 827 765 878 plebis,
795 827 1014 864 auctoribus
1041 827 1233 870 Patribus,
1250 816 1405 890 1)ῑῖξὲὶὶΠέ

117 893 197 924 tum
214 891 376 939 primum
393 891 439 927 ad
456 891 638 941 populum
655 892 774 928 latum
791 899 849 928 est
864 907 871 928 :
895 904 1014 942 eaque
1033 892 1236 941 rogatione
1249 869 1324 933 fata.

118 964 304 990 novorum
324 957 487 992 maxime
506 957 704 992 hominum
727 956 992 999 ambitionem,
1014 957 1078 1005 qui
1098 956 1238 993 nundi-

119 1030 188 1054 nas
215 1026 252 1054 et
282 1019 534 1057 conciliabula
565 1021 674 1058 obire
699 1020 802 1057 soliti
830 1028 951 1065 erant,
983 1033 1239 1072 compressam
1286 1032 1289 1034 ·

116 1083 334 1121 credebant.

171 1146 282 1185 XVI.
313 1148 428 1186 Haud
451 1163 557 1198 aeque
576 1150 664 1187 laeta
686 1150 865 1187 Patribus
885 1150 1101 1200 insequenti
1121 1163 1236 1194 auno,
1251 1140 1342 1182 U-C-
1360 1155 1435 1182 398-

118 1211 162 1248 C.
189 1211 353 1256 Marcio,
375 1214 446 1250 Cn.
476 1214 628 1250 Manlio
649 1214 882 1258 consulibus,
904 1214 950 1250 de
976 1215 1146 1250 unciario
1165 1214 1238 1251 foe-
1251 1196 1291 1226 A·
1305 1195 1341 1225 C'
1358 1200 1434 1225 354.

117 1287 210 1312 nore
230 1289 253 1312 a
270 1276 327 1314 M.
348 1277 495 1321 Duilio,
517 1278 564 1314 L.
591 1278 737 1314 Maenio
757 1279 919 1314 tribunis
939 1277 1060 1328 plebis
1086 1278 1239 1326 rogatio

116 1346 177 1376 est
199 1341 366 1391 perlata:
399 1349 437 1378 et
462 1342 570 1392 plebs
597 1342 796 1392 aliquanto
824 1354 907 1378 eam
930 1341 1101 1391 cupidius
1129 1342 1240 1378 scivit

115 1406 350 1455 accepitque.
406 1407 467 1443 Ad
492 1406 592 1443 bella
619 1419 732 1449 nova,
753 1407 878 1456 priore
905 1418 1007 1441 anno
1034 1405 1236 1449 destinata,

114 1467 252 1505 Falisci
272 1483 422 1518 quoque
441 1471 570 1506 hostes
595 1471 736 1513 exorti,
757 1469 897 1519 duplici
919 1470 1099 1505 crimine:
1124 1468 1237 1518 quod

115 1538 154 1569 et
175 1545 260 1570 cum
275 1533 615 1582 Tarquiniensibus
629 1532 812 1583 juventus
830 1545 961 1568 eorum
978 1532 1206 1569 militaverat
1219 1545 1236 1579 ς

115 1603 154 1633 et
173 1610 253 1641 eos,
274 1598 337 1647 qui
356 1597 525 1634 Falerios
545 1598 805 1648 perfugerant,
827 1609 942 1646 quum
962 1597 1060 1633 male
1085 1609 1233 1646 pugna·

114 1666 196 1696 tum
225 1668 296 1706 est,
324 1661 582 1712 repetentibus
606 1660 804 1697 fecialibus
831 1661 1018 1697 Romanis
1046 1672 1126 1696 non
1148 1659 1233 1696 red·

114 1723 296 1762 diderant.
351 1724 411 1760 Ea
437 1725 633 1775 provincia
653 1724 723 1760 Cn.
744 1724 893 1760 Manlio
914 1723 1092 1760 obvenit:
1123 1722 1232 1759 λίπ-

112 1788 192 1824 cius
210 1788 415 1825 exercitum
432 1789 470 1824 in
484 1800 615 1837 agrum
634 1787 909 1831 Privernatem,
930 1788 1121 1835 integrum
1136 1799 1229 1837 pace
1242 1802 1372 1835 Beuum

112 1851 336 1901 longinqua,
357 1852 528 1888 induxit:
561 1851 794 1900 militemque
812 1851 940 1901 praeda
958 1850 1128 1901 inplevit.
1168 1850 1230 1887 Ad
1242 1855 1321 1896 cum
1337 1847 1436 1896 Fal-³⁵·

114 1917 265 1966 copiam
283 1929 408 1952 rerum
433 1916 575 1952 addidit
600 1916 914 1959 munificentiam,
935 1915 1048 1964 quod,
1069 1914 1165 1951 nihil
1190 1915 1229 1951 in
1241 1890 1439 1968 εἷῐὲἑὲζζς.

112 1980 307 2032 publicum
337 1979 582 2023 secernendo,
610 1980 765 2032 augenti
794 1991 873 2015 rem
902 1980 1089 2030 privatam
1117 1977 1230 2015 militi

110 2044 217 2083 favit.
260 2043 498 2080 Privernates
515 2055 630 2092 quum
650 2049 738 2080 ante
757 2043 900 2079 moenia
916 2055 984 2081 sua
993 2042 1127 2078 castris
1143 2053 1229 2092 per·
1242 2049 1436 2084 Privernates

113 2108 269 2145 munitis
296 2107 578 2153 consedissent5
611 2107 754 2144 vocatis
782 2107 828 2143 ad
847 2106 1072 2143 concionem
1096 2105 1228 2141 militi·
1239 2095 1329 2128 *³⁶¹5-

113 2171 203 2216 bus,·
236 2172 365 2209 Castra
396 2184 504 2216 nunc,
537 2172 674 2221 inquit,
712 2171 808 2208 vobis
840 2172 1006 2213 hostium,
1042 2169 1233 2219 urbemque

111 2237 245 2285 praedae
262 2238 320 2281 do,
339 2238 370 2274 si
387 2237 476 2274 mihi
490 2237 723 2285 pollicemini,
744 2249 804 2273 vos
817 2236 972 2285 fortiter
991 2236 1028 2271 in
1053 2236 1131 2271 acie
1148 2246 1233 2283 ope·

115 2312 194 2338 ram
213 2305 421 2346 navaturos,
440 2312 504 2338 nec
523 2301 663 2351 -praedae
679 2303 809 2350 veagis,
830 2312 936 2351 quam
956 2310 1102 2349 pugnae,
1116 2309 1235 2349 para-

640 2363 723 2405 Y6
