1573 2598
335 196 392 237 42
787 197 837 228 ¹T.
861 200 993 230 mvn

337 288 466 324 hostes
494 287 612 324 ducit.
668 286 747 324 Ubi
766 287 953 324 Anienem
971 287 1136 332 transiit,
1156 288 1203 325 ad
1220 290 1451 327 confluentes

339 353 515 389 conlocat
532 360 665 390 castra.
709 352 815 389 Inter
834 366 920 389 eum
938 353 1063 390 locum
1084 359 1122 389 et
1136 352 1297 391 Fidenas
1311 355 1451 392 Veien-

338 417 435 453 tium
464 417 649 453 exercitus
677 416 848 453 Tiberim
880 419 1093 455 transierat.
1149 417 1204 454 Hi
1234 424 1272 454 et
1300 419 1338 454 in
1372 420 1453 457 acie

339 492 457 531 prope
490 480 630 516 fiumen
659 487 814 516 tenuere
851 480 1025 517 dextrum
1058 494 1198 518 cornu:
1230 482 1270 517 in
1299 482 1453 518 sinistro

126 553 299 594 Mettiper-
338 543 540 600 Fidenates
576 545 731 595 propius
764 550 913 580 montes
943 545 1168 582 consistunt.
1224 545 1357 581 Tullus
1387 546 1452 582 ad·

124 597 209 628 fidi&
338 621 466 645 versus
486 608 687 645 Veientem
704 609 856 644 hostem
879 609 1008 657 dirigit
1026 621 1112 645 suos
1132 623 1140 645 z
1171 609 1342 646 Albanos
1363 622 1455 646 con-

338 678 399 708 tra
434 672 626 721 legionem
659 672 901 708 Fidenatium
939 671 1127 709 conlocat.
1192 672 1345 709 Albano
1376 685 1457 710 non

338 735 422 786 plus
450 736 566 772 animi
592 742 686 780 erat,
709 748 822 786 quam
847 735 959 772 fidei:
990 747 1061 772 nec
1082 748 1236 772 manere
1261 748 1367 785 ergo,
1385 748 1457 774 nec

337 800 500 836 transire
533 807 662 850 aperte
690 812 817 843 ausus,
847 800 987 835 sensim
1020 799 1068 835 ad
1099 806 1248 836 montes
1278 799 1457 838 succedit.

338 863 447 907 Inde,
471 864 536 900 ubi
565 865 656 901 satis
686 864 832 901 subisse
860 876 941 900 sese
969 870 1073 900 ratus
1103 869 1174 907 est,
1195 864 1307 912 erigit
1335 869 1458 900 totam

339 929 486 965 aciem:
518 928 780 978 fluctuansque
809 929 952 973 animo,
975 935 1018 964 ut
1045 935 1184 964 tereret
1212 937 1376 978 tempus,
1396 941 1458 964 or-

338 991 445 1029 dines
481 993 659 1043 explicat.
717 992 930 1029 Consilium
960 998 1055 1036 erat,
1086 1006 1159 1042 qua
1188 992 1344 1029 fortuna
1379 1006 1458 1030 rem

338 1057 459 1101 daret,
481 1070 524 1093 ea
547 1057 730 1093 inclinare
748 1058 858 1094 vires.
913 1056 1105 1093 Miraculo
1128 1058 1251 1106 primo
1277 1069 1358 1093 esse
1375 1056 1460 1094 Ro-

338 1121 475 1164 manis,
505 1122 570 1169 qui
598 1122 763 1170 proximi
793 1126 991 1164 steterant,
1012 1127 1056 1157 ut
1083 1121 1218 1157 nudari
1245 1120 1364 1158 latera
1393 1133 1460 1158 sua

339 1185 530 1221 sociorum
573 1185 745 1233 digressu
781 1191 1009 1221 senserunt:
1067 1185 1156 1220 inde
1191 1197 1304 1233 eques
1341 1185 1459 1221 citato

339 1260 437 1297 equo
456 1249 614 1284 nunciat
633 1249 727 1298 regi,
749 1248 854 1285 abire
872 1248 1058 1286 Albanos.
1113 1248 1245 1284 Tullus
1266 1250 1305 1285 in
1323 1260 1364 1285 re
1381 1254 1460 1284 tre-

339 1312 429 1362 pida
456 1312 656 1349 duodecim
674 1314 779 1349 vovit
808 1312 945 1357 Salios,
968 1313 1132 1362 fanaque
1154 1312 1296 1349 Pallori
1323 1325 1366 1348 ac
1385 1312 1460 1348 Pa-

340 1377 436 1414 vori.
492 1378 673 1426 Equitem,
694 1377 796 1414 clara
822 1378 1022 1428 increpans
1038 1390 1145 1421 voce,
1170 1387 1212 1412 ut
1240 1377 1369 1412 hostes
1394 1389 1460 1413 ex-

342 1441 529 1484 audirent,
555 1443 672 1478 redire
692 1444 726 1478 in
755 1443 918 1491 proelium
936 1441 1076 1492 jubet:
1107 1442 1199 1478 nihil
1227 1442 1463 1490 trqvidatione

340 1518 427 1554 opus
459 1519 528 1542 esse
543 1523 555 1544 .·
591 1519 653 1543 suo
672 1506 774 1554 jussu
803 1509 1018 1544 circumduci
1046 1507 1228 1543 Albanum
1255 1507 1458 1549 exercitum,

339 1575 381 1607 ut
398 1571 630 1608 Fidenatium
656 1573 754 1608 nuda
781 1577 881 1620 terga
908 1573 1092 1608 invadant.
1148 1570 1255 1607 Idem
1283 1570 1459 1619 imperat,

340 1639 384 1670 ut
397 1634 526 1670 hastas
547 1635 691 1683 equites
713 1636 856 1683 erigere
865 1634 1013 1685 jubeat.
1070 1633 1114 1670 Id
1143 1633 1285 1670 factum
1312 1645 1460 1681 magnae

339 1699 439 1748 parti
459 1698 630 1748 peditum
648 1698 915 1735 Romanorum
935 1704 1181 1748 conspectum
1201 1697 1374 1733 abeuntis
1391 1695 1460 1732 Al-

340 1761 432 1799 bani
461 1763 647 1799 exercitus
678 1763 908 1813 intersepsit.
963 1763 1041 1802 Qui
1062 1763 1248 1805 viderant,
1279 1761 1329 1804 id,
1360 1761 1461 1810 quod

341 1827 390 1864 ab
431 1840 520 1876 rege
558 1827 729 1863 auditum
766 1833 860 1870 erat,
899 1828 987 1870 rati,
1025 1840 1072 1863 eo
1108 1827 1230 1863 acrius
1275 1832 1460 1875 pugnant.

341 1891 482 1928 Terror
511 1891 557 1927 ad
586 1891 714 1927 hostes
744 1891 907 1927 transit:
939 1897 977 1927 et
1003 1891 1224 1927 audiverant
1250 1888 1351 1925 clara
1368 1901 1461 1925 voce

343 1955 500 1998 dictum,
531 1961 569 1990 et
597 1967 736 2003 magua
769 1968 854 2005 pars
884 1955 1138 1997 Fidenatium,
1170 1960 1211 1990 ut
1239 1953 1303 2002 qui
1333 1952 1461 1989 coloni

343 2018 460 2054 additi
497 2017 683 2053 Romanis
721 2024 860 2061 essent,
893 2018 1033 2054 Latine
1071 2017 1253 2053 sciebant.
1310 2015 1458 2065 Itaque,

343 2095 390 2118 ne
415 2081 543 2118 subito
572 2095 618 2118 ex
647 2081 806 2118 collibus
836 2082 995 2119 decursu
1014 2081 1250 2117 Albanorum
1279 2080 1458 2116 interclu-

343 2147 520 2183 derentur
549 2146 596 2183 ab
626 2146 781 2196 oppidO,
812 2152 919 2195 terga
944 2152 1107 2182 vertunt.
1164 2144 1288 2180 Instat
1310 2144 1458 2189 Tullus,

342 2210 503 2259 fusoque
522 2210 761 2247 Fidenatium
786 2223 918 2253 cornu,
949 2211 986 2246 iu
1007 2210 1219 2252 Veientem,
1239 2208 1363 2245 alieno
1392 2221 1460 2259 pa-

343 2287 433 2310 vore
456 2274 682 2324 perculsum,
706 2274 869 2310 ferocior
895 2274 1002 2310 redit.
1057 2273 1141 2309 Nec
1171 2272 1225 2308 illi
1252 2271 1373 2308 tulere
1401 2272 1459 2308 in-

343 2345 498 2389 petum:
533 2339 596 2375 sed
626 2339 673 2375 ab
704 2339 820 2376 effusa
848 2338 940 2387 fuga
965 2337 1100 2374 flumen
1128 2336 1320 2387 objectum
1344 2349 1364 2373 a
1385 2343 1461 2373 ter-
