1573 2598
343 117 499 148 LIBER
520 113 641 146 v111.
674 110 781 144 OAP·
804 113 979 144 xxxn.
1122 110 1203 157 577

96 221 223 258 pugna
246 209 435 252 evenisset,·
463 207 525 256 qui
551 205 630 249 sibi,
657 205 804 241 devictis
832 203 999 246 hostibus,
1029 203 1211 251 republica
1222 209 1265 240 U.
1279 208 1315 241 C.
1328 214 1405 241 430.

101 275 185 311 bene
199 280 313 323 gesta,
334 276 389 310 ita
418 278 460 310 ut
489 285 560 308 non
585 271 628 308 ab
651 272 717 307 illo
745 272 850 307 unico
875 271 963 306 duce
988 270 1115 305 melius
1135 254 1314 317 geriA'C'
1331 258 1413 284 ²²²⁸*

100 340 272 387 potuerit,
292 338 505 386 supplicium
532 337 703 383 magistro
736 336 894 383 equitum
919 335 1108 370 minetur?
1139 333 1216 369 Ne·-

103 413 171 450 que
193 402 298 438 illum
316 402 488 448 magistro
511 401 667 448 equitum
686 398 918 447 infestiorem,
939 410 1047 446 quam
1066 397 1218 433 tribunis

102 467 275 508 militum,
299 477 407 513 quani
436 463 706 505 centurionibus,
731 475 839 511 quam
867 462 1040 506 militibus
1065 473 1159 497 esse:
1185 461 1217 498 st

98 530 226 577 possit,
245 530 284 564 in
307 539 424 564 omnes
447 528 651 563 saeviturum
660 525 804 574 fuisse:
833 527 917 573 quia.
936 525 974 561 id
992 528 1157 573 nequeat,
1177 527 1217 560 in

103 604 213 628 unum
230 594 362 629 saevire.
419 592 545 628 Etiam
563 591 749 632 invidiam,
770 593 953 637 tamquam
973 590 1104 636 ignem,
1119 600 1219 624 sum-

103 667 166 691 ma
179 660 302 704 petere
312 672 326 700 ,-
354 656 392 691 in
411 659 521 703 caput
539 654 691 696 consilii,
710 654 747 688 in
766 654 887 688 ducem
906 655 1108 689 incurrere:
1134 653 1165 689 si
1183 664 1220 689 se

104 719 212 754 simul
229 730 308 754 cum
334 718 455 764 gloria
481 718 534 751 rei
556 721 664 763 gestae
683 717 913 758 exstinxisset,
935 720 1018 763 tunc
1034 717 1218 758 victorem,

103 781 201 817 velut
224 781 262 816 in
287 783 394 827 capto
422 779 578 815 exercitu
603 778 858 820 dominantem,
889 778 1061 826 quidquid
1080 778 1222 813 licuerit

104 845 143 879 in
166 844 338 890 magistro
367 843 540 890 equitum,
563 842 602 876 in
626 841 797 877 militibus
821 853 1002 879 ausurum.
1059 841 1220 877 Proinde

106 907 268 943 adessent
285 907 323 942 in
341 917 407 941 sua
426 916 551 942 caussa
570 906 727 941 omnium
747 905 915 942 libertati.
958 905 1001 940 Si
1019 916 1219 941 consensum

105 971 276 1006 exercitus
293 968 469 1010 eumdem,
485 969 548 1016 qui
567 968 604 1003 in
619 968 746 1016 proelio
756 967 891 1017 fuerit,
908 968 946 1003 in
962 968 1093 1004 tuenda
1108 969 1219 1004 victo-

103 1035 163 1069 ria
179 1033 312 1075 videat,
333 1037 369 1068 et
385 1032 538 1068 salutem
562 1032 669 1067 unius
692 1031 850 1067 omnibus
874 1043 967 1067 curce
991 1042 1062 1067 esse
1072 1047 1086 1075 ‚-
1114 1031 1220 1067 incli-

105 1101 276 1133 naturum
305 1096 355 1133 ad
376 1096 636 1132 clementiorem
653 1097 864 1131 sententiam
885 1096 1055 1131 animum.
1112 1095 1220 1130 Poste·

105 1172 204 1196 remo
227 1171 263 1195 se
289 1161 401 1196 vitam
415 1158 660 1208 fortunasque
685 1170 768 1194 suas
793 1158 938 1195 illorum
955 1158 1048 1207 fidei
1074 1159 1219 1194 virtutio

106 1235 173 1273 que
187 1224 405 1271 permittere.

159 1284 341 1323 XXXII.
372 1284 527 1322 Clamor
554 1297 575 1321 e
606 1290 690 1321 tota
719 1285 904 1322 concione
931 1290 1051 1327 ortus,
1068 1284 1123 1320 uti
1148 1283 1219 1320 boo

109 1360 201 1386 num
219 1349 387 1388 animum
406 1348 564 1385 haberet
580 1362 588 1384 ε
619 1348 812 1384 neminem
830 1347 884 1384 illi
898 1348 973 1383 vim
992 1347 1218 1391 adlaturum,

108 1411 220 1448 salvis
236 1410 450 1460 legionibus
471 1409 672 1447 Romanis.
728 1409 845 1447 Haud
861 1410 982 1446 multo
998 1416 1085 1460 post
1100 1411 1217 1447 dict&
1252 1452 1258 1457 „

105 1482 168 1512 ἴοι·
186 1475 360 1512 advenitt
383 1474 617 1523 classicoque
637 1473 828 1524 extemplo
844 1474 890 1511 ad
910 1475 1134 1512 concionem
1153 1474 1220 1511 ad·

106 1539 268 1577 vocavit.
323 1538 437 1582 Tum,
475 1537 628 1575 silentio
660 1538 779 1581 facto,
816 1551 942 1588 praeco
979 1539 1028 1578 Q.
1058 1538 1219 1576 Fabium

105 1603 328 1651 magistrum
354 1602 524 1651 equitum
551 1601 702 1638 citavit}
734 1602 799 1651 qui
829 1601 940 1638 simul
966 1614 1012 1639 ex
1040 1602 1218 1639 inferiore

107 1665 196 1702 loco
219 1665 269 1701 ad
297 1663 465 1700 tribunal
490 1664 663 1708 accessit,
683 1670 765 1702 tum
791 1665 967 1708 dictator,
997 1666 1138 1708 Quaero,
1159 1667 1217 1702 in·
1229 1677 1398 1709 Dictatoris

109 1729 206 1778 quit,
227 1730 270 1765 de
289 1733 335 1771 te,
358 1728 402 1769 Q.
421 1728 520 1771 Fabi,
540 1740 649 1777 quum
666 1741 841 1766 summum
861 1731 1049 1778 imperium
1065 1731 1218 1766 dictato-
1229 1723 1328 1752 ⁰¹³t³0
1343 1722 1381 1751 ad

106 1795 158 1830 ris
174 1794 235 1835 sit,
259 1796 483 1841 pareantque
504 1794 537 1828 ei
556 1793 725 1836 consules,
744 1794 847 1842 regia
861 1798 1031 1842 potestas,
1051 1799 1223 1843 praetores
1231 1773 1316 1804 mag.
1329 1774 1382 1806 eq.

107 1857 234 1894 iisdem.
255 1857 435 1905 auspiciis,
464 1857 588 1904 quibus
616 1858 786 1901 consules,
814 1859 927 1894 creati
934 1874 948 1901 ,·
975 1870 1114 1906 oequum
1139 1871 1220 1894 cen-2

105 1932 194 1962 seas,
210 1932 334 1963 necne,
354 1921 563 1967 magistrum
582 1922 739 1969 equitum
759 1922 855 1958 dicto
882 1922 1086 1958 audientem
1114 1933 1185 1958 esse
1201 1924 1222 1958 P

111 1985 270 2032 Itemque
300 1984 394 2020 illud
425 1986 619 2032 interrogo,
653 1998 760 2034 quum
795 1998 852 2023 me
881 1987 1026 2023 incertis
1057 1989 1224 2034 auspiciis

103 2047 307 2097 profectum
325 2047 369 2083 ab
389 2049 493 2084 domo
511 2051 650 2092 scirem,
667 2054 789 2086 utrum
807 2049 897 2086 mihi
913 2050 1062 2086 turbatis
1076 2051 1222 2097 religio·

109 2111 211 2147 nibus
227 2110 283 2146 ies
304 2111 450 2159 publica
476 2114 512 2148 in
539 2113 726 2149 discrimen
756 2114 1008 2150 committenda
1018 2112 1154 2161 fuerit,
1175 2126 1223 2150 an

111 2174 271 2221 auspicia
283 2175 489 2222 repetenda,
510 2187 554 2212 ne
570 2176 656 2224 quid
669 2175 783 2212 dubiis
797 2177 885 2213 Diis
898 2188 1037 2225 agerem
1053 2177 1074 2211 ,Ρ
1105 2176 1225 2213 Simul

111 2236 219 2278 illud,
240 2248 318 2284 quae
342 2238 514 2277 dictatori
537 2239 664 2288 religio
683 2240 921 2288 inpedimento
941 2239 989 2276 ad
1006 2251 1082 2278 rem
1097 2251 1222 2291 geren-2

166 2297 263 2341 VOL·
283 2298 318 2341 Ῐ.
642 2302 674 2339 C
694 2315 713 2338 c
