1573 2598
375 181 530 210 LIBER
554 179 622 208 lv.
657 179 764 207 CAP.
788 177 938 206 LVIII.
1129 175 1210 218 331

147 269 294 306 LVIII.
327 270 384 305 Eo
417 280 534 310 anun,
563 266 653 315 quia
680 272 829 314 tempus
862 264 1097 300 induciarum
1127 276 1212 299 cum
1226 272 1320 304 U‚C.
1338 278 1414 304 ³4⁸.

94 333 245 369 Veienti
276 332 418 383 populo
448 332 604 373 exierat,
632 342 697 380 per
725 329 871 377 legatos
901 327 1127 375 fecialesque
1156 339 1214 363 res
1226 317 1264 347 A·
1281 316 1318 347 C·
1335 322 1412 347 ⁴⁰4·

94 398 214 446 repeti
244 403 401 446 coeptae:
436 395 570 444 quibus
591 392 828 429 venientibus
859 392 904 428 ad
933 391 1047 428 finem
1074 391 1215 440 legatio

95 460 313 496 Veientium
346 460 495 495 obviam
533 458 618 494 fuit.
674 456 837 499 Petiere,
871 469 919 492 ne
951 456 1068 505 prius,
1103 468 1216 504 quam

94 523 165 572 ipsi
187 530 358 559 senatum
380 522 597 557 Romanum
623 520 802 562 adissent,
825 520 939 555 Veios
970 521 1098 555 iretur.
1154 518 1216 554 Ab

95 594 229 623 senatu
256 588 501 636 inpetratum,
523 586 611 634 quia
640 584 828 620 discordia
857 585 1038 620 intestina
1067 583 1217 620 labora-

94 659 179 687 rent
205 651 396 693 Veientes,
423 663 471 686 ne
500 662 557 685 res
593 649 639 685 ab
672 650 720 685 iis
748 656 1034 699 repeterentur:
1067 656 1218 686 tantum

95 715 204 757 afuit,
222 720 264 749 ut
283 728 327 750 ex
349 714 591 749 incommodo
612 713 736 749 alieno
757 725 824 748 sua
843 714 994 749 occasio
1013 720 1216 762 peteretur.

93 778 146 815 Et
165 779 204 814 in
223 779 371 814 Volscis
392 784 548 828 accepta
567 777 706 819 clades,
727 778 865 813 amisso
886 777 1097 826 Verrugine
1120 791 1216 828 prae-
1228 787 1399 818 Amissum

94 843 215 879 sidio:
250 843 314 879 ubi
351 849 500 878 tantum
537 843 577 878 in
612 848 785 891 tempore
820 841 894 877 fuit
929 843 1127 885 momenti,
1158 830 1411 904 υμῖἓὲιῗὶὲἰίυῃὲ

95 918 211 955 quum
239 906 481 956 precantibus
512 918 622 955 opem
652 905 849 948 militibus,
871 906 934 954 qui
954 906 1007 942 ibi
1027 919 1049 941 a
1067 884 1245 942 Volscisp
1413 893 1423 903 ⁰

97 969 383 1013 obsidebantur,
406 969 591 1011 subcurri,
614 970 644 1004 si
674 976 903 1005 maturatum
933 976 1045 1012 esset,
1073 971 1219 1019 potuis-

95 1040 168 1078 set,
198 1035 245 1070 ad
275 1034 311 1070 id
337 1035 483 1070 venerit
511 1035 697 1070 exercitus
728 1034 895 1070 subsidio
928 1035 1076 1078 missus,
1105 1042 1147 1070 ut
1173 1035 1220 1071 ab

93 1099 238 1135 recenti
258 1099 359 1135 caede
378 1099 495 1148 palati
522 1099 570 1134 ad
598 1099 841 1148 praedandum
869 1099 997 1134 hostes
1028 1099 1219 1148 obprime-

94 1169 236 1197 rentur.
266 1161 474 1198 Tarditatis
495 1175 628 1198 caussa
647 1163 685 1197 in
706 1170 840 1198 senatu
860 1162 980 1210 magis
1000 1161 1087 1205 fuit,
1105 1175 1220 1210 quam

92 1226 133 1261 in
152 1224 314 1261 tribunis
333 1239 340 1260 :
374 1226 452 1274 qui,
473 1227 562 1274 quia
581 1239 727 1261 summa
746 1226 781 1261 vi
811 1232 954 1261 restare
982 1225 1217 1262 nunciaban-

92 1298 168 1335 tur,
189 1304 323 1341 parum
352 1292 631 1340 cogitaverunt,
651 1291 757 1327 nulla
778 1292 918 1327 virtute
948 1292 1117 1341 superari
1145 1292 1216 1328 hu-

92 1367 291 1391 manarum
320 1355 455 1391 virium
486 1355 656 1393 modum'.
708 1355 924 1391 Fortissimi
959 1354 1098 1392 milites
1138 1368 1217 1392 non

92 1424 236 1461 tamen,
256 1431 326 1455 nec
346 1419 434 1461 vivi,
454 1432 524 1455 nec
543 1425 631 1468 post
649 1426 827 1462 mortem,
846 1418 957 1454 inulti
976 1419 1092 1455 fuere.
1150 1419 1216 1456 In-

92 1483 265 1531 sequenti
285 1495 403 1526 anno,
421 1482 464 1519 P.
485 1489 523 1518 et
543 1483 614 1519 Cn.
638 1482 825 1519 Corneliis
857 1483 1000 1526 Cossis,
1021 1483 1072 1520 N.
1093 1483 1214 1520 Fabio
1228 1486 1319 1516 U.C.
1335 1492 1410 1519 sw-

92 1546 297 1589 Ambusto,
327 1546 373 1584 L.
394 1546 547 1584 Valerio
567 1547 717 1590 Potito,
734 1547 897 1583 tribunis
928 1547 1092 1583 militum
1122 1561 1214 1584 eon·
1227 1530 1266 1566 A‘
1284 1529 1320 1560 C'
1335 1535 1410 1560 ⁴⁰³⁰

93 1610 207 1646 sulari
227 1616 431 1660 potestate,
453 1610 591 1646 Veiens
611 1610 753 1647 bellum
772 1618 919 1647 motum
939 1611 988 1647 ob
1012 1612 1217 1662 superbum

92 1686 315 1723 responsum
336 1675 507 1711 Veientis
537 1681 717 1720 senatus,
750 1676 815 1724 qui
843 1674 979 1724 legatis
1009 1677 1215 1725 repetenti-

91 1737 161 1773 bus
182 1750 254 1781 res,
273 1739 313 1774 ni
331 1739 561 1775 facesserent
589 1752 751 1789 propere
780 1739 873 1775 urbe
901 1739 1131 1788 finibusque,
1150 1739 1215 1776 da-

94 1808 214 1845 turos,
230 1803 331 1851 quod
347 1803 441 1839 Lars
461 1803 688 1840 Tolumnius
709 1804 888 1846 dedisset„
900 1805 1117 1853 responderi
1132 1804 1217 1854 jus·

94 1868 155 1904 sit.
212 1868 258 1904 Id
285 1868 416 1904 Patres
442 1881 539 1917 aegre
568 1869 668 1917 passi
688 1868 899 1910 decrevere,
920 1873 962 1902 ut
981 1868 1123 1903 tribuni
1145 1869 1215 1904 mi·

92 1931 203 1968 litum
232 1932 281 1968 de
306 1932 408 1969 bello
436 1933 638 1969 indicendo
661 1932 883 1968 Veientibus
913 1932 1036 1981 primo
1066 1945 1216 1981 quoque
1229 1942 1406 1973 Decretum

95 1994 155 2030 die
175 1995 222 2031 ad
240 1996 423 2046 populum
449 1996 603 2032 ferrent.
660 1996 774 2035 Quod
803 1994 868 2031 ubi
895 1996 1018 2044 primo
1047 1995 1215 2044 promul-
1228 1990 1412 2062 ξὲἓῗὲἒζάἶθ

93 2065 223 2106 gatum
243 2065 312 2102 est,
333 2059 493 2095 fremere
505 2059 702 2109 juventuS,
719 2060 890 2094 Nondum
906 2059 1118 2094 debellatum
1137 2072 1216 2096 cam
1228 2074 1415 2106 Veientibus

98 2122 230 2158 Volscis
256 2135 353 2159 esse:
385 2125 490 2159 modo
519 2126 591 2160 duo
614 2125 786 2171 praesiclia
817 2124 997 2159 occidione
1026 2124 1151 2165 occisa,
1182 2128 1217 2159 et
1229 2116 1324 2148 bello.

92 2197 172 2220 cnm
196 2187 356 2232 periculo
383 2186 538 2221 retineri.
595 2186 748 2222 Nullam
776 2198 909 2222 annum
938 2197 1019 2227 esse,
1050 2198 1119 2233 quo
1146 2198 1216 2222 non

90 2248 165 2282 acie
194 2236 408 2283 dimicetur:
437 2253 485 2290 et,
508 2253 692 2296 tamquam
715 2250 888 2296 paeniteat
916 2248 1058 2290 laboris,
1087 2260 1215 2284 novum

92 2311 219 2350 bellum
239 2324 319 2348 cum
331 2304 493 2361 finitimo
516 2315 652 2365 populo
674 2319 708 2351 et
722 2317 968 2363 potentissimo
990 2316 1138 2365 parari„
1155 2318 1216 2367 φιλ
