1573 2598
190 199 236 233 U.
247 202 284 234 c.
302 209 378 234 432.

189 245 234 277 A.
246 246 284 278 C.
300 252 376 278 320.

389 113 476 160 590
582 116 630 145 T..
652 114 788 145 mvn
822 113 924 144 Lm.
946 115 1066 144 vlu.
1099 115 1207 145 cAP.
1229 116 1310 147 ιι.

390 204 606 241 consulibus
630 203 826 248 bellatum,
853 204 1006 253 quidam
1032 210 1206 241 auctores
1232 212 1335 249 sunt,
1355 214 1494 257 eosque

387 269 434 305 de
453 269 685 305 Samnitibus
705 268 979 319 triumphasse:
1011 268 1172 304 Fabium
1191 269 1306 306 etiam
1327 270 1365 306 in
1385 271 1492 320 Apu-

384 331 475 376 liam
493 333 734 383 processisse,
752 339 869 381 atque
886 332 976 368 inde
992 345 1148 382 magnas
1167 333 1311 382 praedas
1331 333 1466 381 egisse.

437 396 526 433 XL.
555 396 640 432 Nec
656 397 856 445 discrepat,
873 397 965 445 quin
980 396 1146 432 dictator
1159 409 1205 432 eo
1220 409 1322 433 auno
1336 398 1384 433 A.
1396 397 1493 433 Cor-

383 459 505 497 nelius
534 461 671 497 fuerit:
704 461 742 497 id
773 460 991 509 ambigitur,
1023 461 1161 497 belline
1188 461 1342 509 gerendi
1362 473 1494 512 caussa

384 529 531 560 creatus
558 524 626 569 sit3
659 536 721 567 an,
749 529 793 559 ut
819 530 932 567 esset,
963 525 1027 572 qui
1060 523 1156 559 ludis
1183 523 1385 567 Romanis,
1403 524 1493 573 quia

382 585 430 623 L.
449 587 620 624 Plautius
640 593 781 637 praetor
796 588 900 636 gravi
919 587 1054 623 morbo
1069 587 1169 623 forte
1188 587 1380 637 inplicitus
1395 592 1491 630 erat,

381 650 532 699 signum
565 651 757 687 mittendis
789 651 979 699 quadrigis
1013 650 1120 686 daret
1132 666 1143 696 5
1184 649 1413 700 functusque
1443 662 1492 687 eo

380 712 483 750 haud
497 726 586 750 sane
601 713 835 750 memorandi
851 713 996 762 imperii
1010 714 1058 748 m'
1092 714 1234 755 'sterio,
1249 726 1289 749 se
1304 714 1492 749 dictatura

381 776 593 813 abdicaret:
624 790 695 813 nec
712 777 824 813 facile
843 782 913 819 est,
935 784 1000 812 aut
1018 726 1185 818 reffirei,
1206 784 1273 811 aut
1294 782 1489 812 auctorem

381 838 529 874 auctori
561 838 749 887 praeferre.
805 838 990 872 Vitiatam
1020 837 1238 872 memoriam
1268 836 1486 874 funebribus

380 899 553 936 laudibus
572 912 671 942 reor,
691 899 870 949 falsisque
885 900 1093 948 imaginum
1114 899 1248 941 titulis,
1268 899 1356 935 dum
1375 899 1485 936 fami·

379 962 432 999 lia
450 963 497 999 ad
517 975 555 999 se
574 975 731 1012 quaeque
753 963 892 999 famam
918 975 1041 998 rerum
1068 967 1257 1010 gestarum
1275 963 1484 1000 honorum-

377 1038 452 1075 que
470 1026 625 1063 fallente
643 1027 840 1063 mendacio
855 1027 1024 1063 trahunt.
1067 1026 1161 1062 Inde
1181 1033 1281 1062 certe
1300 1034 1337 1062 et
1355 1027 1485 1075 singu·

361 1088 501 1126 *lorum
521 1096 642 1138 gesta,
663 1096 700 1125 et
719 1089 871 1139 publica
892 1096 1138 1125 monumenta
1157 1101 1279 1125 rerum
1299 1089 1479 1126 confusa:

377 1164 449 1189 nec
468 1153 665 1202 quisquam
692 1153 843 1201 aequalis
869 1153 1102 1202 temporibus
1131 1152 1204 1188 illis
1231 1153 1391 1204 scriptor
1415 1163 1481 1189 ex-

375 1221 465 1261 stat,
485 1229 562 1267 quo
581 1217 671 1253 satis
693 1223 796 1254 certo
815 1224 970 1254 auctore
991 1223 1120 1255 stetur.

739 1701 881 1742 10¹1le
910 1701 1038 1739 TOM.
1069 1702 1102 1739 Ι.
