1573 2598
397 135 553 164 LIBER
577 135 646 163 lv.
680 133 786 163 eAP.
809 135 964 163 xvn1.
1139 122 1218 178 283

111 225 275 262 ferentes
298 229 446 260 castra:
478 234 548 259 nec
573 228 661 258 ante
685 222 724 258 in
749 233 903 271 campos
930 221 1094 270 degressi
1117 229 1220 265 sunt,
1234 219 1276 249 U·
1294 218 1329 249 C·
1347 223 1423 250 ³1⁸·

112 302 224 338 quam
253 288 421 338 legiones
450 286 592 324 auxilio
614 286 849 322 Faliscorum
868 291 1064 322 venerunt.
1119 286 1154 322 T
1158 298 1220 322 um
1232 263 1272 293 A'
1290 261 1326 292 C'
1344 267 1418 293 ⁴3⁴⁶

111 353 261 389 demum
281 354 405 389 castra
422 352 670 388 Etruscorum
695 363 764 400 pro
783 350 972 387 moenibus
992 350 1221 387 Fidenarum

112 418 263 467 posita:
297 423 334 452 et
359 417 523 452 dictator
540 414 738 451 Romanus
767 414 868 450 haud
898 413 1032 464 procul
1059 414 1147 450 inde
1176 414 1224 450 ad

113 480 345 517 confluentes
375 479 546 516 consedit
575 479 613 513 in
643 479 838 527 utriusque
867 479 957 528 ripis
987 478 1122 521 amnis,
1150 488 1224 526 qua

112 544 218 593 sequi
254 544 491 580 munimento
528 548 693 591 poterat,
726 541 827 578 vallo
861 542 1112 591 interposito:
1152 555 1221 592 po-

112 614 213 644 stero
232 607 292 642 die
311 607 350 642 in
369 607 488 642 aciem
508 606 650 642 eduxit.

163 670 319 708 XVIII.
348 670 455 707 Inter
476 670 605 706 hostes
625 668 737 706 variae
756 667 861 705 fuere
881 669 1092 705 sententiae.
1148 668 1222 705 Fa-

109 735 238 779 liscus,
257 735 391 785 procul
409 734 456 771 ab
477 735 592 771 domo
611 733 786 770 militiam
806 745 906 781 aegre
927 733 1090 782 patiens,
1112 733 1224 769 satis-

109 813 182 850 que
208 799 326 836 fidens
353 799 439 842 sibi,
459 811 616 849 poscere
634 811 824 849 pugnam:
857 797 1010 833 Veienti
1028 796 1224 833 Fidenati-

110 876 183 914 que
210 863 294 913 plus
320 864 399 914 spei
422 863 462 898 in
490 863 676 899 trahendo
699 861 801 898 bello
831 873 923 897 esse.
979 860 1223 904 Tolumnius,

111 941 339 978 quamquam
376 940 531 963 suorum
566 927 685 975 magis
723 925 927 975 placebant
963 924 1137 971 consilia,
1177 937 1225 961 ne

111 991 361 1041 longinquam
396 990 571 1026 militiam
602 1003 682 1026 non
715 996 936 1039 paterentur
968 988 1121 1031 Falisci,
1156 1001 1226 1038 po·

113 1063 215 1091 stero
244 1056 305 1091 die
334 1067 372 1091 se
402 1060 659 1104 pugnaturum
681 1053 806 1089 edicit.
863 1052 1057 1089 Dictatori
1080 1065 1123 1088 ac
1141 1051 1227 1088 Ro-

113 1120 250 1161 maniS,
271 1119 372 1168 quod
392 1119 638 1154 detrectasset
663 1130 832 1167 pugnam
856 1117 994 1159 hostis,
1015 1116 1133 1152 animi
1162 1128 1225 1152 ac-

113 1195 283 1218 cessere:
322 1188 552 1232 posteroque
581 1182 655 1223 die,
678 1180 763 1230 jam
796 1181 979 1217 militibus
1010 1187 1134 1217 castra
1162 1195 1225 1217 ur-

111 1246 273 1294 bemque
292 1258 331 1281 se
351 1245 639 1295 obpugnaturos
658 1245 923 1287 frementibus,
939 1246 980 1280 ni
1000 1246 1111 1295 copia
1129 1258 1227 1294 pug-

111 1324 171 1348 nae
197 1311 277 1354 frat,
298 1311 487 1358 utrimque
506 1310 604 1346 acies
632 1310 731 1345 inter
748 1309 840 1345 bina
859 1315 983 1345 castra
1001 1309 1040 1344 in
1061 1309 1226 1345 medium

112 1378 235 1427 campi
271 1377 494 1427 procedunt.
550 1376 704 1419 Veiens,
735 1375 979 1412 multitudine
1012 1375 1224 1419 abundans,
1237 1386 1386 1418 Veientes

113 1442 176 1491 qui
201 1442 301 1477 inter
325 1441 610 1477 dimicationem
633 1447 757 1477 castra
774 1440 954 1476 Romana
973 1440 1224 1489 adgrederen-
1237 1430 1427 1504 Οἶῐῗιξὲξῆὓ

110 1511 186 1548 tur,
216 1512 305 1555 post
331 1510 481 1541 montes
511 1505 769 1542 circummisit.
825 1505 960 1541 Trium
995 1504 1225 1555 populorum
1237 1483 1388 1547 {dffersus

112 1571 298 1606 exercitus
331 1570 386 1605 ita
422 1570 529 1605 stetit
561 1570 783 1612 instructus,
821 1576 864 1605 ut
901 1570 1074 1605 dextrum
1107 1582 1227 1605 cornu
1240 1559 1415 1591 Romanos.

111 1633 305 1676 Veientes,
333 1634 526 1670 sinistrum
548 1633 685 1670 Falisci
712 1640 900 1677 tenerent,
927 1635 1041 1670 medii
1063 1633 1226 1670 Fidena-
1246 1661 1253 1665 s

112 1704 169 1732 tes
197 1705 334 1733 essent.
389 1696 570 1733 Dictator
595 1697 729 1733 dextro
759 1710 880 1733 cornu
908 1698 1084 1733 adversus
1103 1696 1227 1732 Falis-

115 1773 194 1804 cos,
226 1761 380 1797 sinistro
410 1768 543 1797 contra
572 1762 771 1797 Veientem
803 1761 1042 1811 Capitolinus
1081 1761 1228 1800 Quinc-

113 1825 189 1861 tius
223 1823 351 1860 intulit
381 1825 514 1872 signa:
547 1830 636 1860 ante
664 1825 828 1860 mediam
858 1825 977 1860 aciem
1006 1837 1093 1860 cum
1122 1825 1228 1874 equi-

113 1895 197 1924 tatu
224 1889 405 1937 magister
430 1889 600 1937 equitum
625 1889 821 1938 processit.
877 1887 1085 1938 Parumper
1114 1887 1228 1924 silen-

114 1953 210 1989 tium
240 1960 277 1988 et
306 1954 410 2001 quies
440 1953 527 1996 fuit,
556 1966 627 1989 nec
656 1953 842 1995 Etruscis,
872 1953 946 1989 nisi
984 1958 1227 2000 cogerentur,

115 2030 281 2067 pugnam
310 2018 476 2060 inituris,
500 2024 537 2053 et
564 2018 750 2054 dictatore
779 2029 903 2053 arcem
922 2016 1139 2052 Romanam
1169 2029 1228 2051 re-

117 2088 326 2131 spectante,
357 2088 397 2117 ut
427 2081 473 2117 ab
504 2081 724 2130 auguribus,
749 2081 862 2117 simul
890 2093 976 2116 aves
1006 2081 1078 2116 rite
1108 2080 1226 2116 admi-

117 2146 267 2187 sissent,
289 2158 336 2181 ex
353 2146 567 2195 composito
589 2144 786 2181 tolleretur
815 2145 977 2192 signum.
1033 2143 1148 2182 Quod
1176 2144 1229 2179 si·

116 2207 195 2245 mul
224 2210 437 2258 conspexit,
467 2210 608 2259 primos
642 2209 786 2256 equites
817 2207 982 2244 clamore
1011 2206 1163 2243 sublato
1189 2207 1228 2243 in

116 2275 266 2327 hostem
303 2274 457 2310 emisit:
498 2278 629 2311 secuta
664 2273 835 2324 peditum
871 2273 970 2310 acies
1008 2271 1155 2320 ingenti
1191 2272 1230 2307 vi
