1573 2598
399 193 554 224 Lmen
576 192 611 220 1.
645 191 753 220 cAP.
778 190 937 220 XLIII.
1168 179 1220 220 61

108 298 235 324 versus
262 297 302 322 se
320 282 518 333 Tarquinii
550 278 712 317 liberam
738 285 850 322 esset,
874 279 966 316 duas
993 278 1088 316 filias
1111 279 1223 331 juve-

107 351 218 389 nibus
248 349 375 399 regiis,
395 347 518 385 Lucio
546 351 660 394 atque
675 345 814 380 Arunti
833 344 1064 393 Tarquiniis,
1078 343 1222 396 jungit.
1237 347 1424 398 Fi¹.³a.⁵.T³‘’

107 416 192 453 Nec
221 414 323 465 rupit
350 420 478 449 tamen
507 409 577 446 fati
606 408 869 445 necessitatem
897 409 1072 446 humanis
1099 412 1224 448 consi-
1236 400 1354 466 ἷξὲἓέε
1374 389 1444 422 ‘³⁰³'

108 482 182 525 liis,
204 482 293 531 quin
319 479 460 516 invidia
478 477 582 525 regni
605 476 720 512 etiam
739 475 838 511 inter
863 475 1092 511 domesticos
1111 475 1228 513 infida

111 546 237 583 omnia
257 550 370 593 atque
390 540 529 578 infesta
546 540 700 577 faceret.
756 538 1046 589 Peropportune
1065 540 1113 576 ad
1131 552 1229 590 prae-

111 610 226 646 sentis
255 608 421 657 quietem
449 610 568 641 status
598 603 738 640 bellum
768 616 852 639 cum
878 603 1101 639 Veientibus
1134 602 1230 654 (jam

111 674 213 709 enim
244 671 404 708 induciae
441 668 629 714 exierant)
661 667 817 715 aliisque
846 666 1017 703 Etruscis
1051 674 1230 705 sumtum.

113 737 160 773 In
189 749 234 772 eo
257 735 358 772 bello
387 740 425 770 et
444 734 560 769 virtus
591 739 629 768 et
656 732 812 768 fortuna
840 733 977 767 enituit
995 732 1137 770 Tullii:
1169 733 1231 770 fu·

115 812 231 849 soquc
263 798 410 847 ingenti
431 797 614 851 ,hostium
643 796 825 838 exercitu,
855 796 956 832 haud
985 796 1119 833 dubius
1149 809 1230 842 rex,

115 877 180 901 seu
208 864 379 905 Patmm,
410 875 475 898 seu
503 860 622 911 plebis
653 860 799 896 animos
828 859 1118 910 periclitaretur,
1148 862 1233 899 Ro-

116 942 217 966 mam
252 927 376 964 rediit.
431 925 737 974 Adgrediturque
773 925 861 961 inde
896 925 944 961 ad
979 926 1082 975 pacis
1119 926 1235 976 longe

118 993 324 1030 maximum
352 1003 459 1042 opus.
518 990 586 1034 Ut,
616 989 933 1040 quemadmodum
961 990 1092 1028 Numa
1119 992 1237 1029 divini

121 1063 254 1095 auctor
275 1055 372 1106 juris
402 1055 550 1097 fuisset,
571 1055 626 1090 ita
654 1054 825 1090 Servium
854 1054 1091 1091 conditorem
1113 1057 1237 1092 omnis

122 1122 161 1158 in
199 1121 352 1156 civitate
395 1118 620 1155 discriminis
658 1118 922 1167 ordinumque,
961 1119 1096 1167 quibus
1140 1121 1240 1156 inter

123 1185 259 1234 gradus
286 1183 482 1232 dignitatis
501 1181 740 1231 fortunaeque
765 1181 904 1231 aliquid
934 1183 1149 1228 interlucet,
1169 1198 1241 1234 po-

123 1250 213 1286 steri
248 1249 351 1285 fama
384 1247 539 1283 ferrent.
604 1246 771 1282 Censum
807 1247 907 1282 enim
943 1248 1124 1292 instituit,
1161 1262 1241 1286 rem
1254 1256 1296 1286 U.
1315 1254 1352 1286 C.
1373 1260 1446 1291 197.

124 1313 408 1351 saluberrimam
443 1316 554 1346 tanto
581 1309 711 1346 futuro
740 1310 926 1360 imperio:
967 1324 1013 1348 ex
1049 1325 1124 1362 quo
1152 1313 1241 1350 belli
1255 1302 1295 1330 A·
1312 1299 1349 1329 C·
1368 1307 1442 1331 ⁵⁵⁵·

1256 1343 1401 1373 Censum

124 1378 302 1428 pacisque
329 1375 460 1411 munia
484 1387 565 1410 non
593 1374 748 1417 viritim,
776 1381 818 1411 ut
847 1381 949 1418 ante,
980 1376 1044 1412 sed
1071 1390 1141 1427 pro
1174 1378 1241 1414 ha·
1257 1385 1406 1417 instituit.

124 1443 208 1479 bitu
232 1441 476 1492 pecuniarum
502 1439 647 1476 fierent.
703 1439 802 1476 Tum
822 1440 958 1477 classes
979 1443 1242 1492 centuriasque

126 1513 164 1542 et
191 1507 292 1542 hunc
321 1503 493 1540 ordinem
521 1516 568 1539 ex
597 1515 712 1539 censu
741 1504 952 1554 descripsit,
978 1504 1037 1541 vel
1065 1507 1150 1556 paci
1178 1507 1244 1543 de-

127 1584 271 1613 corum,
290 1569 350 1606 vel
368 1567 482 1605 bello.
1250 1618 1256 1623 „

180 1634 334 1672 XLIII.
364 1633 426 1669 Ex
446 1633 505 1676 iis,
526 1633 590 1681 qui
610 1638 762 1669 centum
781 1632 941 1670 millium
961 1635 1058 1678 aeris,
1079 1641 1146 1672 aut
1164 1649 1245 1672 ma-

122 1699 264 1750 jorem,
291 1710 444 1734 censum
473 1696 671 1740 haberent,
698 1698 897 1745 octoginta
922 1698 1087 1734 confecit
1112 1706 1245 1736 centu·
1259 1706 1394 1739 Classes.

129 1764 218 1805 rias,
257 1762 515 1811 quadragenas
549 1762 742 1797 seniorum
777 1775 821 1798 ac
850 1761 1062 1811 juniorum.
1118 1764 1248 1802 Prima

131 1827 259 1864 classis
279 1838 409 1862 omnes
426 1825 616 1875 adpellati.
647 1825 838 1869 seniores,
854 1826 900 1862 ad
920 1826 1024 1863 tubis
1036 1829 1249 1867 custodiam

132 1899 174 1928 ut
202 1898 341 1942 praesto
371 1896 525 1926 essent:
550 1889 725 1940 juveneS,
748 1896 789 1925 ut
810 1889 903 1926 foris
932 1890 1032 1927 bella
1061 1901 1249 1941 gererent.

132 1957 250 1993 Arma
272 1955 331 1992 his
357 1955 554 2005 imperata,
582 1953 705 2002 galea,
732 1953 909 2004 clipeum,
935 1968 1070 2000 ocreae,
1101 1956 1246 2005 lorica3

132 2021 262 2057 omnia
282 2033 330 2055 ex
352 2031 447 2055 aere:
477 2019 559 2055 haec
589 2024 631 2055 ut
651 2024 874 2067 tegumenta
899 2021 1068 2070 corporis
1098 2029 1246 2059 essent:

132 2085 211 2122 tela
237 2085 277 2120 in
304 2085 468 2127 hostem,
491 2083 676 2132 hastaque
700 2090 739 2119 et
766 2083 924 2132 gladius.
981 2085 1132 2122 Additae
1161 2087 1251 2123 huic

135 2149 245 2186 classi
264 2149 345 2185 duae
364 2147 517 2185 fabrum
542 2149 734 2191 centuriae,
755 2161 838 2197 quae
863 2149 943 2185 sine
965 2151 1077 2186 armis
1105 2151 1250 2202 stipen-

137 2213 199 2250 dia
225 2213 415 2249 facerent:
447 2213 578 2249 datum
606 2225 757 2256 munuS,
788 2218 830 2248 ut
858 2214 1051 2250 machinas
1080 2215 1120 2250 in
1149 2215 1251 2253 bello

135 2277 290 2315 ferrent.
351 2278 523 2314 Secunda
559 2277 687 2314 classis
725 2279 825 2314 intra
862 2284 1015 2314 centum
1050 2292 1169 2328 usque
1205 2281 1253 2318 ad

135 2343 301 2392 quinque
329 2348 368 2379 et
402 2343 644 2393 septuaginta
671 2342 831 2380 millium
860 2355 1015 2381 censum
1045 2344 1222 2383 instituta
1236 2361 1249 2392 3
