1573 2598
346 142 431 196 476
798 154 843 182 Τ.
868 154 1003 184 L1v11

154 243 198 275 U.
209 244 246 274 C.
261 250 334 278 393.
401 241 470 279 1V.
507 241 645 290 Neque
674 253 720 277 eo
749 242 871 278 minus
904 241 1092 292 principio
1120 240 1351 290 insequentis
1383 254 1454 280 an-

151 287 193 318 Α·
206 287 242 317 C·
260 294 333 321 ³⁵⁹·
346 305 399 348 ni,
429 306 478 344 Q.
499 304 658 341 Servilio
686 304 824 348 Ahala,
853 304 900 341 L.
921 305 1093 340 Genucio
1122 304 1352 349 consulibus,
1372 306 1451 342 dies

344 367 493 405 Manlio
513 369 650 404 dicitur
669 381 691 404 a
709 368 765 405 M.
785 368 1000 419 Pomponio
1028 368 1183 405 tribuno
1209 368 1340 419 plebis.
1395 370 1451 406 A·-

345 432 505 468 cerbitas
535 433 574 468 in
604 432 765 476 delectu,
793 445 873 469 non
895 433 1034 469 damno
1063 433 1177 469 modo
1205 434 1356 476 civium,
1386 433 1452 469 sed

344 496 458 532 etiam
477 496 707 533 laceratione
736 509 936 547 corporum
962 497 1053 540 lata,
1080 498 1218 546 partim
1235 497 1350 545 virgis
1380 510 1452 533 cae-

343 559 408 602 sis,
439 560 503 607 qui
531 560 578 595 ad
614 560 770 595 nomina
805 573 883 596 non
921 560 1215 610 respondissent,
1245 561 1384 609 partim
1411 560 1453 596 in

150 624 276 673 Manlio
343 621 493 658 vincula
521 622 657 665 ductis,
688 623 808 659 invisa
833 628 935 659 erat:
969 630 1007 659 et
1027 630 1114 659 ante
1143 623 1272 669 omnia
1289 623 1452 659 invisum

147 667 213 697 ‘¹¹⁶⁵
235 669 329 698 d1cta.
342 685 467 734 ipsum
486 686 679 733 ingenium
699 692 822 729 atrox,
841 698 1127 734 cognomenque
1146 685 1345 735 Imperiosi
1364 698 1452 734 gra-

342 759 387 783 ve
405 747 533 783 liberae
553 749 712 791 civitati,
729 748 775 784 ab
793 750 1050 785 ostentatione
1069 749 1222 784 saevitiae
1241 748 1446 794 adscitum3

342 823 455 859 quam
482 824 562 847 non
589 813 709 860 magis
738 813 779 848 in
807 812 952 855 alienis,
973 824 1086 861 quam
1114 813 1153 847 in
1182 812 1378 861 proximis,
1405 824 1450 848 ac

147 883 311 916 Acerbitas
342 874 526 921 sanguine
546 875 625 923 ipse
645 887 713 910 suo
733 883 947 911 exerceret:
981 875 1201 923 criminique
1221 876 1254 910 ei
1275 874 1448 911 tribunus

145 925 264 999 {³¹:¹5¹}ss
340 936 438 972 inter
458 943 583 972 cetera
601 937 729 980 dabat,
747 939 969 987 quodfilium
979 937 1159 985 juvenem,
1179 939 1314 974 nullius
1326 939 1451 986 probri

257 992 264 1001 '
339 1005 569 1047 compertum,
584 1005 759 1036 extorrem
775 1002 871 1043 urbe,
892 1003 1009 1044 doum,
1029 1002 1227 1049 penatibus,
1237 1001 1340 1050 foro,
1357 1002 1448 1045 luce,

337 1075 522 1110 congressu
541 1065 731 1112 aequalium
755 1065 989 1113 prohibitum,
1010 1067 1049 1101 in
1066 1078 1153 1114 opus
1170 1067 1308 1108 servile,
1334 1078 1449 1114 prope

337 1128 374 1162 in
393 1139 568 1163 carcerem
587 1133 693 1175 atque
722 1131 758 1164 in
786 1131 1017 1177 ergastulum,
1048 1131 1210 1166 dederit:
1237 1131 1297 1166 ubi
1313 1141 1448 1166 summo

336 1191 412 1226 loco
431 1196 536 1228 natus
554 1193 764 1228 dictatorius
777 1192 922 1240 juvenis
949 1196 1157 1242 quotidiana
1175 1196 1318 1231 miseria
1335 1195 1447 1230 disce-

332 1259 401 1297 ret,
430 1267 511 1292 vere
530 1259 715 1304 imperioso
730 1262 837 1305 patre
863 1269 899 1293 se
926 1264 1053 1294 natum
1071 1270 1152 1294 esse.
1207 1260 1259 1294 At
1278 1270 1384 1306 quam
1403 1257 1447 1293 ob

331 1321 501 1355 noxam.9
536 1322 621 1368 quia
649 1320 878 1368 infacundior
908 1323 968 1363 sit,
1006 1327 1039 1357 et
1076 1323 1201 1368 lingua
1235 1323 1444 1369 inpromtus.

335 1383 441 1425 Quod
473 1389 611 1420 naturae
647 1386 818 1421 damnum
846 1391 969 1421 utrum
996 1386 1226 1421 nutriendum
1249 1386 1365 1434 patri,
1399 1386 1446 1433 (si

331 1448 527 1494 quidquam
547 1448 583 1483 in
601 1460 640 1484 eo
659 1448 807 1484 humani
825 1449 926 1496 esset)
949 1461 997 1484 an
1012 1450 1258 1496 castigandum
1276 1461 1319 1485 ac
1336 1461 1444 1486 vexa·

331 1511 427 1546 tione
456 1512 590 1558 insigne
606 1511 823 1560 faciendum
839 1512 956 1561 fnisse
972 1515 993 1549 ,9
1020 1525 1063 1549 ne
1081 1519 1198 1549 mutas
1226 1514 1366 1561 quidem
1384 1513 1443 1550 be·

329 1574 418 1610 stias
446 1575 561 1610 minus
588 1576 685 1611 alere
712 1588 755 1611 ac
771 1575 915 1624 fovere,
943 1578 974 1612 si
1002 1577 1086 1624 quid
1114 1588 1156 1612 ex
1181 1578 1351 1624 progenie
1376 1589 1443 1614 sua

330 1650 462 1686 parum
478 1651 687 1687 prosperum
704 1642 763 1676 sit.
809 1643 874 1683 At,
894 1641 1064 1683 Hercule,
1085 1641 1129 1676 L.
1149 1641 1344 1684 stlanlium,
1363 1654 1442 1678 ma-

332 1702 407 1737 lum
434 1703 531 1738 malo
559 1715 689 1750 augere
711 1704 803 1751 filii,
833 1708 868 1739 et
897 1705 1107 1740 tarditatem
1135 1706 1269 1751 ingenii
1300 1707 1443 1754 insuper

323 1776 509 1813 premere,·
538 1770 586 1809 et,
615 1768 646 1802 si
671 1768 755 1814 quid
782 1768 819 1802 in
846 1779 886 1803 eo
913 1770 1079 1815 exiguum
1106 1769 1284 1805 naturalis
1310 1770 1443 1816 vigoris

325 1830 384 1871 sit,
412 1830 452 1865 id
479 1831 700 1877 exstinguere
727 1833 803 1867 vita
832 1833 962 1879 agresti
989 1837 1024 1868 et
1051 1834 1182 1871 rustico
1207 1833 1318 1876 cultu,
1349 1834 1441 1872 inter

326 1894 477 1939 pecudes
496 1893 666 1930 habendo.

137 1959 206 2007 mii
222 1958 292 1997 ejus
360 1984 362 1986 .
382 1955 428 1991 V.
455 1955 637 1993 Omnium
658 1959 786 2006 potius
806 1958 864 1994 his
885 1958 1227 2002 criminationibus,
1247 1972 1360 2008 quam
1378 1961 1437 2011 ip-

136 2008 246 2040 poetas·
328 2019 404 2054 sius
426 2018 593 2069 juvenis,
614 2021 780 2057 irritatus
810 2029 867 2057 est
895 2023 1067 2058 animus:
1100 2024 1191 2071 quin
1219 2030 1366 2067 contra,
1396 2037 1437 2062 se

328 2095 477 2132 quoque
513 2085 660 2134 parenti
697 2097 868 2121 caussam
904 2086 1053 2123 invidiae
1083 2093 1196 2135 atque
1234 2088 1435 2126 criminum

326 2157 420 2193 esse,
452 2160 550 2195 aegre
579 2160 723 2198 passus,
757 2150 816 2196 (ut
841 2161 971 2185 omnes
998 2149 1064 2185 Dii
1090 2150 1336 2200 hominesque
1361 2153 1435 2190 sci-

325 2217 423 2253 rent,
453 2223 493 2248 se
521 2214 666 2262 parenti
697 2226 808 2264 opem
836 2213 967 2257 latam,
997 2227 1110 2264 quam
1138 2216 1300 2253 inimicis
1334 2216 1429 2267 ejus,

325 2273 453 2321 malle)
485 2278 586 2328 capit
612 2278 825 2324 consilium,
846 2279 946 2317 rudis
968 2280 1117 2330 quidem
1141 2287 1254 2331 atque
1273 2282 1429 2330 agrestis
