1573 2598
967 140 986 157 Ο

437 193 592 222 LIBER
615 191 698 221 111.
729 191 837 220 CAP.
860 192 919 220 11.
1162 190 1237 234 171

119 283 221 325 dere,
242 288 285 318 ut
312 281 359 318 ad
389 280 616 332 explendum
642 291 842 316 numerum
871 279 998 317 coloni
1019 280 1148 318 Volsci
1175 282 1241 319 ad-

121 349 325 385 derentur:
363 351 488 382 cetera
524 343 729 382 multitudo
758 356 914 395 poscere
942 345 1079 383 Romae
1108 359 1241 396 agrum

122 409 249 454 malle,
273 422 386 459 quam
415 408 505 445 alibi
533 408 716 458 accipere.
772 408 892 458 AEqui
921 422 944 445 a
971 410 1020 449 Q.
1040 409 1161 446 Fabio
1193 411 1241 458 (is

124 488 170 512 eo
199 488 285 512 cum
321 474 490 511 exercitu
517 473 689 519 venerat)
720 485 853 524 pacem
889 474 1047 524 petiere,
1077 475 1241 512 irritam-

124 553 196 590 que
223 552 306 576 eam
329 539 402 590 ipsi
430 537 557 575 subita
583 538 801 574 incursione
829 538 869 574 in
898 551 1032 588 agrum
1058 538 1244 576 Latinum

123 604 259 642 fecere.

178 667 234 704 ΙΙ.
263 667 312 706 Q.
342 665 535 709 Servilius,
565 666 780 715 insequenti
816 680 918 704 anno
951 668 999 717 (is
1029 669 1131 705 enim
1160 681 1246 705 cum
1258 680 1300 711 U,
1319 679 1356 711 c,
1374 686 1448 711 233.

127 733 191 783 Sp.
209 732 410 769 Postumio
431 730 565 767 consul
588 730 680 778 fuit)
702 732 742 768 in
760 731 910 781 AEquos
935 733 1086 777 missus,
1109 733 1150 769 in
1168 732 1247 770 La·
1258 725 1298 755 A·
1314 724 1352 755 C·
1370 728 1444 754 ⁴⁶⁴·

126 798 210 835 tino
232 809 326 846 agro
352 796 491 832 stativa
513 794 673 832 habuit:
706 797 809 833 intra
837 803 961 834 castra
986 798 1090 847 quies
1116 809 1248 835 neces-

128 862 228 906 saria
251 859 387 898 morbo
412 859 629 911 inplicitum
656 861 863 898 exercitum
892 862 1029 899 tenuit.
1084 862 1248 899 Extra&
1260 876 1303 907 u,
1321 875 1357 907 c,
1376 881 1448 908 289.

127 932 210 962 tum
238 926 278 962 in
305 925 461 961 tertium
490 937 633 962 annum
660 924 803 962 bellum
831 932 901 969 est,
929 927 978 966 Q.
997 925 1120 964 Fabio
1142 933 1181 963 et
1201 921 1300 964 T‘A.
1317 919 1355 950 C·
1371 923 1445 950 ⁴²⁶3·

129 991 314 1031 Quinctio
340 989 572 1027 consulibus
628 989 750 1027 Fabio
770 997 878 1027 extra
899 991 1085 1035 ordinem,
1106 991 1195 1041 quia
1219 991 1250 1028 is

131 1055 254 1092 victor
285 1067 418 1104 pacem
446 1053 584 1103 AEquis
622 1053 790 1096 dederat,
821 1067 866 1091 ea
900 1056 1098 1105 provincia
1134 1055 1249 1092 data:

134 1118 212 1168 qui,
241 1118 345 1154 haud
366 1117 482 1154 dubia
503 1130 570 1168 spe
593 1117 802 1168 profectus,
829 1118 972 1156 famam
998 1113 1165 1156 nominis
1193 1119 1254 1156 sui

133 1188 355 1233 pacaturam
373 1182 537 1231 AEquos,
557 1181 704 1231 legatos
728 1183 768 1218 in
788 1184 992 1221 concilium
1014 1185 1138 1234 gentis
1163 1185 1254 1222 mis-

134 1259 196 1282 sos
215 1247 397 1282 nunciare
414 1245 533 1296 jussit
547 1261 558 1291 3
593 1246 637 1287 Q.
656 1247 803 1283 Fabium
821 1249 995 1284 consulem
1014 1251 1142 1292 dicere,
1161 1261 1197 1285 se
1214 1261 1258 1286 ex

133 1311 269 1359 AEquis
291 1322 419 1358 pacem
439 1310 593 1346 Romam
619 1309 750 1352 tulisse,
771 1309 815 1345 ab
835 1310 952 1347 Roma
970 1311 1104 1360 AEquis
1127 1311 1256 1348 bellum
1266 1321 1446 1364 AEquicum

136 1372 291 1422 adferre,
311 1372 433 1408 eadem
459 1372 585 1407 dextra
602 1377 759 1415 armata,
779 1385 888 1421 quam
906 1379 1082 1422 pacatam
1097 1375 1171 1411 illis
1191 1366 1395 1411 art-bellum»

139 1441 196 1472 tea
214 1436 358 1472 dederat
370 1451 382 1470 .·
411 1446 559 1483 quorum
584 1435 622 1470 z‘d
640 1435 795 1484 perfidia
820 1440 855 1472 et
871 1435 1033 1484 perjurio
1047 1437 1137 1486 fiat,
1158 1437 1260 1474 Deos

136 1511 230 1536 nunc
255 1503 356 1534 testes
382 1509 464 1541 esse,
491 1509 572 1533 mox
587 1497 677 1546 fore
700 1499 843 1536 ultores.
900 1499 948 1535 Se
967 1504 1097 1543 tamen,
1117 1504 1257 1536 utcum-

137 1579 204 1617 que
225 1568 285 1609 sit,
306 1567 415 1601 etiam
438 1577 544 1608 nunc,
566 1566 737 1613 paenitere
753 1577 819 1601 saa
835 1570 959 1614 sponte
975 1565 1132 1614 AEquos,
1152 1578 1261 1615 quam

131 1630 215 1684 pati
234 1628 390 1669 hostilia,
418 1627 536 1663 malle.
593 1627 636 1663 Si
656 1628 840 1675 paeniteat,
868 1632 985 1664 tatum
1007 1633 1188 1677 recept-am
1212 1628 1262 1664 ad

139 1697 321 1741 expertam
339 1691 560 1726 clementiam
569 1688 658 1738 fore
672 1706 684 1726 .·
711 1692 765 1726 sin
783 1689 942 1739 perjurio
957 1692 1154 1739 gaudeant,
1175 1691 1263 1726 Diis

140 1758 256 1806 magis·
286 1757 401 1798 iratis,
433 1767 542 1803 qaam
573 1755 740 1799 hostibus,
771 1761 930 1804 gesturos
967 1757 1107 1794 bellum.
1163 1758 1262 1795 Haec

143 1822 243 1858 dicta
263 1820 357 1857 adeo
377 1818 474 1855 nihil
492 1826 693 1855 moverunt
712 1832 954 1870 quemquam,
976 1828 1018 1857 ut
1035 1821 1154 1872 legati
1172 1836 1261 1874 pro-

141 1899 190 1937 pe
221 1885 354 1922 violati
387 1884 477 1927 sint,
509 1884 770 1932 exercitusque
806 1885 844 1920 in
874 1885 1056 1934 Algidum
1086 1888 1263 1924 adversus

142 1950 342 1988 Romanos
368 1949 516 1985 missus.
574 1948 669 1988 Quae
689 1947 755 1984 ubi
773 1948 940 1986 Romam
960 1957 1049 1987 sunt
1067 1952 1263 1996 nunciata,

144 2014 351 2064 indignitas
391 2014 459 2057 rei,
498 2014 618 2062 magis
656 2026 769 2062 quam
805 2014 1028 2064 periculum,
1068 2015 1263 2053 consulem

146 2078 306 2116 alterum
333 2077 380 2115 ab
406 2077 499 2114 urbe
528 2078 690 2114 excivit:
722 2078 777 2114 ita
805 2078 881 2114 duo
910 2079 1126 2116 consulares
1157 2093 1265 2118 exer·

147 2147 242 2182 citus
280 2145 327 2182 ad
358 2146 508 2182 hostem
538 2157 728 2181 accessere
757 2145 838 2181 acie
870 2145 1084 2188 instructa,
1101 2149 1144 2180 ut
1172 2156 1265 2181 con-

148 2209 275 2245 festim
303 2209 538 2246 dimicarent.
595 2208 670 2245 Sed
698 2221 814 2258 quum
841 2207 942 2246 forte
970 2207 1073 2244 haud
1103 2207 1266 2246 multum

150 2273 224 2308 diei
244 2281 466 2324 superesset,
487 2285 583 2310 unus
604 2273 651 2310 ab
672 2273 838 2310 statione
863 2273 1032 2310 hostium
1051 2271 1239 2309 exclamat
1256 2286 1265 2308 :

147 2337 336 2373 Ostentare
353 2336 417 2374 hoc
434 2342 498 2382 est,
518 2337 688 2381 Romani,
707 2349 778 2374 non
801 2349 922 2387 gerere
939 2337 1070 2374 bellum
1083 2352 1097 2374 :
1122 2337 1162 2374 in
1184 2348 1270 2374 noc·

675 2402 738 2440 12
