1573 2598
375 151 455 183 120
816 155 862 184 Τ.
896 156 1027 185 LIVII

369 240 493 278 sulum
518 240 613 278 alter
630 240 861 290 Pan-esque:
895 243 959 279 sed
987 242 1090 293 plebi
1114 252 1308 281 creverant
1337 246 1478 292 animi,

369 312 409 343 et
436 305 550 354 longe
575 305 661 348 alia,
683 317 795 354 quam
823 307 944 356 primo
970 307 1227 352 instituerant,
1247 309 1308 346 via
1335 323 1481 359 grassa-

369 370 521 408 bantur.
563 369 778 420 Desperato
794 371 894 406 enim
914 370 1111 408 consulum
1130 379 1356 422 senatusque
1375 375 1481 410 auxi-

368 433 436 477 lio,
463 448 579 484 quum
600 435 640 470 in
662 433 726 485 jus
752 434 834 471 duci
863 435 1073 472 debitorem
1092 437 1287 480 vidissent,
1317 438 1482 486 undique

368 500 625 538 convolabant
644 513 651 534 ε
681 512 802 548 neque
821 500 1012 536 decretum
1032 501 1200 537 exaudiri
1221 501 1384 538 consulis
1404 499 1480 553 pra!

367 566 529 616 strepitu
557 571 595 601 et
624 563 786 600 clamore
814 570 987 614 poterat:
1023 577 1158 614 neque,
1189 578 1304 613 quum
1333 566 1478 602 decres-

367 637 438 673 set,
460 629 658 678 quisquam
677 626 975 677 obtemperabat.
1032 628 1081 663 Vi
1109 627 1306 676 agebatur,
1338 635 1478 665 metus-

366 708 440 744 que
469 693 590 731 omnis
623 697 661 728 et
696 691 903 742 periculum
938 691 1138 736 libertatis,
1168 705 1283 741 quum
1319 694 1358 729 in
1388 706 1478 730 con-

365 765 499 810 spectu
527 755 690 794 consulis
728 755 865 804 singuli
902 768 924 791 a
958 755 1126 805 pluribus
1156 755 1401 799 violarentur,
1439 756 1480 793 in

363 823 568 860 creditores
599 834 621 857 a
648 818 881 856 debitoribus
910 825 1111 855 verterant.
1168 819 1288 869 Super
1319 819 1400 855 haec
1429 820 1478 856 ti·

364 900 449 924 mor
467 886 620 922 incessit
643 883 774 920 Sabini
793 882 905 928 belli;
938 882 1159 932 delectuque
1178 883 1344 927 decreto,
1365 896 1477 921 nemo

363 965 505 990 nomen
527 951 642 993 dedit,
664 949 813 985 furente
831 949 972 998 Appio,
994 954 1032 984 et
1060 949 1269 985 insectante
1298 947 1475 986 ambitio·

361 1029 451 1054 nem
486 1014 642 1063 collegae
659 1029 669 1059 3
709 1013 773 1062 qui
809 1011 983 1062 populari
1018 1012 1170 1049 silentio
1205 1012 1476 1064 rempublicam

361 1080 552 1132 proderet,
573 1086 612 1114 et
633 1077 680 1114 ad
702 1077 753 1120 id,
774 1076 875 1126 quod
901 1076 947 1113 de
969 1077 1111 1113 credita
1131 1077 1293 1127 pecunia
1306 1075 1371 1128 jus
1397 1079 1484 1116 non'
1568 1065 1573 1133 Ξ

357 1144 532 1187 dixisset,
553 1140 746 1192 adjiceret,
766 1145 809 1176 ut
836 1152 885 1175 ne
909 1138 1096 1177 delectum
1121 1140 1272 1190 quidem
1293 1154 1340 1178 ex
1366 1154 1474 1179 sena·
1569 1137 1573 1182 Ι

360 1206 601 1245 tusconsulto
637 1205 821 1242 haberet:
857 1217 926 1241 non
954 1217 1023 1241 esse
1050 1210 1169 1241 tamen
1198 1206 1371 1242 desertam
1398 1219 1473 1243 om-
1569 1183 1573 1238 l

357 1274 442 1310 nino
457 1270 722 1320 rempubliccmz,
741 1280 851 1317 neque
863 1266 1060 1317 projectum
1078 1269 1258 1305 consulare
1275 1271 1462 1318 imperium
1569 1241 1573 1326 Ι

357 1338 407 1375 Se
432 1349 543 1374 unum
569 1340 604 1372 et
629 1346 701 1371 suae
727 1338 763 1369 et
788 1333 942 1371 Patrum
968 1331 1163 1379 majestatis
1186 1335 1360 1371 vindicem
1374 1333 1479 1384 sore.

1570 1093 1573 1103 l

355 1401 488 1442 Quum
523 1399 784 1436 circumstaret
819 1396 1043 1446 quotidiana
1079 1395 1282 1433 multitudo
1318 1396 1473 1436 licentia

356 1477 530 1508 accensa,
559 1463 679 1514 adripi
711 1474 827 1498 unum
859 1461 1047 1510 insignem
1080 1461 1214 1498 ducem
1241 1461 1471 1502 seditionum

350 1529 480 1582 jussit.
535 1527 620 1572 Ille,
641 1539 756 1576 quum
775 1539 797 1562 a
814 1525 1012 1562 lictoribus
1024 1523 1109 1575 jam
1133 1526 1360 1571 traheretur,
1379 1540 1469 1579 pro.

355 1594 534 1632 vocavit:
583 1605 653 1629 nec
689 1591 862 1627 cessisset
897 1591 1161 1641 provocationi
1197 1590 1344 1636 consul,
1380 1592 1469 1642 quia

354 1672 435 1698 non
463 1658 620 1695 dubium
647 1662 729 1693 erat
756 1653 887 1707 populi
908 1653 1111 1705 judicium,
1140 1655 1213 1692 nisi
1242 1668 1342 1705 aegre
1367 1657 1467 1694 victa

355 1723 565 1776 pertinacia
587 1721 701 1765 foret,
721 1719 883 1757 consilio
908 1720 1028 1769 magis
1054 1727 1093 1756 et
1110 1720 1338 1758 auctoritate
1363 1721 1466 1771 prin·

354 1787 495 1838 cipum,
515 1798 628 1836 quam
656 1783 787 1835 populi
809 1782 972 1820 clamore
990 1798 999 1820 t
1031 1784 1126 1821 adeo
1145 1790 1365 1835 supererant
1384 1786 1465 1824 ani-

352 1851 407 1890 mi
438 1851 486 1888 ad
518 1849 774 1887 sustinendam
807 1848 1000 1886 invidiam.
1056 1849 1234 1886 Crescere
1265 1849 1352 1886 inde
1385 1861 1465 1887 ma·

350 1914 431 1954 lum
448 1916 489 1953 in
508 1915 601 1958 dies,
622 1926 700 1950 non
719 1912 944 1950 clamoribus
964 1912 1079 1950 modo
1097 1914 1251 1964 apertis,
1270 1913 1350 1958 sed,
1363 1915 1465 1964 quod

347 1979 471 2017 multo
499 1978 746 2030 perniciosius
769 1982 863 2020 erat,
883 1977 1095 2014 secessione
1117 1976 1350 2027 occultisque
1371 1990 1463 2016 con·

346 2041 497 2093 loquiis.
551 2041 724 2079 Tandem
760 2040 871 2077 invisi
905 2040 1008 2091 plebi
1035 2041 1208 2078 consules
1238 2041 1462 2091 magistratu

346 2104 503 2150 abeunt,
525 2104 702 2143 Servilius
722 2103 880 2147 neutris,
900 2104 1047 2156 Appius
1066 2104 1244 2143 Patribus
1263 2106 1356 2143 mire
1374 2118 1460 2156 gra—

341 2175 420 2208 tus.

132 2227 175 2258 U·
193 2228 231 2261 C·
247 2233 321 2262 2⁶0·
400 2232 598 2272 XXVIII.
626 2233 674 2270 A.
694 2231 887 2281 Virginius
917 2232 1003 2269 inde
1032 2239 1070 2270 et
1093 2232 1140 2271 T.
1160 2232 1338 2270 Vetusius
1366 2245 1459 2272 con-

131 2274 171 2305 A.
187 2273 225 2305 C.
241 2281 316 2307 492.
345 2297 511 2336 sulatum
538 2299 683 2336 ineunt.
738 2296 839 2335 Tum
867 2309 956 2334 vero
984 2296 1127 2349 plebeS,
1158 2298 1302 2337 incerta
1329 2298 1456 2349 quales
