1573 2598
445 140 603 169 mni-:R
627 138 698 167 ιν.
730 137 837 167 εΑΡ.
859 138 955 168 xn.
1172 136 1251 183 275

139 237 216 267 tem
244 226 528 266 memorabilem
554 237 696 262 annum
715 224 816 275 apud
834 223 1016 262 finitimos
1037 226 1161 262 socios
1181 228 1251 264 ho·-

137 301 288 343 stesque
307 306 401 336 esse,
422 292 524 341 quod
541 289 769 327 Ardeatibus
794 290 834 325 in
863 302 903 325 re
928 291 1114 340 praecipiti
1142 297 1252 329 tanta

137 357 238 396 foret
273 371 362 394 cura
395 355 638 402 subventum)
675 367 719 391 eo
757 354 966 404 inpensius,
1004 361 1047 391 ut
1082 354 1253 392 delerent

139 436 292 473 prorsus
313 436 359 459 ex
380 422 514 459 animis
534 420 732 456 hominum
751 419 947 456 infamiam
966 418 1118 470 judieii,
1142 432 1251 457 sena-

139 486 418 523 tusconsultum
453 485 651 530 fecerunt3
702 490 758 526 ut,
797 483 976 532 quoniam
1013 484 1144 520 civitas
1176 484 1454 521 Ar-Ardeatibus

138 551 304 589 deatium
324 551 505 587 intestino
524 549 691 585 tumultu
714 548 866 584 redacta
891 548 938 584 ad
966 560 1107 598 paucos
1137 554 1249 592 esset,
1263 533 1469 615 ῗὲξῖἑῖῗῇζ-

137 615 265 652 coloni
293 628 338 652 eo
368 614 531 665 praesidii
561 626 693 650 caussa
722 612 898 649 adversus
919 612 1079 648 Volscos
1110 612 1250 649 scribe-
1264 618 1346 649 dicio
1363 620 1444 649 infa-

136 685 278 716 rentur.
336 678 424 715 Hoc
450 677 575 728 palam
601 676 763 712 relatum
781 677 822 712 in
847 675 1011 719 tabulas,
1032 683 1074 712 ut
1102 675 1251 726 plebem
1262 662 1470 745 ἓξὲἐὲἑεὲῑῃ.

133 743 383 792 tribunosque
418 742 567 779 falleret
597 740 736 791 judicii
772 740 1012 777 rescindendi
1050 741 1252 777 consilium

136 808 284 844 initum.
353 809 636 843 Consenserant
674 812 814 848 autem,
853 811 909 847 ut,
949 803 1069 840 multo
1109 803 1256 855 majore

137 880 244 923 parte
280 872 513 908 Rutulorum
550 870 792 912 colonorum,
832 882 946 918 quam
973 868 1254 912 Romanorum,

137 937 290 986 scripta,
311 949 381 972 uec
401 948 490 984 ager
509 934 607 970 ullus
628 934 871 974 divideretur,
893 933 966 967 nisi
986 932 1031 974 is,
1053 932 1116 980 qui
1136 932 1256 968 inter-

139 1007 269 1050 ceptus
293 999 440 1051 judicio
469 999 602 1035 infami
627 1004 707 1034 erat
722 1013 731 1042 3
764 1009 833 1032 nec
859 995 926 1031 ulli
953 996 1056 1046 prius
1076 995 1255 1032 Romano

141 1064 206 1107 ibi,
228 1077 340 1113 quam
366 1063 541 1100 omnibus
561 1062 716 1098 Rutulis
745 1061 884 1097 divisus
906 1068 1018 1103 esset,
1040 1059 1152 1108 gleba
1178 1060 1256 1097 ulla

138 1129 219 1176 agri
239 1129 512 1177 adsignaretur.
551 1128 613 1163 Sic
633 1138 722 1175 ager
741 1125 788 1161 ad
807 1124 991 1160 Ardeates
1013 1125 1137 1161 rediit.
1165 1124 1253 1161 Tri-

140 1193 274 1228 umviri
300 1193 346 1228 ad
369 1192 560 1228 coloniam
581 1191 746 1226 Ardeam
775 1189 1032 1225 deducendam
1062 1190 1179 1226 creati
1199 1191 1254 1226 A·

138 1257 272 1306 grippa
298 1255 516 1298 Menenius,
546 1254 592 1291 T.
613 1253 771 1289 Cloelius
800 1252 963 1295 Siculus,
991 1252 1048 1289 M.
1071 1252 1254 1290 AEbutius

139 1320 261 1356 Elva:
293 1320 371 1368 qui,
398 1332 465 1369 per
493 1318 650 1354 minime
679 1316 863 1368 populare
883 1317 1135 1353 ministerium
1162 1329 1255 1367 agro

140 1383 373 1431 adsignando
410 1383 537 1425 sociis,
568 1394 680 1430 quem
717 1380 880 1431 populus
910 1379 1110 1416 Romanus
1146 1393 1256 1418 suum

132 1447 356 1497 judicasset,
387 1459 502 1496 quum
540 1446 690 1497 plebem
723 1445 1000 1489 obfendissent,
1028 1458 1076 1482 ne
1112 1447 1254 1496 primo-

139 1512 242 1548 ribus
287 1511 440 1560 quidem
478 1511 637 1548 Patrum
680 1511 771 1546 satis
813 1510 973 1560 accepti,
1012 1511 1114 1559 quod
1158 1511 1258 1558 nihil

140 1576 272 1625 gratiae
301 1575 523 1626 cujusquam
552 1575 731 1611 dederant
746 1591 756 1620 3
789 1575 1026 1617 vexationes,
1057 1575 1104 1611 ad
1130 1587 1253 1626 popu-

141 1639 217 1676 lum
239 1639 323 1690 jam
343 1641 403 1676 die
429 1640 532 1677 dicta
553 1639 601 1676 ab
631 1639 808 1681 tribunis,
830 1637 959 1675 coloni
987 1639 1167 1689 adscripti
1194 1652 1255 1676 re-

140 1703 328 1739 manendo
348 1704 386 1738 in
407 1703 571 1746 colonia,
591 1715 705 1751 quam
723 1708 860 1738 testem
887 1702 1117 1750 integritatis
1136 1701 1257 1752 justi-

141 1770 277 1817 tiaeque
296 1769 503 1812 habebant,
522 1769 701 1804 vitavere.

195 1832 291 1869 XII.
320 1833 402 1869 Pax
421 1833 524 1870 domi
542 1832 711 1880 forisque
729 1830 804 1867 fuit
823 1837 861 1866 et
879 1830 954 1865 hoc
974 1835 1012 1865 et
1030 1831 1253 1880 insequente
1266 1843 1309 1874 U,
1326 1843 1362 1874 c,
1381 1851 1455 1875 314,

141 1909 256 1939 anno,
279 1897 321 1934 C.
342 1896 458 1933 Furio
478 1896 609 1933 Pacilo
638 1902 677 1932 et
693 1895 750 1931 M.
771 1894 927 1944 Papirio
948 1894 1086 1931 Crasso
1115 1908 1253 1931 consu-
1267 1888 1306 1919 Α·
1322 1887 1358 1918 C·
1376 1893 1450 1920 43⁸·

138 1960 249 1999 libus.
306 1961 420 2005 Ludi,
441 1961 488 1998 ab
515 1960 734 1997 decemviris
757 1971 824 2009 per
851 1960 1103 1995 secessionem
1131 1959 1252 2010 plebis

140 2038 163 2062 a
190 2025 367 2062 Patribus
397 2038 444 2062 ex
472 2023 808 2062 senatusconsulto
828 2024 922 2066 voti,
955 2036 1000 2058 eo
1031 2035 1132 2060 anno
1160 2024 1254 2061 facti

139 2097 238 2126 sunt.
309 2090 454 2126 Caussa
492 2089 722 2125 seditionum
755 2087 1010 2136 nequidquam
1040 2100 1062 2123 a
1090 2087 1254 2124 Poetelio

141 2154 300 2201 quaesita
316 2169 323 2190 :
356 2154 435 2202 qui,
451 2153 627 2189 tribunus
646 2151 767 2202 plebis
788 2152 926 2188 iterum
945 2164 990 2188 ea
1008 2152 1091 2201 ipsa
1109 2151 1255 2188 denun-

143 2215 278 2253 cianilo
306 2217 445 2261 factus,
473 2229 612 2266 neque,
641 2223 685 2252 ut
713 2217 756 2254 de
785 2216 885 2265 agris
916 2215 1124 2253 dividendis
1153 2215 1257 2266 plebi

95 2328 99 2332 .
140 2279 326 2317 referrent
354 2280 527 2321 consules
557 2280 605 2317 ad
634 2286 822 2324 senatum,
852 2279 1071 2330 pervincere
1099 2279 1252 2330 potuit:

94 2341 102 2350 ²
658 2343 700 2380 N
721 2344 743 2380 6
