1573 2598
257 401 617 451 EPITOME
662 403 887 451 LIBRI
929 403 1074 452 VIII.

108 714 349 795 LATINI
369 727 448 751 cum
468 714 662 763 Campanis
681 714 903 764 defecerunt,
923 721 971 759 et,
991 718 1105 753 missis
1125 718 1222 765 lega·

204 782 249 816 tis
263 781 312 816 ad
329 783 506 821 senatum,
523 780 764 815 conditionem
784 780 958 822 tulerunt,
975 785 1029 823 nt,
1049 783 1079 816 si
1092 793 1223 829 pacem

107 844 237 882 habere
261 845 406 886 vellent,
434 844 590 878 alterum
615 854 657 878 ex
676 843 822 879 Latinis
842 844 1020 880 consulem
1037 844 1220 893 facerent.

112 909 194 950 Qua
213 909 388 956 legatione
404 907 563 955 perlata,
587 911 725 954 praetor
749 918 872 942 eoram
891 909 1030 944 Annius
1049 909 1092 944 de
1114 909 1221 957 Capi-

107 973 194 1009 tolio
223 974 275 1009 ita
301 973 491 1021 prolapsus
515 976 580 1015 est,
608 975 649 1006 ut
667 972 945 1008 exanimaretur.
999 973 1039 1009 T.
1060 973 1223 1011 Manlius

107 1038 228 1073 consul
242 1038 381 1087 filium,
409 1037 503 1084 quod
530 1041 655 1073 contra
681 1037 836 1073 edictum
861 1037 1028 1073 adversus
1054 1037 1218 1082 Latinos,

106 1103 269 1151 quamvis
292 1113 475 1150 prospere,
502 1106 708 1149 pugnasset,
728 1103 843 1137 securi
868 1103 1051 1150 percussit.
1100 1103 1218 1139 Labo-

103 1167 265 1203 rantibus
283 1168 320 1203 in
335 1168 412 1203 acie
431 1166 619 1209 Romanis,
642 1167 687 1202 P.
708 1167 857 1209 Decius,
891 1171 976 1202 tunc
994 1168 1115 1203 consul
1141 1179 1220 1204 cum

103 1230 261 1274 Manlio,
297 1232 436 1267 devovit
463 1243 500 1267 se
527 1243 597 1279 pro
630 1232 809 1267 exercitu:
839 1235 887 1273 et,
922 1233 1100 1268 concitato
1129 1244 1218 1281 equo

104 1307 214 1343 quum
243 1297 280 1331 in
307 1296 440 1331 medios
469 1295 583 1331 hostes
607 1307 644 1331 se
668 1295 856 1337 intulisset,
878 1295 1086 1344 interfectus
1105 1301 1218 1334 morte

99 1371 169 1395 sua
198 1359 373 1396 Romanis
400 1362 589 1396 victoriam
617 1361 785 1396 restituit.
842 1360 969 1396 Latini
997 1362 1034 1396 in
1061 1362 1216 1398 deditio-

102 1436 184 1460 nem
211 1429 390 1460 venerunt.
454 1426 494 1460 T.
514 1425 657 1460 Manlio
686 1426 722 1460 in
747 1425 868 1460 urbem
891 1437 1029 1461 reverso
1055 1438 1156 1462 nemo
1176 1438 1217 1462 er

92 1486 284 1533 Juventute
315 1487 454 1524 obviam
485 1489 668 1536 processit.
731 1489 898 1524 Minucia
928 1490 1029 1536 virgo
1064 1489 1231 1526 Vestalis*

99 1553 223 1588 incesti
251 1553 425 1589 damnata
453 1557 515 1589 est.
562 1553 762 1589 Ausonibus
779 1554 896 1596 victis,
919 1555 954 1589 in
978 1555 1154 1602 oppidum
1173 1567 1214 1591 ex

100 1617 146 1652 iis
173 1622 316 1666 captum
347 1617 451 1653 Cales
475 1617 616 1653 colonia
642 1619 796 1653 deducta
815 1622 876 1654 est.
934 1618 1025 1654 Item
1041 1619 1215 1667 Fregellae

100 1682 241 1717 colonia
259 1683 419 1718 decluctae
436 1687 531 1718 sunt.
593 1682 802 1731 Veneficium
822 1683 1059 1730 complurium
1079 1689 1213 1720 matro-

102 1757 231 1780 narum
251 1745 505 1793 deprehensum
524 1750 603 1781 est:
632 1758 783 1794 quarum
801 1741 970 1794 plurimae
983 1749 1110 1783 statim
1129 1760 1213 1797 epo—

99 1810 145 1844 tis
176 1809 466 1845 medicaminibus
499 1812 694 1857 perierunt.
751 1809 828 1846 Lex
857 1811 901 1846 de
931 1812 1095 1860 veneficio
1130 1817 1214 1850 tunc

95 1874 256 1920 primum
275 1875 467 1908 constituta
491 1877 553 1909 est.
611 1873 894 1916 Privernatibus,
916 1887 1024 1922 quum
1044 1875 1211 1912 rebellas-

90 1942 188 1980 sent,
207 1939 311 1973 victis
329 1939 454 1973 civitas
473 1939 561 1973 data
579 1942 642 1974 est.
691 1939 960 1986 Paloepolitani,
982 1939 1072 1975 bello
1097 1945 1133 1976 et
1152 1941 1211 1977 ob-

94 2002 232 2037 sidione
248 2002 347 2044 victi,
367 2003 404 2037 in
422 2002 637 2037 deditionem
657 2006 837 2037 venerunt.
886 2003 931 2039 P.
954 2003 1126 2047 Publilio,
1148 2005 1210 2053 qui

97 2076 154 2101 eos
172 2066 365 2108 obsederat,
382 2068 503 2114 primo
519 2072 554 2102 et
569 2068 757 2114 imperium
772 2068 971 2114 prolatum,
993 2072 1027 2103 et
1040 2081 1109 2116 pro
1126 2081 1210 2105 con-

96 2131 174 2165 sule
192 2131 353 2173 decretus
371 2131 582 2178 triumphus.
625 2132 728 2167 Plebs
746 2143 836 2167 nexu.
858 2132 1008 2168 liberata
1028 2138 1079 2168 est
1094 2145 1209 2182 prop-

100 2197 154 2229 ter
173 2194 216 2229 L.
237 2195 381 2242 Papirii
399 2196 583 2231 creditoris
603 2195 794 2238 libidinem,
822 2198 883 2244 qui
908 2197 945 2232 C.
969 2197 1126 2233 Publilio
1147 2200 1207 2234 de-

97 2256 205 2292 bitori
227 2269 291 2292 suo
315 2262 478 2306 stuprum
504 2257 637 2307 inferre
654 2260 827 2295 voluerat.
886 2261 1005 2300 Quam
1024 2260 1068 2297 L.
1091 2261 1206 2310 Papi-

99 2322 171 2358 rius
190 2322 345 2358 dictator
362 2333 519 2358 reversus
535 2325 570 2359 in
585 2324 704 2359 urbem
724 2325 767 2359 ab
785 2326 939 2360 exercitu
957 2330 1043 2362 esset
1057 2331 1207 2374 propter

593 2386 628 2422 A
649 2398 671 2422 a
689 2387 712 2421 2
