1573 2598
313 162 467 192 L113ER
492 148 589 191 vrri
619 161 726 190 cAr.
750 161 930 190 xxxrx.
1098 157 1187 204 525

63 253 254 302 supplicia,
275 254 506 303 inpotensque
524 256 558 288 et
584 251 726 289 crudele
745 253 926 288 consulum
952 264 994 288 ac
1020 252 1176 288 Patrum
1189 263 1278 294 uc,
1294 268 1369 295 41³.

63 318 100 353 in
128 329 164 353 se
191 328 337 365 regnum
361 328 537 364 passuros.
594 315 704 358 Haec,
734 316 798 364 qui
827 316 866 351 in
895 316 1026 352 castris
1054 306 1278 359 erant,A·C·
1296 312 1374 339 ³3⁹·

65 380 223 417 occultis
261 380 498 417 sermonibus
535 386 687 423 serunt,
725 392 861 416 nervos
900 378 1176 430 conjurationis

59 444 206 495 'ejectos
227 450 308 481 arte
328 444 492 481 consulis
513 450 722 481 cernentes.
780 443 928 481 Cohors
954 457 1041 487 una,
1063 457 1179 494 quum

65 509 167 546 haud
195 509 328 560 procul
356 510 514 546 Anxure
544 516 657 553 esset,
688 509 735 546 ad
764 508 949 546 Lautulas
979 508 1078 545 saltu
1110 520 1179 546 an-

65 580 178 623 gusto
204 575 303 610 iuter
327 585 430 610 mare
457 586 500 610 ac
525 580 676 610 montes
705 574 889 617 consedit,
913 573 960 610 ad
985 574 1178 624 excipien-

66 637 149 681 dos,
180 650 274 687 quos
304 637 438 674 consul
466 637 549 675 aliis
579 645 692 687 atque
719 638 800 674 aliis
834 638 894 686 (ut
922 643 1012 674 ante
1037 638 1180 674 dictum

65 702 141 747 est)
163 701 304 737 caussis
324 701 513 737 mittebat.
546 701 636 738 Jam
656 701 779 737 valida
798 701 1001 737 admodum
1020 713 1178 737 numero
1191 702 1397 752 Sediosorum

67 777 199 801 manus
226 771 333 811 erat3
366 777 436 801 nec
462 766 665 815 quidquam
696 766 742 802 ad
763 765 861 816 justi
887 766 1073 802 exercitus
1101 752 1374 831 f01·-{{ffi¹⁰g¹}{²35

67 842 181 874 mam,
220 838 357 880 praeter
394 830 541 873 ducem,
575 830 731 867 deerat:
776 830 1021 880 incompositi
1053 831 1181 880 itaque

67 894 279 945 praedantes
312 895 352 930 iu
382 908 514 945 agrum
543 895 737 932 Albanum
770 896 1009 946 perveniunt,
1042 900 1080 930 et
1112 894 1182 931 sub

62 959 161 1010 jugo
194 960 303 997 Albae
336 960 460 1010 longae
494 968 618 998 castra
647 961 747 998 vallo
777 962 948 1011 cingunt.
1005 960 1184 998 Perfecto

66 1025 158 1061 inde
187 1037 315 1076 opere,
347 1025 531 1075 reliquum
562 1026 636 1062 diei
666 1026 711 1062 de
741 1026 970 1076 imperatore
999 1025 1183 1062 sumendo

69 1090 267 1126 sententiis
297 1090 506 1133 decertant,
537 1089 632 1126 nulli
661 1103 708 1126 ex
739 1090 988 1141 praesentibus
1019 1090 1108 1126 satis
1138 1089 1183 1126 fi·

68 1154 216 1190 dentes.
275 1155 384 1196 Quem
416 1160 535 1192 autem
564 1155 607 1191 ab
637 1154 754 1191 Roma
780 1166 881 1203 posse
909 1156 1052 1191 exciri?
1083 1167 1186 1203 quem

69 1219 224 1255 Patrum
245 1225 309 1255 aut
331 1221 443 1268 plebis
462 1232 543 1264 esse,
565 1222 623 1268 qui
643 1225 707 1256 (lut
725 1232 761 1256 se
781 1225 881 1256 tanto
896 1220 1057 1268 periculo
1076 1221 1185 1256 sciens

70 1283 222 1332 obserat,
244 1290 308 1320 aut
327 1287 383 1321 cni
414 1298 454 1321 ez:
481 1284 612 1331 injuria
640 1286 847 1321 insanientis
872 1286 1042 1321 etei-citus
1061 1296 1186 1320 caussa

71 1352 165 1383 recte
192 1350 438 1385 committatur
454 1350 474 1384 Γ)
502 1349 662 1384 Postero
692 1349 765 1392 die,
789 1361 904 1397 quum
931 1348 1061 1384 eadem
1091 1346 1184 1384 deli-

74 1410 222 1447 beratio
242 1418 400 1454 teneret,
423 1425 469 1448 ex
490 1411 763 1463 praedatoribus
784 1412 887 1460 vagis
908 1411 1060 1460 quidam
1080 1423 1185 1447 com-

74 1483 223 1524 portum
261 1475 499 1519 adtulerunt,
543 1475 589 1512 T.
627 1476 851 1515 Quinctium
888 1475 927 1510 in
965 1473 1185 1511 Tusculano
1220 1503 1226 1509 „

72 1551 205 1588 agrum
227 1539 365 1583 colere,
390 1539 492 1576 urbis
519 1540 784 1588 honorumque
803 1540 1068 1576 inmemorem.‘
1110 1538 1185 1575 Pa-

73 1603 191 1638 triciae
212 1603 274 1639 hic
293 1604 349 1638 xil·
369 1605 493 1652 gentis
515 1610 595 1639 erat
612 1618 618 1638 :
652 1604 711 1639 cui
732 1616 847 1652 quum
867 1603 1025 1645 militiae,
1047 1615 1187 1651 magna

75 1678 159 1700 cum
180 1665 299 1714 gloria
320 1673 428 1709 actze,
450 1667 562 1702 finem
581 1679 645 1716 pes
667 1666 762 1702 alter
788 1679 835 1702 ex
857 1665 1010 1701 vulnere
1031 1665 1184 1702 claudus

75 1731 240 1772 fecisset,
261 1731 338 1766 ruri
365 1743 475 1780 agere
498 1732 614 1767 vitam
640 1731 773 1781 procul
800 1731 1007 1767 ambitione
1030 1743 1074 1767 ac
1099 1731 1185 1767 foro

70 1795 286 1832 constituit.
343 1795 511 1831 Nomine
532 1796 674 1839 audito,
697 1795 888 1847 extemplo
915 1809 1104 1844 agnovere
1130 1796 1184 1832 vi-
1199 1802 1332 1843 Eligunt

74 1871 181 1895 rum:
215 1865 266 1902 et,
289 1859 390 1907 quod
409 1859 505 1895 bene
524 1865 699 1903 verteret,
721 1859 837 1895 ade-iri
855 1859 1065 1909 jusserunt.
1113 1860 1186 1896 Sed
1198 1847 1372 1920 &aff-T·

66 1936 207 1974 -parum
245 1924 323 1973 spei
362 1930 455 1966 erat,
494 1923 689 1960 voluntate
725 1923 929 1973 quidquam
965 1923 1293 1964 facturumztium.

75 1987 150 2022 vim
189 1986 359 2023 adhiberi
388 1999 432 2023 ac
466 1993 607 2022 metum
644 1986 798 2037 placuit.
866 1986 999 2036 Itaque
1034 1987 1186 2024 silentio

75 2051 199 2087 noctis
219 2063 334 2099 quum
354 2056 496 2086 tectum
515 2050 626 2093 villae,
647 2051 711 2099 qui
735 2051 781 2086 ad
800 2050 838 2087 id
857 2051 961 2086 missi
982 2056 1103 2094 erant,
1126 2051 1185 2087 in-

78 2121 241 2160 trassent
257 2130 267 2160 3
300 2127 435 2151 somno
454 2127 607 2163 gravem
626 2115 851 2155 Quinctium
871 2113 1117 2165 obpressum,
1126 2116 1186 2151 ni-

78 2176 132 2214 hil
151 2177 328 2221 medium,
357 2184 422 2214 aut
446 2179 646 2228 imperium
667 2185 780 2228 atque
800 2179 999 2222 honorem,
1021 2185 1100 2222 aut,
1122 2179 1188 2216 ubi

78 2241 282 2284 restitaret,
313 2248 488 2286 mortem,
518 2243 558 2278 ni
587 2249 820 2292 sequeretur,
842 2242 1127 2286 denunciantes,
1148 2243 1187 2280 in

72 2312 203 2343 castra
220 2312 497 2358 pertraxerunt.
542 2307 756 2359 Imperator
774 2307 965 2361 extemplo
985 2307 1185 2346 adveniens
