1573 2598
279 175 350 233 38
742 188 800 218 ‹r-
823 187 956 219 mvn

62 278 269 312 -Cemminis
286 276 519 330 procedunt.
576 275 840 314 consederant
868 277 1061 327 utrimque
1092 287 1164 328 pro
1184 278 1317 315 castris
1342 279 1419 317 duo

63 322 255 364 descriptio.

294 343 496 385 exercitus,
522 339 681 392 periculi
704 342 826 390 magis
851 342 1064 392 praesentis,
1084 355 1199 392 quam
1218 355 1330 387 curae,
1349 356 1417 382 ex-

288 413 416 458 pertes
438 420 446 442 :
478 405 619 456 quippe
645 404 847 455 imperium
875 405 1080 454 agebatur,
1099 407 1140 443 in
1169 413 1249 443 tam
1263 420 1417 459 pauco-

278 483 376 509 2rum
410 470 551 506 virtute
587 475 701 518 atque
733 468 891 506 fortuna
926 471 1096 524 positum
1113 485 1121 494 ·
1160 472 1290 521 itaque
1326 484 1418 522 ergo

275 535 410 572 ·erecti
438 534 686 584 suspensique
712 533 753 570 in
791 534 946 570 minime
980 542 1132 584 gratum
1160 534 1419 586 spectaculum

292 599 422 636 animo
443 598 706 635 intenduntur.
761 597 889 635 Datur
908 600 1082 648 signum:
1114 600 1338 650 infestisque
1357 612 1418 637 ar-

278 664 379 706 >mis,
392 662 496 699 velut
510 663 624 705 acies,
639 662 738 699 terni
745 662 922 713 juvenes,
941 677 1169 713 magnorum
1183 666 1419 702 exercituum

276 728 441 764 »animos
465 733 653 776 gerenteS,
683 734 939 765 concurrunt:
970 741 1042 765 nec
1069 730 1144 773 his,
1167 741 1238 765 nec
1256 728 1330 764 illis
1352 740 1419 778 pe·

292 790 454 828 ticulum
490 804 599 827 suum
620 807 630 836 5
676 791 875 841 publicum
914 793 1114 842 imperium
1149 792 1418 841 servitiumque

293 856 517 893 obversatur
539 857 681 899 animo,
701 856 905 906 futuraque
925 870 974 894 ea*
988 858 1124 894 deinde
1142 858 1275 909 patriae
1293 857 1416 894 fortu-

293 932 358 964 na,
379 932 492 969 quam
516 920 587 969 ipsi
606 919 798 956 fecissent.
857 921 914 958 Ut
939 923 1063 971 primo
1082 922 1211 958 statim
1231 933 1417 958 concursu

294 983 515 1033 increpuere
532 996 651 1026 arma,
671 984 933 1033 micantesque
958 984 1099 1021 fulsere
1125 984 1256 1033 gladii,
1284 985 1421 1021 horror

293 1046 427 1095 ingens
458 1053 672 1096 spectantes
701 1047 950 1096 perstringit:
986 1053 1038 1090 et,
1067 1053 1205 1083 neutro
1235 1047 1418 1084 inclinata

293 1123 373 1161 spe,
393 1110 572 1161 torpebat
592 1123 663 1146 vox
684 1111 924 1161 spiritusque.
967 1111 1162 1148 consertis
1182 1111 1318 1148 deinde
1336 1124 1416 1148 ma-

278 1175 419 1218 nibus,
443 1188 560 1224 quum
572 1173 654 1225 jam
673 1187 750 1211 non
772 1181 898 1212 motus
921 1181 1073 1213 tantum
1096 1188 1313 1227 corporum,
1333 1175 1414 1224 agi-

293 1239 465 1288 tatioque
494 1251 632 1287 anceps
661 1237 825 1274 telorum
856 1251 1137 1288 armorumque,
1167 1239 1232 1276 sed
1259 1238 1416 1277 vulnera

294 1315 444 1352 quoque
470 1308 507 1338 et
534 1303 686 1351 sanguis
714 1302 932 1352 spectaculo
953 1310 1104 1349 essent;
1137 1303 1212 1340 duo
1230 1303 1412 1348 Romani,

295 1379 407 1417 super
431 1366 546 1403 alium
579 1366 688 1409 alius,
712 1365 917 1404 vulneratis
945 1367 1067 1404 tribus
1087 1367 1261 1412 Albanis,
1288 1368 1413 1418 exspi-

294 1437 420 1468 rantes
451 1437 704 1468 conruerunt:
745 1432 791 1468 ad
829 1444 990 1481 quorum
1018 1445 1147 1469 casum
1175 1445 1290 1482 quum
1319 1445 1413 1470 con-

293 1495 494 1532 clamasset
527 1495 666 1544 gaudio
694 1494 866 1531 Albanus
897 1497 1097 1540 exercitus,
1130 1495 1327 1533 Romanas
1357 1496 1410 1534 le-

294 1560 427 1608 giones
449 1558 532 1609 jam
559 1571 643 1609 spes
665 1564 763 1602 tota,
788 1559 959 1596 nondum
985 1565 1115 1596 tamen
1135 1573 1238 1603 cura,
1259 1560 1413 1597 deseru-

293 1630 388 1666 erat,
418 1624 609 1660 exanimes
637 1624 719 1660 vice
748 1624 873 1667 unius,
903 1637 1014 1673 quem
1041 1630 1118 1660 tres
1149 1625 1308 1661 Curiatii
1338 1626 1410 1662 cir-

292 1693 576 1724 cumsteterant.
605 1687 720 1723 Forte
736 1688 766 1723 is
783 1688 932 1736 integer
944 1688 1030 1732 fuit,
1047 1695 1090 1725 ut
1108 1689 1291 1724 universis
1306 1688 1409 1728 solus

291 1764 528 1801 nequaquam
552 1763 634 1801 par,
655 1751 708 1787 sic
727 1751 902 1788 adversus
923 1751 1092 1801 singulos
1112 1752 1232 1788 ferox.
1287 1752 1417 1801 Ergo,

291 1823 333 1853 ut
361 1821 579 1865 segregaret
608 1828 776 1866 pugnam
808 1828 953 1860 eorum,
987 1817 1149 1866 capessit
1177 1816 1321 1865 fugam,
1355 1817 1410 1853 ita

276 1887 394 1919 ‘ratus
424 1887 632 1923 secuturos,
655 1886 697 1916 ut
724 1893 910 1930 quemque
927 1881 1082 1917 vulnere
1105 1881 1294 1918 adfectum
1323 1893 1408 1917 cor-

290 1960 360 1999 pus
381 1948 533 1984 sineret.
589 1947 677 1983 Jam
704 1947 939 1996 aliquantum
959 1949 1071 1998 spatii
1091 1960 1136 1984 ex
1156 1960 1202 1984 eo
1221 1947 1321 1991 loco,
1342 1947 1409 1985 ubi

288 2017 500 2063 pugnatum
521 2018 590 2055 est,
611 2011 824 2061 aufugerat,
846 2025 962 2062 quum
983 2006 1185 2063 respiciens
1206 2012 1307 2048 videt
1325 2025 1406 2050 ma—

288 2077 374 2125 gnis
410 2075 617 2113 intervallis
647 2083 868 2126 sequentes:
909 2089 1025 2113 unum
1062 2077 1162 2113 haud
1197 2076 1327 2126 procul
1357 2076 1406 2114 ab

287 2152 369 2176 sese
389 2139 532 2176 abesse.
578 2139 625 2176 In
645 2152 730 2176 eum
750 2152 891 2189 magno
910 2141 1042 2190 inpetu
1059 2140 1180 2177 rediit.
1227 2140 1293 2183 Et,
1315 2141 1404 2177 dum

272 2204 458 2241 ¹'Albanus
471 2204 656 2240 exercitus
671 2203 850 2241 inclamat
867 2205 1060 2248 Curiatiis,
1081 2205 1136 2240 uti
1155 2217 1267 2254 opem
1278 2204 1402 2242 ferant

284 2267 408 2311 fratri,
432 2267 515 2317 jam
545 2267 746 2312 Horatius,
778 2280 876 2305 caeso
902 2269 1012 2305 hoste
1032 2269 1166 2312 victor,
1197 2268 1406 2306 secundam·

284 2344 453 2382 pugnam
468 2332 657 2383 petebat:
689 2339 772 2371 tum
789 2332 967 2378 clamore,
989 2332 1107 2383 qualis
1135 2347 1181 2371 ex
1207 2334 1400 2383 insperato
