1573 2598
429 211 582 240 mann
605 210 688 240 111.
721 209 829 241 cAP.
853 210 987 240 xxu.
1157 205 1261 254 ³197

145 300 242 336 tium
271 303 309 336 et
335 297 381 335 L.
407 297 605 335 Cornelius
632 296 923 347 Maluginensis.
981 298 1126 335 census
1155 303 1317 335 actus-U.
1334 301 1370 332 C.
1389 308 1462 335 295.

148 375 195 399 eo
214 375 315 399 anno
326 378 337 408 ;
362 362 542 404 lustrum,
556 367 712 411 propter
732 361 964 412 Capitolium
983 367 1150 412 captum,
1171 374 1263 399 eon·
1274 347 1316 378 A*
1330 345 1368 377 Ο·
1384 349 1460 379 ⁴⁵⁷⁶

148 427 266 463 sulem
295 427 475 470 occisum,
506 425 618 462 condi
654 424 875 474 religiosum
906 425 991 463 fuit.
1047 426 1096 466 Q.
1126 425 1263 470 Fabio,

146 491 194 529 L.
221 490 401 528 Cornelio
430 489 662 533 consulibus,
696 491 885 541 principio
919 490 1010 526 anni
1042 490 1170 527 statim
1206 502 1264 526 res

147 555 387 593 turbulentae.
444 554 688 603 Instigabant
723 553 874 604 plebem
909 554 1083 591 tribuni:
1124 553 1267 590 bellum

149 621 282 669 ingens
315 633 338 656 a
369 619 517 655 Volscis
551 625 590 654 et
621 618 759 668 AEquis
792 618 925 655 Latini
960 625 1074 668 atque
1105 617 1267 656 Hernici

148 683 409 719 nunciabant:
436 681 519 732 jam
547 682 656 718 Antii
684 681 911 719 Volscorum
946 681 1115 731 legiones
1153 693 1264 717 esse:

147 752 186 782 et
214 747 334 796 ipsam
363 745 554 782 coloniam
580 746 714 794 ingens
742 751 867 781 metus
897 751 978 781 erat
1005 745 1265 781 defecturam:

148 821 322 859 aegreque
346 809 575 860 inpetratum
601 822 623 846 a
647 809 826 852 tribunis,
855 808 1067 845 ut'bellum
1096 807 1271 859 praeverti

149 873 327 911 sinerent.
386 873 572 910 Consules
592 873 680 909 inde
696 873 831 924 partiti
849 873 1076 923 provincias
1132 871 1270 915 Fabio,

148 943 191 973 ut
222 937 383 973 Antium
419 937 588 986 legiones
621 937 775 974 duceret
811 936 967 973 datum:
1000 935 1195 978 Cornelio,
1230 940 1272 971 ut

149 1000 286 1039 Romae
319 1003 495 1052 praesidio
528 1009 653 1048 esset3
685 1015 733 1039 ne
761 1015 840 1052 qua
870 1014 956 1053 pars
989 1002 1172 1044 hostium,
1207 1001 1274 1050 qui

149 1065 288 1114 AEquis
317 1078 399 1102 mos
426 1073 520 1109 erat,
545 1067 592 1103 ad
619 1066 879 1117 populandum
897 1067 1055 1103 veniret.
1111 1065 1273 1103 Hernici

149 1134 189 1165 et
206 1128 338 1165 Latini
355 1128 456 1179 jussi
475 1128 613 1165 milites
633 1130 720 1166 dare
740 1142 786 1166 ex
805 1129 949 1166 foedere
968 1145 976 1166 2
1008 1129 1166 1178 duaeque
1183 1141 1271 1179 par-

148 1197 206 1228 tes
226 1193 416 1228 sociorum
444 1193 691 1235 inexercitu,
711 1194 826 1229 tertia
854 1193 992 1228 civium
1016 1192 1102 1229 fuit.
1157 1192 1271 1228 Post·
1283 1196 1413 1227 Bellum

149 1266 264 1305 quam
293 1256 341 1292 ad
369 1256 468 1292 diem
504 1256 760 1306 praestitutum
787 1264 972 1292 venerunt
1001 1257 1109 1299 socii,
1140 1249 1362 1314 COUSffissgj?
1377 1238 1455 1271 V⁰¹'

151 1325 260 1356 extra
287 1325 438 1369 portam
458 1319 652 1369 Capenam
679 1326 803 1356 castra
828 1320 956 1356 locat:
989 1320 1092 1363 inde,
1111 1319 1274 1356 lustrato

153 1384 334 1427 exercitu,
355 1384 515 1420 Antium
534 1385 742 1435 profectus,
763 1385 865 1421 haud
885 1384 1018 1436 procul
1037 1385 1177 1435 oppido
1197 1391 1275 1420 sta-

151 1448 316 1497 tivisque
337 1448 507 1485 hostium
533 1450 718 1487 consedit.
777 1450 856 1487 Ubi
878 1463 994 1499 quum
1014 1449 1159 1492 Volsci,
1187 1449 1276 1498 quia

153 1511 331 1547 nondum·
349 1511 397 1548 ab
416 1511 554 1561 AEquis
574 1514 739 1549 venisset
767 1514 968 1556 exercitus,
992 1513 1170 1549 dimicare
1195 1524 1275 1548 non

153 1575 250 1618 ausi,
275 1576 592 1624 quemadmodum
618 1578 737 1625 quieti
757 1577 856 1614 vallo
882 1589 922 1613 se
949 1583 1180 1620 tutarentur,
1206 1587 1275 1626 pa-

153 1647 282 1676 rarent
296 1656 307 1685 3
339 1647 494 1691 postero
523 1640 582 1677 die
611 1640 766 1685 Fabius,
783 1654 876 1678 .non
905 1642 1132 1691 permixtam
1160 1653 1275 1678 unam

155 1706 346 1741 sociorum
371 1706 596 1754 civiumque,
618 1706 683 1742 sed
710 1707 825 1742 trium
854 1705 1083 1756 populorum
1110 1713 1186 1741 tres
1216 1718 1276 1742 se·-

154 1768 318 1816 paratim
339 1769 437 1803 acies
458 1769 558 1804 circa
575 1768 716 1805 vallum
744 1770 914 1805 hostium
939 1768 1132 1804 instruxit.
1189 1767 1277 1818 Ipse

156 1836 239 1866 erat
256 1830 399 1866 medius
421 1843 506 1866 cum
535 1830 749 1879 legionibus
769 1831 957 1867 Romanis
977 1846 985 1867 ε
1016 1831 1104 1866 inde
1126 1827 1277 1878 signum

156 1891 356 1927 observare
376 1891 509 1942 jussit,
530 1899 572 1930 ut
599 1895 740 1943 pariter
769 1901 807 1930 et
835 1895 928 1930 socii
947 1907 1027 1930 rem
1051 1894 1277 1944 inciperent,

155 1955 414 2006 referrentque
442 1957 590 2007 pedem,
618 1958 649 1993 si
677 1959 847 2008 receptui
877 1958 1100 1994 cecinisset:
1133 1958 1279 2006 equites

156 2017 248 2053 item
270 2030 346 2054 suae
366 2019 501 2067 cuique
527 2020 626 2069 parti
651 2026 738 2069 post
767 2021 954 2070 principia
972 2019 1162 2056 conlocat.
1219 2018 1281 2054 Ita

157 2081 344 2117 trifariam
364 2082 516 2118 adortus
537 2089 662 2118 castra
687 2084 936 2120 circumvenit
955 2095 962 2116 :
995 2089 1046 2126 et,
1066 2094 1182 2132 quum
1210 2094 1280 2117 un-

159 2143 271 2193 dique
311 2146 483 2188 instaret,
520 2157 600 2181 non
644 2147 873 2182 sustinentes
911 2147 1083 2196 inpetum
1121 2144 1280 2181 Volscos

159 2207 259 2243 vallo
278 2208 466 2246 deturbat.
519 2209 797 2258 Transgressus
827 2211 915 2247 inde
939 2211 1187 2252 munitiones,
1213 2221 1281 2259 pa-

160 2271 284 2308 vidam
315 2272 465 2309 turbam
492 2273 789 2323 inclinatamque
817 2274 857 2310 in
886 2283 1033 2325 partem
1066 2284 1181 2310 unam
1217 2284 1281 2310 ca·

148 2337 250 2381 ,stris
279 2338 451 2390 expellit„
501 2337 596 2378 Inde
625 2340 740 2376 effuse
766 2340 955 2390 fugientes
980 2350 1108 2391 eques,
1129 2340 1281 2382 cuisu-

698 2404 739 2441 K
756 2405 780 2442 3
