1573 2598
298 149 382 202 486
732 163 776 191 τ.
802 163 937 192 mvn

104 261 193 292 U.C.
211 263 446 297 397.manos‚
479 250 643 288 maxime
672 265 747 301 qua
775 264 822 289 ex
853 258 961 302 parte
992 251 1186 289 Etruriam
1219 250 1412 302 adjacent,

102 304 566 366 A·C··‘³·¹'⁵·peragrave1·e:
598 315 784 365 rebusque
820 316 1075 366 nequidquam
1106 316 1290 366 repetitis,
1319 315 1414 351 novi

296 379 471 416 consules
493 379 536 416 C.
563 378 704 416 Fabius
731 386 769 416 et
789 380 832 417 C.
852 381 1024 417 Plautius
1042 379 1155 430 jussu
1180 379 1311 431 populi
1329 378 1413 415 bel-

294 443 374 480 lum
393 444 582 490 indixere3
615 443 810 493 Fabioque
837 458 880 481 ea
906 446 1115 496 provincia,
1134 444 1287 481 Plautio
1307 444 1409 481 Her-

294 508 371 544 nici
392 520 561 544 evenere.
618 507 756 553 Gallici
776 522 926 559 quoque
945 509 1036 546 belli
1054 510 1156 547 fama
1174 508 1410 546 increbesce-

292 570 373 609 bat.
430 572 505 608 Sed
523 572 622 608 inter
641 571 781 608 multos
802 578 964 610 terrores
988 573 1126 610 solatio
1145 573 1219 610 fuit
1237 570 1312 623 pax
1329 573 1412 609 La-

293 636 382 672 tinis
403 636 620 687 petentibus
640 636 741 680 data,
763 643 802 673 et
819 650 959 687 magna
977 639 1031 674 vis
1051 639 1214 676 militum
1230 637 1277 675 ab
1296 628 1342 674 iis
1362 650 1411 675 ex

289 699 435 737 foedere
467 706 632 744 vetusto,
664 701 766 750 quod
803 702 930 738 multis
968 703 1250 740 intermiserant
1281 702 1406 745 annis,

290 772 458 816 accepta.
515 766 604 805 Quo
638 766 815 817 praesidio
851 779 966 816 quum
1001 767 1099 804 fulta
1134 779 1192 805 res
1228 766 1409 803 Romana-

289 836 402 874 esset,
423 830 541 866 levius
560 830 647 874 fuit,
662 831 763 880 quod
775 831 906 868 Gallos
926 845 1018 868 mox
1035 831 1227 869 Praeneste
1245 831 1406 876 venisse,

289 901 404 944 atque
439 895 527 931 inde
564 896 664 931 circa
697 895 843 932 Pedum
872 897 1100 939 consedisse,
1138 895 1309 932 auditum
1337 900 1407 932 est.

93 965 255 1004 Sulpicius
289 957 532 995 Dictatorem
551 959 625 994 dici
644 958 687 996 C.
716 958 925 1010 Sulpicium
943 959 1109 1010 placuit:
1141 957 1276 996 consul
1301 958 1348 995 ad
1366 957 1407 995 id

91 1009 235 1041 dietam·
289 1024 433 1060 adcitus
454 1023 498 1060 C.
514 1022 687 1060 Plautius
703 1023 800 1061 dixit
814 1039 822 1060 z
846 1025 1027 1073 magister
1041 1024 1210 1074 equitum
1226 1022 1410 1060 dictatori-

287 1087 436 1125 additus
455 1087 513 1124 M.
532 1086 720 1125 Valerius.
775 1087 831 1125 Hi
845 1088 986 1126 robora
1001 1088 1178 1131 militum,
1193 1101 1240 1125 ex
1254 1086 1403 1125 duobus

287 1151 549 1189 consularibus
570 1151 797 1190 exercitibus
811 1151 945 1196 electa,
967 1153 1144 1190 adversus
1158 1151 1290 1189 Gallos
1307 1151 1403 1189 dux·

287 1223 411 1254 erunt.
467 1217 628 1255 Lentius
666 1217 704 1254 id
732 1217 928 1267 aliquanto
964 1217 1120 1261 bellum,
1154 1229 1268 1267 quam
1302 1214 1403 1267 parti

91 1298 220 1330 Beuum
287 1282 438 1332 utrique
466 1282 655 1334 placebat,
685 1283 781 1319 fuit:
819 1295 935 1332 quum
966 1283 1090 1333 primo
1120 1281 1220 1318 Galli
1252 1287 1408 1319 tantum

92 1343 270 1374 Gallicum·
288 1347 388 1383 avidi
419 1348 635 1385 certaminis
668 1347 844 1392 fuissent,
874 1347 1009 1385 deinde
1044 1347 1242 1385 Romanus
1280 1345 1402 1392 miles,

289 1411 430 1448 ruendo
452 1412 493 1448 in
513 1425 618 1449 arma
643 1425 686 1448 ac
706 1412 1004 1455 dimicationem,
1025 1410 1260 1460 aliquantum
1279 1409 1401 1446 Galli-

285 1488 369 1511 cam
383 1475 565 1513 ferociam
577 1477 745 1513 vinceret
757 1492 769 1522 3
788 1476 966 1512 dictatori
981 1476 1200 1524 neutiquam
1209 1473 1383 1526 placebat
1385 1501 1406 1520 ‚,

89 1547 260 1580 Dictatoris
286 1540 438 1589 quando
458 1539 562 1576 nulla
582 1546 736 1589 cogeret
755 1552 828 1583 res,
841 1539 1006 1576 fortunae
1025 1551 1064 1575 se
1077 1539 1314 1577 committere
1332 1538 1401 1576 ad-

85 1592 262 1631 ‘unma‘io’
287 1617 412 1641 versus
439 1605 603 1650 hostem,
630 1617 742 1655 quem
767 1610 915 1655 tempus
941 1604 1167 1640 deteriorem
1192 1603 1232 1640 in
1258 1603 1336 1639 dies
1363 1608 1402 1640 et

281 1668 388 1705 locus
410 1669 554 1706 alienus
566 1669 723 1712 faceret,
744 1669 824 1705 sine
843 1675 1056 1720 praeparato
1069 1673 1297 1711 commeatu,
1317 1668 1399 1704 sine

280 1733 389 1771 firmo
410 1734 647 1770 munimento
666 1740 879 1770 morantem
895 1748 902 1769 :
936 1733 982 1769 ad
1000 1733 1073 1769 hoc
1092 1733 1138 1768 iis
1158 1733 1294 1769 animis
1314 1745 1399 1769 cor·

280 1798 526 1848 poribusque‚
549 1811 709 1848 quorum
726 1799 848 1835 omnis
864 1798 904 1834 in
924 1798 1055 1848 inpetu
1079 1798 1134 1834 vis
1151 1803 1263 1840 esset,
1283 1809 1399 1847 parva

281 1862 413 1899 eadem
448 1863 712 1912 languesceret
747 1875 865 1900 mora.
922 1862 996 1899 His
1032 1861 1199 1898 consiliis
1233 1862 1398 1898 dictator

280 1925 423 1962 bellum
459 1926 652 1969 trahebat,
691 1939 919 1976 gravemque
955 1926 1123 1963 edixerat
1159 1937 1326 1976 poenam‚
1363 1926 1396 1962 si

86 2003 212 2041 Ingrata
281 1990 365 2039 quis
384 1989 531 2040 injussu
551 1991 589 2027 in
615 1990 765 2027 hostem
791 1996 1008 2040 pugnasset.
1063 1989 1223 2033 Milites,
1245 2001 1342 2039 aegre
1361 1989 1399 2027 id

86 2046 254 2079 mffi‘lbu&
281 2055 484 2105 patientes,
515 2055 638 2105 primo
668 2055 707 2090 in
737 2054 966 2091 stationibus
994 2053 1205 2103 vigiliisque
1230 2054 1329 2089 inter
1355 2065 1395 2090 se

280 2119 505 2155 dictatorem
542 2118 777 2155 sermonibus
817 2131 989 2169 carpere3
1030 2117 1219 2154 interdum
1261 2116 1394 2154 Patres

279 2184 531 2220 communiter
551 2184 758 2234 increpare,
780 2183 881 2232 quod
900 2195 978 2219 non
991 2181 1196 2233 jussissent
1215 2194 1281 2232 per
1300 2194 1393 2218 con-

279 2246 376 2284 sules
394 2249 472 2296 geri
488 2247 640 2285 bellum.
688 2249 851 2284 Electum
867 2260 936 2284 esse
947 2249 1111 2284 eximium
1130 2248 1392 2295 imperatorem,

279 2312 421 2348 unicum
447 2313 583 2357 ducem,
604 2313 665 2362 qui
690 2312 781 2350 nillil
808 2313 926 2362 agenti
951 2311 1015 2348 sibi
1041 2312 1085 2348 de
1105 2311 1191 2348 coelo
1209 2310 1407 2354 devolatus
