1573 2598
311 119 394 175 498
759 132 963 165 ’luzum

95 224 141 262 U.
155 228 193 260 C.
206 234 281 259 402.
313 234 429 273 quum
448 221 538 259 anni
552 221 673 259 muris*
687 224 928 275 turribusque
941 225 1147 264 reficiendis
1167 233 1421 271 consumtum

98 272 142 302 A·
155 272 191 303 C·
207 277 282 304 ³⁵⁰*
316 295 354 327 et
373 289 469 326 aedes
489 288 678 339 Apollinis
698 290 871 328 dedicata
890 298 960 329 est.

93 351 273 385 Discordiae
369 353 486 391 XXI.
505 354 689 391 Extremo
708 367 810 392 anno
831 357 985 393 comitia
1002 356 1215 393 consularia
1234 362 1424 393 certamen

95 394 136 469 (ἐξ
147 397 305 479 3:223&-
314 418 472 456 Patrum
491 431 535 455 ac
554 418 674 469 plebis
689 419 852 464 diremit,
870 419 1031 457 tribunis
1048 421 1274 470 negantibus
1293 431 1429 470 passu-

313 495 376 521 ros
396 483 551 520 comitia
570 483 716 527 haberi,
731 485 771 520 ni
786 485 991 521 seeundum
1011 485 1199 521 Liciniam
1215 484 1338 534 legem
1357 485 1426 520 ha-

311 547 493 585 berentur
504 562 516 592 3
548 547 732 584 dictatore
751 547 946 586 obstinato
962 548 1096 585 tollere
1115 549 1242 598 potius
1261 554 1386 584 totum
1405 559 1428 584 e

312 611 507 662 republica
539 612 793 656 consulatum,
828 626 940 662 quam
969 614 1226 664 promiscuum
1250 611 1428 649 Patribus

313 690 358 714 ac
383 675 486 728 plebi
518 675 655 714 facere.
712 676 952 714 prolatandis
978 678 1095 726 igitur
1124 677 1287 714 comitiis
1314 684 1431 726 quum

315 739 479 776 dictator
498 740 722 789 magistratu
748 740 903 784 abisset,
923 730 982 778 res
1009 741 1057 777 ad
1082 742 1341 789 interregnum
1367 753 1429 777 re·-

315 803 396 841 diit.
454 803 640 840 Infestam
676 804 763 841 inde
807 804 984 841 Patribus
1032 804 1182 854 plebem
1221 805 1429 853 interreges

316 880 435 917 quum
465 868 714 918 accepissent,
736 868 783 905 ad
811 868 1050 905 undecimum
1076 869 1304 916 interregem
1333 868 1431 904 sedi-

315 930 485 969 tionibus
516 937 703 968 certatum
729 938 799 969 est.
854 931 971 981 Legis
990 931 1151 969 Liciniae
1177 931 1431 982 patrocinium

314 994 459 1032 tribuni
477 993 693 1045 jactabant.
747 995 911 1046 Propior
930 995 1040 1032 dolor
1063 994 1165 1046 plebi
1184 994 1343 1032 foenoris
1369 996 1430 1032 in-

313 1060 692 1111 gravescentis-erat:
726 1073 899 1111 curaeque
918 1060 1078 1111 privatae*
1100 1058 1430 1097 iti-certaminibus

311 1123 485 1176 publicis*
518 1123 778 1175 erumpebant.
834 1125 1009 1165 Quorum
1051 1123 1175 1160 taedio
1210 1123 1352 1160 Patres·
1378 1123 1434 1162 Lo

313 1188 534 1227 Cornelium
554 1189 772 1240 Scipionem
797 1189 1028 1238 interregem
1053 1188 1267 1226 concordiae
1295 1199 1433 1226 caussa»

312 1252 514 1291 observare
534 1253 657 1303 legem
675 1253 866 1291 Liciniam
885 1254 1049 1290 comitiis
1069 1252 1330 1290 consularibus
1343 1251 1431 1303 jus-

116 1321 163 1354 U.
172 1320 210 1353 C.
227 1327 300 1354 403.
313 1330 407 1355 sere.
461 1317 506 1355 P.
517 1317 680 1354 Valerio
698 1317 907 1355 Publicolae
927 1317 1036 1355 datus
1057 1331 1077 1355 e
1095 1316 1206 1369 plebe
1220 1315 1369 1366 collega
1383 1316 1433 1356 C.

117 1365 160 1397 Α·
173 1365 210 1397 C·
225 1372 300 1399 ³49⁴
311 1381 482 1420 Marcius
514 1381 683 1419 Rutilus.
739 1381 939 1420 Inclinatis
971 1382 1088 1420 semel
1116 1383 1156 1419 in
1186 1381 1432 1419 concordiam

313 1447 464 1490 animis,
490 1447 582 1483 novi
607 1445 795 1490 consules,
815 1446 1026 1484 foenebrem
1045 1459 1197 1497 quoque
1225 1458 1320 1490 rem,
1346 1458 1431 1496 quae

312 1511 494 1548 distinere
519 1511 719 1547 unanimos
740 1510 951 1554 videbatur,
972 1511 1096 1548 levare
1124 1510 1306 1560 adgressi,
1327 1509 1432 1547 solu·

313 1576 459 1612 tionem
491 1574 605 1611 alieni
638 1575 720 1611 aeris
750 1575 790 1611 in
819 1575 1010 1625 publicam
1043 1587 1173 1611 curam
1208 1579 1403 1611 verterunt
1415 1588 1429 1620 ς

313 1640 569 1689 quinqueviris
587 1639 737 1684 creatis,
754 1651 848 1689 quos
863 1640 1070 1677 mensarios
1087 1639 1135 1676 ab
1149 1639 1432 1689 dispensatione

314 1704 485 1754 pecuniae
500 1703 749 1754 adpellarunt.
804 1703 938 1741 Meriti
955 1704 1133 1754 aequitate
1148 1714 1313 1752 curaque
1327 1707 1432 1748 sunt,

314 1773 358 1804 ut
381 1779 449 1818 per
467 1768 637 1804 omnium
663 1766 858 1805 annalium
887 1774 1136 1804 monumenta
1164 1766 1330 1803 celebres
1360 1778 1434 1803 no·

312 1832 479 1870 minibus
499 1838 639 1870 essent.
694 1832 816 1869 Fuere
835 1838 962 1868 autem
975 1832 1019 1869 C.
1039 1831 1206 1875 Duilius,
1226 1830 1271 1869 P.
1290 1830 1434 1868 Decius

311 1898 418 1942 Mus,
447 1897 504 1934 M.
531 1897 720 1948 Papirius,
751 1897 800 1938 Q.
829 1896 1031 1940 Publilius,
1070 1902 1108 1932 et
1141 1895 1202 1932 Ti.
1222 1893 1427 1932 AEmilius:

313 1964 378 2013 qui
404 1975 496 2005 rem,
524 1962 782 1999 difficillimam
811 1969 992 2007 tractatu,
1019 1969 1057 1999 et
1086 1962 1305 2012 plerumque
1331 1961 1432 2011 parti

315 2026 480 2075 utrique,
501 2038 648 2076 semper
668 2032 769 2063 certe
789 2025 913 2070 alteri,
932 2038 1099 2074 gravem,
1120 2037 1234 2074 quum
1254 2023 1329 2060 alia
1347 2036 1437 2060 mo·—

315 2090 528 2133 deratione,
549 2096 631 2126 tum
650 2090 831 2141 inpendio
850 2091 970 2139 magis
991 2089 1158 2139 publico,
1177 2101 1289 2138 quam
1301 2087 1432 2137 jactu·

315 2169 372 2199 ra,
391 2156 676 2192 sustinuerunt:
705 2156 814 2193 tarda
833 2157 933 2193 enim
952 2156 1123 2198 uomina,
1145 2161 1184 2191 et
1201 2154 1435 2204 inpeditiora·
1544 2202 1555 2208 „

314 2220 454 2258 inertia
479 2220 706 2264 debitorum,
727 2233 840 2271 quam
861 2219 1122 2263 facultatibus,
1150 2225 1216 2256 aut
1242 2218 1431 2262 aerarium,
1547 2219 1557 2259 ⁴}

314 2285 456 2326 mensis
477 2297 562 2324 cum
583 2298 655 2324 aere
676 2286 716 2325 in
735 2285 821 2324 foro
847 2286 996 2339 positis,
1017 2283 1202 2329 dissolvit,
1222 2289 1265 2322 ut
1290 2281 1435 2337 populo
