1573 2598
106 909 151 941 U.
166 909 203 941 C.
220 917 295 942 252.

105 953 147 986 Δ.
159 953 197 986 C.
216 962 285 987 500.

322 167 402 209 108
791 180 838 210 r.
858 181 994 213 mvn

321 267 439 305 metia
465 273 504 306 et
523 266 637 312 Cora,
658 266 705 305 ad
722 268 924 306 Auruncos
944 269 1146 308 deficiunt:
1178 283 1264 311 cum
1281 274 1434 313 Aurun-

321 333 375 370 cis
394 332 535 370 bellum
557 333 717 370 initum:
747 333 908 384 fusoque
933 335 1080 385 ingenti
1103 338 1284 382 exercitu,
1308 341 1373 389 qui
1395 352 1436 377 se

321 396 622 447 ingredientibus
649 397 742 435 fines
772 399 990 436 consulibus
1022 399 1202 438 ferociter
1230 401 1435 448 obtulerat,

321 474 436 498 omne
453 462 676 499 Auruncum
697 461 839 500 bellum
864 463 1079 501 Pometiam
1102 465 1339 516 compulsum
1365 473 1435 504 est.

319 524 405 562 Nec
430 525 550 575 magis
575 532 664 576 post
684 526 875 577 proelium,
895 540 1008 577 quam
1030 529 1069 565 in
1091 529 1242 579 proelio,
1271 530 1434 568 caedibus

319 596 572 639 temperatum
601 596 683 626 est:
724 596 763 625 et
795 591 882 627 caesi
918 591 1113 641 aliquanto
1149 593 1273 643 plures
1312 602 1433 639 erant,

319 665 434 703 quam
463 654 591 703 capti3
624 659 662 690 et
693 660 824 704 captos
861 656 1002 706 passim
1037 657 1345 695 trucidaverunt:
1385 671 1435 696 ne

320 715 369 753 ab
398 715 592 754 obsidibus
622 718 787 766 quidem,
817 719 880 768 qui
913 721 1074 756 trecenti
1102 722 1248 772 accepti
1275 734 1435 759 numero

320 787 443 825 erant,
471 781 566 818 iram
597 781 687 818 belli
722 782 844 820 hostis
882 782 1078 821 abstinuit.
1133 784 1187 822 Et
1222 785 1297 823 hoc
1332 798 1435 823 anno

319 843 455 882 Romae
475 846 762 896 triumphatum.

373 909 507 947 XVII.
537 910 665 946 Secuti
693 909 882 954 consules,
913 911 1048 962 Opiter
1076 911 1272 961 Virginius
1302 920 1340 949 et
1369 914 1434 965 Sp.

321 974 488 1018 Cassius,
511 974 726 1012 Pometiam
754 976 877 1025 primo
898 977 950 1020 vi,
973 976 1109 1013 deinde
1133 977 1250 1013 vineis
1277 977 1439 1027 aliisque

321 1038 514 1090 operibuS,
544 1038 886 1089 obpugnaverunt:
918 1039 958 1076 in
986 1052 1080 1089 quos
1099 1040 1284 1085 Aurunci,
1313 1042 1434 1091 magis

311 1102 398 1155 jam
428 1103 650 1154 inexpiabili
679 1103 783 1147 odio,
813 1116 926 1154 quam
959 1116 1024 1155 spe
1060 1103 1185 1154 aliqua
1222 1111 1288 1142 aut
1319 1118 1432 1143 occa-

319 1167 442 1212 sione,
476 1167 613 1211 coorti,
648 1180 763 1217 quum
795 1167 920 1218 plures
954 1169 1048 1217 igni,
1083 1180 1196 1217 quam
1224 1168 1339 1213 ferro,
1373 1182 1433 1206 ar-

319 1232 414 1269 mati
443 1232 758 1275 excucurrissent,
779 1232 879 1269 caede
901 1232 1152 1281 incendioque
1172 1239 1308 1269 cuncta
1328 1246 1435 1271 com·

319 1299 447 1350 plent:
479 1299 597 1336 vineis
628 1299 804 1343 incensis,
824 1299 953 1336 multis
975 1299 1144 1336 hostium
1162 1299 1366 1336 vulneratis
1394 1307 1433 1336 et

319 1364 469 1407 occisis,
493 1363 690 1400 consulum
713 1376 863 1413 quoque
888 1363 1062 1406 alterum,
1086 1364 1169 1411 (sed
1192 1370 1335 1408 utrum,
1360 1377 1432 1401 no-

318 1441 406 1466 men
433 1436 606 1466 auctores
631 1441 710 1465 non
739 1427 940 1478 adjiciunt)
962 1428 1067 1478 gravi
1086 1427 1240 1465 vulnere
1262 1441 1308 1466 ex
1333 1441 1432 1478 equo

319 1491 522 1543 dejectum,
547 1506 666 1544 prope
692 1493 975 1530 interfecerunt.
1029 1492 1195 1529 Romam
1213 1493 1315 1537 inde,
1334 1493 1432 1531 male

319 1563 427 1606 gesta
444 1570 498 1601 re,
519 1558 704 1594 reditum:
735 1558 835 1594 inter
863 1556 1002 1593 multos
1029 1557 1176 1594 saucios
1206 1557 1338 1593 consul
1367 1570 1432 1608 spe

317 1622 465 1658 incerta
481 1622 568 1658 vitae
588 1621 753 1659 relictus.
809 1620 1018 1672 Interjeeto
1039 1620 1173 1657 deinde
1193 1621 1296 1657 haud
1324 1633 1430 1670 mag·

318 1697 371 1722 no
403 1685 541 1735 spatio,
570 1685 670 1734 quod
692 1684 909 1721 vulneribus
939 1684 1112 1721 curandis
1147 1683 1430 1734 supplendoque

320 1749 503 1787 exercitui
528 1750 618 1786 satis
642 1755 755 1793 esset,
776 1755 859 1786 tum
882 1750 939 1786 ira
966 1747 1110 1799 majore
1137 1747 1241 1792 belli,
1267 1755 1349 1785 tum
1376 1749 1431 1785 vi-

318 1815 422 1853 ribus
443 1816 557 1853 etiam
577 1816 711 1858 auctis,
732 1815 916 1852 Pometiae
936 1827 1040 1852 arma
1061 1813 1206 1851 inlata·-
1238 1821 1275 1850 et
1300 1826 1432 1863 quum,

319 1880 436 1916 vineis
466 1879 615 1916 refectis
645 1878 792 1929 aliaque
819 1879 920 1916 mole
945 1878 1050 1922 belli,
1063 1876 1147 1928 jam
1174 1879 1215 1914 in
1243 1890 1289 1914 eo
1318 1884 1431 1922 esset,

319 1950 361 1980 ut
389 1945 428 1980 in
456 1956 584 1981 muros
613 1944 788 1981 evaderet
814 1943 936 1987 miles,
961 1943 1102 1979 deditio
1129 1949 1186 1978 est
1209 1941 1336 1978 facta:
1369 1955 1430 1979 ce-

318 2015 441 2045 terum
477 2008 598 2044 nihilo
633 2009 756 2045 minus
793 2007 908 2051 foede,
946 2007 1073 2044 dedita
1106 2005 1214 2050 urbe,
1251 2019 1364 2056 quam
1399 2008 1432 2044 si

320 2078 432 2123 capta
458 2072 572 2117 foret,
601 2073 772 2109 Aurunci
807 2073 948 2124 passim
978 2071 1166 2122 principes
1196 2072 1317 2108 securi
1345 2083 1432 2122 per-

320 2137 432 2180 cussi,
466 2135 534 2173 sub
569 2149 710 2174 corona
733 2137 933 2173 venierunt
960 2135 1088 2172 coloni
1119 2134 1184 2171 alii
1250 2135 1431 2186 oppidum

320 2200 500 2245 dirutum,
521 2213 610 2250 ager
627 2202 758 2240 veniit.
815 2200 1014 2244 Consules,
1034 2200 1154 2250 magis
1175 2199 1224 2237 ob
1251 2200 1323 2236 iras
1342 2211 1430 2249 gra-

320 2265 416 2301 viter
449 2264 560 2309 ultas,
591 2278 704 2316 quam
732 2264 783 2304 ob
811 2264 1111 2316 magnitudinem
1138 2263 1296 2317 perfecti
1324 2262 1428 2309 belli,

320 2329 612 2383 triumpharunt.
