1573 2598
150 269 193 299 U.
209 267 245 297 C.
263 274 336 300 2⁵9.

147 313 186 343 A.
205 311 241 341 C.
259 317 332 344 493,

146 355 230 404 Victi
245 353 321 384 Vol-

144 408 201 430 sci.

136 1177 315 1210 Tumultus

138 1222 287 1253 Sabinus.

134 1957 262 1988 Bellum

131 2010 210 2030 cum
225 2002 292 2031 Au-

132 2053 253 2076 runcis.

366 166 444 209 118
832 180 877 210 Τ.
902 180 1034 211 L1v11

362 267 488 316 signo,
526 266 683 304 militem
712 267 862 304 avidum
891 269 1106 305 certaminis
1137 270 1288 308 emittit.
1345 272 1474 311 Primo

361 333 490 368 statim
512 333 663 368 incursu
689 331 786 382 pulsi
807 333 959 369 hostes:
992 333 1241 382 fugientibuS,
1265 338 1389 385 quoad
1418 339 1475 374 in-

361 400 467 448 sequi
495 397 607 449 pedes
637 400 776 449 potuit,
796 406 904 449 terga
927 413 1044 437 caesa:
1078 413 1189 450 eques
1210 414 1327 451 usque
1347 402 1394 440 ad
1413 417 1474 441 ca-

361 468 439 499 stra
468 462 623 513 pavidos
653 464 756 512 egit:
788 476 878 500 mox
902 464 984 514 ipsa
1007 470 1142 507 castra,
1166 464 1380 513 legionibus
1403 468 1475 504 cir-

360 527 560 570 cumdatis,
595 541 709 576 quum
737 527 896 564 Volscos
930 528 1017 564 inde
1053 529 1166 564 etiam
1203 542 1321 579 pavor
1357 543 1474 582 expu-

357 591 478 635 lisset,
509 598 621 642 capta
650 592 880 642 direptaque.
937 592 1098 628 Postero
1132 593 1190 628 die
1221 593 1268 629 ad
1300 594 1475 632 Suessam

359 656 586 698 Pometiam,
607 669 682 704 quo
703 655 953 704 confugerant
974 656 1118 699 hostes,
1145 656 1357 705 legionibus
1383 658 1474 694 duc-

357 721 421 764 tis,
460 721 560 756 intra
595 733 736 770 paucos
774 717 852 756 dies
889 719 1070 770 oppidum
1108 721 1279 770 capitur:
1321 729 1475 772 captum

356 785 492 836 praedae
521 785 650 820 datum
670 799 676 819 z
710 784 796 820 inde
822 784 990 834 paullum
1013 791 1200 820 recreatus
1221 798 1334 834 egens
1354 786 1473 825 miles.

357 849 503 886 Consul
529 862 612 885 cum
642 849 807 885 maxima
834 848 956 897 gloria
978 862 1046 885 sua
1064 850 1247 885 victorem
1266 852 1473 888 exercitum

353 914 520 951 Romam
545 912 691 949 reducit
709 927 715 948 ι
749 912 992 949 decedentem
1012 913 1178 949 Romam
1196 914 1473 952 Ecetranorum

353 975 581 1015 Volscorum
610 976 740 1026 legati,
768 977 878 1013 rebus
909 978 984 1013 suis
1012 978 1189 1014 timentes
1219 985 1306 1028 post
1334 978 1472 1016 Pome-

354 1043 448 1079 tiam
477 1048 641 1091 captam,
663 1040 816 1077 adeunt.
872 1040 946 1078 His
967 1053 1013 1077 ex
1033 1041 1364 1078 senatusconsulto
1383 1043 1472 1080 data

353 1119 443 1158 pax,
464 1118 554 1154 ager
573 1104 756 1141 ademtus.

407 1169 560 1207 XXVI.
592 1167 805 1204 Confestim
842 1173 880 1203 et
917 1166 1048 1205 Sabini
1084 1167 1282 1206 Romanos
1318 1170 1469 1207 territa-

352 1248 468 1272 vere:
517 1233 701 1270 tumultus
740 1232 841 1268 enim
882 1229 957 1268 fuit
991 1233 1129 1276 verius,
1168 1246 1280 1283 quam
1317 1233 1470 1271 bellum.

352 1299 480 1337 Nocte
508 1298 549 1334 in
576 1295 669 1333 urbe
697 1296 920 1332 nunciatum
949 1302 1019 1339 est,
1051 1297 1258 1334 exercitum
1287 1297 1469 1335 Sabinum

352 1364 648 1416 praedabundum
678 1363 725 1400 ad
750 1363 937 1399 Anienem
967 1375 1116 1399 amnem
1148 1364 1383 1413 pervenisse:
1416 1362 1469 1401 ibi

352 1430 492 1482 passim
521 1428 632 1479 diripi
661 1434 774 1477 atque
802 1424 954 1463 'incendi
978 1427 1098 1464 villas.
1152 1427 1294 1465 Missus
1324 1435 1469 1467 extem-

351 1495 416 1546 plo
445 1507 491 1531 eo
520 1506 606 1530 cum
631 1491 806 1529 omnibus
834 1492 952 1542 copiis
976 1493 1146 1542 equitum
1164 1493 1212 1530 A.
1232 1492 1466 1538 Postumius,

351 1560 416 1609 qui
452 1559 616 1595 dictator
650 1556 752 1594 bello
779 1556 923 1593 Latino
951 1556 1106 1594 fuerat:
1151 1564 1301 1594 secutus
1335 1555 1468 1595 consul

350 1617 529 1659 Servilius
567 1635 653 1658 cum
689 1620 834 1657 delecta
871 1620 1041 1671 peditum
1077 1633 1203 1658 manu.
1259 1621 1466 1672 Plerosque

349 1679 667 1738 palantes'eques
697 1684 967 1722 circumvenit:
1006 1697 1077 1721 nec
1111 1685 1326 1722 advenienti
1361 1685 1467 1736 pedi-

350 1758 432 1788 tum
461 1750 604 1799 agmini
632 1749 772 1786 restitit
801 1747 944 1785 Sabina
971 1744 1085 1798 legio.
1142 1747 1262 1792 Fessi,
1292 1755 1372 1785 tum
1403 1749 1465 1785 iti·

349 1830 452 1860 nere,
473 1823 564 1868 tum·
580 1814 828 1866 populatione
851 1820 1054 1858 nocturna,
1074 1826 1212 1864 magna
1232 1828 1316 1865 pars
1337 1815 1376 1851 in
1394 1814 1464 1851 vil-

349 1882 394 1918 lis
423 1879 557 1932 repleti
586 1880 674 1916 cibo
698 1880 876 1928 vinoque,
896 1879 960 1916 vix
987 1878 1088 1928 fugae
1117 1879 1218 1928 quod
1246 1880 1336 1915 satis
1367 1885 1465 1915 esset

348 1947 484 1982 virium
526 1940 704 1981 habuere.
776 1943 905 1980 Nocte
942 1956 1016 1979 uua
1053 1942 1183 1980 audito
1219 1943 1464 1993 perfectoque

347 2009 449 2047 bello
472 2008 629 2051 Sabino,
649 2013 804 2058 postero
823 2006 897 2050 die,
919 2007 957 2043 in
985 2019 1124 2056 magna
1145 2005 1229 2057 jam
1258 2020 1323 2058 spe
1352 2007 1462 2044 undi-

347 2087 419 2124 que
451 2080 567 2124 partae
604 2072 722 2123 pacis,
752 2070 867 2120 legati
899 2071 1070 2107 Aurunci
1099 2078 1271 2107 senatum
1305 2071 1459 2115 adeunt,

346 2139 383 2175 ni
408 2137 609 2174 decedatur
629 2135 769 2172 Volsco
791 2147 898 2184 agro,
917 2134 1058 2171 bellum
1084 2134 1305 2171 indicentes.
1363 2135 1460 2172 Cum

344 2202 479 2251 legatis
509 2200 620 2237 simul
647 2200 833 2237 exercitus
861 2200 1128 2236 Auruncorum
1157 2199 1274 2236 domo
1310 2199 1459 2250 profec-

346 2273 404 2316 tus
435 2273 539 2303 erat:
577 2264 682 2316 cujus
712 2264 827 2307 fama,
857 2263 957 2300 haud
986 2263 1117 2314 procul
1139 2262 1222 2314 jam
1252 2262 1299 2301 ab
1328 2264 1457 2300 Aricia

343 2330 426 2374 visi,
448 2336 556 2366 tanto
586 2328 750 2366 tumultu
777 2329 940 2366 concivit
966 2327 1177 2372 Romanos,
1199 2334 1240 2365 ut
1268 2340 1337 2365 nec
1362 2340 1453 2364 con-
