1573 2598
107 308 152 340 U.
166 308 203 338 C.
221 314 297 342 329.

106 353 148 383 A.
165 352 202 382 C.
219 358 294 383 428.

106 826 293 857 Vincuntur

108 869 257 899 Veientes
273 876 303 899 et

108 912 286 944 Fidenates.

104 1794 213 1834 Captae
229 1794 280 1825 Fi-

102 1838 204 1868 denae.

319 222 404 268 302
779 226 824 257 τ.
848 226 982 258 mvn

323 313 450 351 Pulvis
472 311 606 358 elatus,
626 312 842 364 mixtusque
861 314 981 359 fumo,
1005 313 1128 353 lucem
1154 327 1200 354 ex
1230 318 1349 356 oculis
1378 319 1431 358 vi-

322 391 452 415 rorum
479 391 736 428 equorumque
755 377 900 416 aufert:
934 393 991 424 ea,
1020 393 1102 430 quae
1127 381 1287 420 militem
1310 390 1434 431 terru-

323 449 417 485 erat,
439 443 582 492 species
609 442 707 478 nihil
731 444 867 479 terruit
886 456 1026 492 equos:
1058 445 1176 482 ruinae
1196 447 1312 496 igitur
1330 447 1435 484 simi-

321 504 395 541 lem
426 513 591 554 stragem
625 517 751 554 equeS,
785 519 1020 557 quacumque
1056 517 1285 558 pervaserat,
1320 511 1435 549 dedit.

323 569 480 606 Clamor
505 569 640 605 deinde
669 570 807 606 accidit
832 582 952 607 novus
973 588 980 607 ε
1013 574 1077 621 qui
1097 586 1212 622 quum
1238 580 1437 625 utramque

322 633 587 670 mirabundam
615 634 655 670 in
685 633 724 670 se
753 635 872 671 aciem
901 637 1090 680 vertisset,
1118 638 1283 674 dictator
1310 639 1436 676 excla-

322 703 416 740 mat,
440 698 648 740 Quinctium
665 699 822 746 legatum
842 704 877 735 et
897 710 976 736 suos
994 700 1037 736 ab
1061 706 1158 749 tergo
1178 702 1309 739 hostem
1329 704 1436 739 ador-

324 766 401 798 tos:
429 762 523 811 ipse,
544 763 802 812 redintegrato
823 763 1002 807 clamore,
1029 765 1144 801 infert
1169 767 1290 803 acrius
1314 767 1437 816 signa.

325 826 454 865 Quum
479 827 561 863 duze
588 828 701 870 acies,
722 827 797 864 duo
817 827 964 865 diversa
990 829 1138 879 proelia,
1160 831 1437 868 circumventos

323 890 506 927 Etruscos
528 897 566 927 et
587 904 609 927 a
627 891 753 928 fronte
773 899 810 927 et
831 892 878 928 ab
905 899 1014 942 tergo
1045 902 1234 943 urgerent,
1255 909 1376 945 neque
1396 897 1437 933 in

325 961 449 992 castra
468 960 582 998 retro,
603 968 726 1003 neque
751 957 790 992 in
809 964 973 1001 montes,
995 958 1094 994 unde
1113 971 1153 995 se
1172 972 1291 996 novus
1311 961 1434 997 hostis

324 1018 532 1069 objecerat,
562 1020 634 1056 iter
658 1019 759 1069 fugae
786 1027 898 1064 esset,
924 1028 962 1058 et
984 1023 1149 1072 equitem
1168 1024 1309 1074 passim
1327 1023 1438 1060 liberi

323 1083 439 1120 frenis
462 1083 704 1134 dispulissent
723 1085 823 1134 equi,
844 1085 1062 1123 Veientium
1080 1088 1248 1124 maxima
1265 1101 1350 1138 pars
1367 1089 1436 1125 Ti-

323 1147 444 1184 berim
474 1148 581 1185 effusi
606 1155 752 1198 petunt.
809 1149 1050 1187 Fidenatium
1071 1152 1370 1201 quisupersunt,
1390 1153 1438 1191 ad

323 1211 456 1248 urbem
475 1211 637 1248 Fidenas
656 1212 830 1249 tendunt.
870 1213 993 1250 Infert
1011 1215 1167 1264 pavidos
1186 1215 1279 1263 fuga
1298 1216 1336 1251 in
1355 1228 1436 1252 me-

323 1277 424 1313 dIam
444 1276 604 1313 caedem:
627 1276 904 1314 obtruncantur
923 1279 962 1314 in
982 1279 1093 1328 ripis:
1118 1279 1225 1322 alios,
1243 1280 1282 1315 in
1298 1293 1434 1329 aquam

322 1339 553 1390 compulsos,
591 1341 759 1389 gurgites
797 1340 948 1377 ferunt:
990 1342 1104 1378 etiam
1139 1343 1281 1393 peritos
1317 1344 1434 1381 nandi

321 1403 506 1441 lassitudo
536 1410 575 1441 et
602 1404 758 1441 vulnera
787 1411 825 1441 et
848 1418 969 1455 pavor
994 1406 1224 1455 degravant5
1256 1408 1368 1458 pauci
1387 1421 1435 1446 ex

322 1468 450 1505 multis
471 1474 637 1505 tranant.
677 1467 852 1504 Alterum
872 1482 1008 1518 agmen
1027 1470 1148 1507 fertur
1166 1483 1233 1521 per
1251 1477 1375 1508 castra
1393 1472 1434 1509 in

320 1531 472 1569 urbem:
500 1533 630 1569 eadem
650 1539 687 1568 et
705 1532 903 1569 Romanos
924 1540 1121 1583 sequentes
1142 1535 1291 1585 inpetus
1308 1536 1431 1586 rapit:

320 1594 546 1634 Quinctium
571 1597 748 1640 maxime,
775 1602 814 1632 et
841 1609 927 1632 cum
956 1610 1001 1633 eo
1032 1597 1226 1646 degressos
1252 1599 1368 1636 modo
1386 1599 1433 1636 de

319 1660 530 1704 montibus,
560 1661 862 1697 recentissimum
889 1661 937 1697 ad
962 1661 1132 1699 laborem
1150 1661 1323 1707 militem,
1345 1664 1434 1735 quia

319 1724 455 1760 ultimo
475 1724 584 1774 proeli
588 1737 612 1761 o
631 1725 702 1762 adv
705 1737 794 1761 ene1
796 1731 846 1762 at

373 1788 570 1833 XXXIV.
608 1789 678 1834 Hi,
708 1796 910 1840 postquam
938 1790 1048 1827 mixti
1077 1790 1251 1828 hostibus
1280 1797 1430 1842 portam

319 1854 522 1897 intravere,
549 1854 590 1889 in
618 1867 747 1890 muros
774 1854 960 1900 evadunt3
993 1856 1144 1904 suisque
1173 1856 1275 1906 capti
1301 1857 1432 1906 oppidi

319 1918 471 1966 signum
499 1930 546 1954 ex
575 1930 684 1953 muro
713 1917 865 1955 tollunt.
922 1918 1036 1958 Quod
1064 1918 1128 1955 ubi
1155 1919 1318 1955 dictator
1337 1931 1430 1956 con-

318 1982 456 2032 spexit,
491 1980 591 2032 (jam
611 1983 711 2018 enim
731 1989 768 2018 et
788 1983 926 2032 ipsein
947 1983 1095 2019 deserta
1115 1983 1283 2019 hostium
1305 1990 1431 2021 castra

317 2046 599 2098 penetraverat)
632 2047 846 2096 cupientem
866 2047 1024 2084 militem
1043 2048 1248 2084 discurrere
1268 2048 1315 2084 ad
1333 2061 1430 2098 prae-

317 2110 417 2154 dam,
438 2121 504 2160 spe
523 2109 663 2160 injecta
689 2109 843 2159 majoris
868 2111 906 2146 in
932 2110 1024 2147 urbe
1043 2111 1191 2161 praedae,
1213 2111 1259 2148 ad
1278 2118 1430 2161 portam

317 2174 444 2220 ducit;
477 2180 723 2224 receptusque
749 2174 847 2211 intra
875 2187 1016 2218 muros,
1045 2176 1083 2211 in
1111 2188 1250 2220 arcem,
1271 2188 1346 2225 quo
1365 2189 1430 2212 ru·

316 2251 378 2275 ere
397 2238 626 2288 fugientium
646 2239 795 2275 turbam
815 2239 978 2282 videbat,
1000 2240 1136 2290 pergit.
1193 2239 1276 2276 Nec
1302 2240 1428 2277 minor

315 2302 435 2338 caedes
468 2303 508 2338 in
536 2302 643 2346 urbe,
673 2314 786 2352 quam
810 2304 850 2339 in
880 2303 1029 2354 proelio,
1061 2303 1133 2340 fuit
1150 2319 1160 2349 3
1196 2303 1330 2348 donec,
1358 2303 1427 2340 ab-

307 2365 423 2418 jectis
453 2367 580 2415 armis,
609 2366 706 2406 nihil
733 2374 872 2421 praeter
889 2368 1006 2406 vitam
1032 2374 1220 2421 petenteS,
1248 2367 1426 2406 dictatori
