1573 2598
373 125 528 154 Lmen
553 125 671 155 vm.
704 123 810 154 CAP.
832 124 963 156 xvn.
1134 120 1217 167 557

108 211 207 248 nitas
230 215 444 264 praevertit:
477 227 638 264 namque
667 213 724 251 M.
754 213 913 257 Fabius,
936 213 1104 264 captivus
1134 212 1216 250 Ro-
1231 217 1272 247 U.
1287 217 1322 247 C.
1339 222 1413 248 4¹20.

108 288 257 321 manus,
278 291 407 328 quum,
428 291 495 329 per
523 279 797 329 negligentiam
824 279 1020 315 custodum
1039 277 1139 315 festo
1159 278 1219 315 die
1232 261 1318 292 A.C.
1332 265 1406 291 3²³²

108 341 266 378 vinculis
286 344 421 393 ruptis,
442 357 509 394 per
523 356 671 381 murum
690 345 790 380 iuter
806 356 923 394 opera
938 343 1218 387 Romanorum,

109 404 270 453 religata
295 408 341 444 ad
368 409 523 458 pinnam
549 408 645 445 muri
676 414 774 445 reste
802 419 1019 458 suspensus,
1046 407 1221 443 manibus

110 479 149 504 se
178 469 412 517 demisisset3
445 471 610 522 perpulit
641 472 923 522 imperatorem,
945 477 986 507 ut
1015 472 1104 507 vino
1131 483 1223 521 epu-

109 531 229 582 lisque
249 536 394 585 sopitos
415 536 543 572 hostes
564 536 855 585 adgrederetur:
888 548 957 572 nec
978 534 1122 585 majore
1143 547 1224 571 cer-

112 599 255 635 tamine
290 601 390 651 capti
421 614 505 637 cum
537 601 630 637 urbe
660 602 835 637 Ausones
870 606 971 643 suut,
1002 613 1115 649 quam
1145 599 1225 635 acie

112 662 188 699 fusi
217 672 337 701 erant.
390 666 525 702 Praeda
557 671 667 716 capta
698 666 831 713 ingens
863 670 940 700 est:
974 657 1431 733 p¹‘ae³³di⁰‘³ue}ihiissphat

111 727 279 778 inposito
301 731 456 767 Calibus
476 732 640 767 reductae
668 730 834 767 Romam
861 730 1043 779 legiones.
1081 721 1366 777 Consuller'mgf

113 804 160 828 ex
186 795 518 831 senatusconsulto
544 795 815 845 triumphavit:
849 798 900 837 et,
922 805 970 830 ne
988 793 1128 830 Atilius
1160 807 1226 830 ex-

112 868 196 907 pers
218 857 348 907 gloriae
375 866 487 903 esset,
502 858 601 909 jussi
627 859 741 896 ambo
762 859 935 895 consules
963 859 1138 895 adversus
1168 859 1227 895 Si-

113 921 260 958 dicinos
280 922 416 959 ducere
446 923 668 960 exercitum.
706 922 949 960 Dictatorem
978 928 1066 959 ante
1092 936 1137 960 ex
1168 936 1226 960 se·
1239 926 1384 976 Dictzitor

115 988 406 1024 natusconsulto
427 989 669 1025 comitiorum
688 987 951 1025 habendorum
971 1000 1105 1025 caussa
1123 988 1226 1026 dixe·
1240 970 1402 1044 fiilgfbmh

113 1058 204 1088 runt
221 1051 269 1089 L.
289 1052 491 1090 AEmilium
505 1053 808 1091 Mamercinum:
831 1053 862 1089 is
879 1053 1105 1102 magistrum
1123 1053 1228 1104 equi-

114 1120 197 1152 tum
209 1116 258 1156 Q.
278 1115 486 1154 Publilium
501 1117 704 1154 Philonem
718 1117 826 1154 dixit.
855 1116 1057 1153 Dictatore
1074 1118 1228 1154 comitia
1242 1114 1282 1144 U·
1295 1113 1331 1143 C·
1347 1120 1420 1146 422

115 1178 296 1225 habente,
319 1181 494 1219 consules
524 1183 642 1220 creati
670 1188 759 1219 sunt
786 1181 834 1219 T.
853 1181 1046 1226 Veturius,
1068 1183 1132 1233 Sp.
1152 1157 1414 1219 Po-A'C'ss'ss‘

115 1247 290 1285 stumius.
338 1247 426 1285 Etsi
456 1247 549 1284 belli
581 1260 669 1299 pars
707 1260 794 1285 cum
827 1247 1002 1284 Sidicinis
1035 1248 1205 1285 restabat
1217 1266 1229 1295 3

114 1318 258 1357 tamen,
284 1319 327 1350 ut
354 1313 542 1352 beneficio
569 1315 822 1365 praevenirent
840 1313 1066 1351 desiderium
1094 1313 1231 1365 plebis,

114 1376 162 1414 de
198 1377 351 1415 colonia
387 1378 606 1416 deducenda
642 1378 752 1416 Cales
788 1378 1022 1416 retulerunt:
1053 1378 1234 1432 factoque

116 1441 465 1487 senatusconsulto,
496 1433 540 1479 ut
569 1442 644 1480 duo
677 1442 797 1479 millia
829 1443 1029 1492 quingenti
1057 1443 1232 1480 homines

118 1516 166 1541 eo
199 1505 468 1550 scriberentur,
498 1506 717 1543 triumviros
751 1504 910 1542 coloniae
937 1505 1164 1543 deducendae
1193 1520 1235 1544 a-

119 1577 266 1619 groque
281 1569 488 1606 dividundo
505 1561 727 1607 creaverunt
745 1569 798 1606 K.
817 1569 1006 1613 Duilium,
1025 1569 1072 1608 Τ.
1088 1570 1234 1610 Quinc-

116 1634 228 1678 tium,
247 1633 305 1671 M.
324 1634 498 1672 Fabium.

172 1697 307 1735 XVII.
336 1697 440 1735 Novi
460 1698 594 1735 deinde
610 1697 799 1742 eonsules,
817 1712 839 1735 a
857 1698 1046 1735 veteribus
1067 1700 1237 1737 exercitu

118 1768 291 1813 accepto,
312 1762 471 1812 ingressi
489 1763 658 1799 hostium
678 1762 784 1807 fines,
805 1763 1026 1815 populando
1052 1776 1170 1813 usque
1190 1765 1237 1802 ad

119 1829 262 1864 moenia
282 1833 395 1877 atque
415 1827 546 1864 urbem
568 1834 833 1878 pervenerunt.
870 1827 945 1871 lbi,
966 1828 1068 1877 quia,
1089 1829 1237 1877 ingenti

120 1893 290 1930 exercitu
310 1898 545 1942 comparato,
569 1892 725 1929 Sidicini
745 1899 783 1928 et
801 1892 874 1943 ipsi
892 1904 963 1942 pro
982 1898 1151 1929 extrema
1171 1905 1236 1943 spe

120 1958 334 1994 dimicaturi
355 1958 465 1993 enixe
490 1956 728 2000 videbantur,
750 1963 787 1992 et
814 1957 1008 1993 Samnium
1028 1955 1131 1993 fama
1157 1964 1238 1993 erat

123 2023 266 2059 conciri
287 2022 334 2058 ad
352 2021 517 2068 bellum5
552 2022 716 2057 dictator
735 2021 782 2057 ab
798 2021 1017 2058 consulibus
1038 2033 1084 2057 ex
1104 2028 1236 2058 aucto-

120 2081 232 2122 ritate
249 2091 399 2121 senatus
417 2085 538 2121 dictus
558 2085 600 2122 P.
623 2085 820 2121 Cornelius
836 2084 998 2122 Rufinus
1013 2101 1024 2131 3
1057 2085 1236 2134 magister
1250 2090 1280 2139 If.
1299 2092 1418 2121 Cornen

123 2151 294 2198 equitum
309 2149 365 2186 M.
386 2151 591 2187 Antonius.
627 2149 783 2198 Religio
803 2149 937 2185 deinde
956 2150 1125 2193 incessit,
1142 2149 1235 2186 vitio
1249 2134 1310 2208 Ξὲῖὃ
1328 2137 1426 2165 “imm''

127 2225 191 2249 eos
229 2219 374 2248 creatos
392 2228 399 2249 :
439 2215 738 2264 magistratuque
775 2226 815 2250 se
853 2215 1148 2252 abdicaverunt:
1182 2223 1234 2261 et,

125 2276 213 2326 quia
231 2276 450 2328 pestilentia
467 2278 640 2315 insecuta
665 2283 735 2321 est,
758 2278 859 2316 velut
880 2279 1056 2316 omnibus
1074 2292 1120 2317 eo
1140 2281 1234 2316 vitio

622 2331 742 2368 Bb3
