1573 2598
89 626 133 656 U.
152 624 189 656 C.
207 630 279 657 315.

92 670 132 700 Α.
150 669 187 700 C.
205 674 279 703 437.

123 1009 248 1040 Fames.

285 139 375 194 276*
645 188 652 190 ἡ
737 153 782 182 Τ.
808 155 943 183 L1v11

286 247 338 284 et,
358 252 473 289 quum
497 251 638 288 magno
663 241 868 277 certamine
887 241 1130 286 obtinuisset,
1151 249 1193 279 ut
1220 243 1396 282 consule-

286 311 418 341 rentur
435 304 581 346 Patres,
602 303 797 340 consulum
819 318 867 341 an
884 305 1126 343 tribunorum
1145 307 1311 357 placeret
1329 322 1395 346 co-

288 369 395 405 mitia
423 368 568 410 haberi,
599 368 771 404 consules
801 371 919 406 creari
941 369 1041 419 jussi
1069 379 1182 407 sunt:
1214 371 1398 408 ludibrio-

289 445 362 481 que
391 438 499 469 erant
526 432 638 468 minae
666 433 823 476 tribuni,
853 434 1116 470 denunciantis
1145 447 1185 471 se
1213 435 1401 472 delectum

290 496 571 546 inpediturum:
604 510 733 545 quum,
761 498 896 546 quietis
923 499 1107 542 finitimis,
1136 512 1258 549 neque
1282 499 1400 543 bello,

291 572 414 609 neque
449 559 540 596 belli
575 560 758 611 adparatu
794 574 888 611 opus
921 568 1031 598 esset.
1089 563 1266 611 Sequitur
1301 563 1402 599 hanc

291 623 606 672 tranquillitatem
626 637 750 661 rerum
771 638 904 669 annus,
934 626 1099 663 Proculo
1120 627 1295 675 Geganio
1312 627 1401 663 Ma-

293 690 435 732 cerino,
464 688 511 724 L.
537 688 720 726 Menenio
748 690 901 727 Lanato
930 691 1162 735 consulibus,
1201 691 1401 742 multiplici

293 752 397 789 clade
417 766 460 789 ac
483 753 651 803 periculo
671 754 844 803 insignis,
865 755 1128 799 seditionibus,
1149 756 1263 798 fame,
1282 769 1402 804 regno

291 829 410 867 prope
429 830 494 867 per
512 817 724 865 largitionis
740 818 974 855 dulcedinem
994 820 1031 855 in
1049 821 1209 855 cervices
1230 826 1401 869 accepto.

294 880 424 916 Unum
456 880 551 916 afuit
583 880 723 916 bellum
757 888 980 917 externum:
1015 895 1090 930 quo
1127 883 1157 918 si
1188 882 1401 931 adgravatae

292 957 350 981 res
382 950 520 987 essent,
547 945 609 980 vix
638 957 710 994 ope
739 945 910 981 Deorum
939 947 1109 981 omnium
1138 946 1260 981 resisti
1289 952 1402 995 potu-

295 1010 396 1044 isset.
454 1008 614 1058 Coepere
643 1021 665 1044 a
693 1008 793 1044 fame
822 1009 934 1052 mala,
966 1021 1031 1044 seu
1068 1009 1244 1046 adversus
1281 1021 1403 1045 annus

294 1072 465 1121 frugibus
493 1073 579 1114 fuit,
601 1085 666 1108 seu
693 1072 890 1108 dulcedine
910 1074 1136 1109 concionum
1159 1079 1196 1109 et
1215 1072 1317 1108 urbis
1339 1073 1404 1109 de·

294 1144 396 1173 serto
425 1149 602 1185 agrorum
631 1136 757 1173 cultu:
798 1149 887 1172 nam
915 1143 1116 1186 utrumque
1143 1137 1327 1173 traditur:
1365 1143 1404 1173 et

293 1200 424 1237 Patres
444 1200 591 1250 plebem
612 1200 790 1242 desidem,
812 1206 849 1235 et.
870 1200 1012 1236 tribuni
1035 1200 1154 1250 plebis
1181 1213 1282 1235 nunc
1301 1199 1405 1236 frau-

292 1265 375 1300 dem
396 1276 496 1300 nunc
519 1263 792 1312 negligentiam
811 1263 1008 1299 consulu1n
1029 1263 1271 1299 accusabant.
1327 1262 1403 1299 Po-

294 1337 435 1364 stremo
463 1326 659 1377 perpulere
688 1326 840 1376 plebeii,
875 1327 974 1362 haud
1007 1327 1227 1362 adversante
1256 1333 1404 1370 senatu,

295 1399 337 1429 ut
364 1392 411 1429 L.
433 1391 626 1428 Minucius
655 1391 855 1440 praefectus
885 1403 1046 1426 annonae
1077 1398 1288 1436 crearetur3
1320 1391 1406 1427 feli-

296 1458 376 1494 cior
397 1457 436 1492 in
460 1469 506 1492 eo
530 1457 753 1504 magistratu
782 1455 828 1492 ad
853 1455 1065 1490 custodiam
1089 1454 1275 1491 libertatis
1301 1455 1406 1492 futu-

296 1533 373 1563 rus,
394 1533 506 1569 quam
527 1520 574 1555 ad
593 1520 827 1555 curationem
846 1518 1046 1554 ministerii
1066 1519 1121 1553 sui
1138 1533 1145 1554 ε
1178 1531 1406 1568 quamquam

297 1591 491 1634 postremo
524 1595 685 1620 annonae
717 1594 867 1631 quoque
899 1581 1030 1618 levatae
1059 1582 1161 1618 haud
1193 1583 1408 1619 inmeritam

297 1654 336 1685 et
372 1648 532 1697 gratiam
564 1652 601 1682 et
638 1645 798 1694 gloriam
835 1644 933 1682 tulit.
1001 1645 1077 1684 Qui
1115 1658 1245 1694 quum,
1281 1645 1407 1681 multis

298 1712 398 1748 circa
426 1711 608 1747 finitimos
638 1709 800 1760 populos
829 1709 1084 1758 legationibus
1113 1716 1215 1745 terra
1241 1710 1410 1758 marique

298 1776 551 1824 nequidquam
571 1775 707 1817 missis,
732 1775 822 1821 (nisi
849 1775 949 1823 quod
975 1786 1022 1810 ex
1046 1774 1202 1810 Etruria
1229 1773 1330 1809 haud
1357 1773 1412 1809 ita

300 1839 458 1876 multum
484 1839 664 1875 frumenti
687 1840 886 1875 advectum
905 1839 979 1886 est)
1001 1838 1147 1874 nullum
1175 1843 1411 1873 momentum

300 1917 460 1941 annonae
497 1903 675 1948 fecisset;
711 1909 763 1945 et,
794 1903 986 1939 revolutus
1016 1903 1062 1939 ad
1092 1901 1412 1952 dispensationem

299 1967 453 2017 inopiae,
487 1966 656 2016 profiteri
689 1966 859 2014 cogendo
891 1966 1137 2008 frumentum,
1171 1972 1209 2001 et
1236 1964 1411 2006 vendere,

300 2031 402 2080 quod
429 2042 499 2066 usu
527 2037 721 2066 menstruo
745 2035 969 2079 superesset,
994 2029 1279 2076 fraudandoque
1307 2034 1414 2077 parte

302 2094 425 2131 diurni
457 2093 532 2129 cibi
560 2093 726 2135 servitia,
751 2093 986 2128 criminando
1015 2092 1102 2127 inde
1131 2097 1169 2127 et
1197 2089 1414 2140 objiciendo

302 2159 366 2195 irae
389 2157 520 2208 populi
545 2156 827 2199 frumentarios,
854 2156 991 2192 acerba
1018 2156 1266 2204 inquisitione
1292 2154 1415 2204 aperi-

303 2228 359 2258 ret
385 2222 519 2270 magis,
540 2233 653 2271 quam
679 2220 832 2263 levaret,
854 2220 1020 2270 inopiam
1035 2235 1044 2264 3
1076 2218 1186 2255 multi
1213 2232 1258 2255 ex
1290 2217 1414 2268 plebe,

301 2298 367 2337 spe
393 2286 543 2329 amissa,
574 2285 699 2336 potius
729 2297 843 2334 quam
872 2290 914 2320 ut
943 2284 1200 2320 cruciarentur
1227 2281 1415 2320 trahendo
