1573 2598
419 160 578 190 mmm
597 159 667 189 vr.
698 157 806 189 cAP.
829 159 900 188 lv.
1131 159 1214 203 415

105 247 152 285 'ad
182 247 393 292 Romanos,
419 260 582 298 agerque
602 248 652 284 iis.
665 247 772 286 novis
793 246 935 283 civibus
967 245 1211 294 adsignatus:

107 313 270 349 revocati
295 325 443 362 quoque
470 313 508 349 in
533 312 665 348 urbem
694 309 1024 350 senatusconsulto
1047 323 1070 346 a
1094 309 1214 353 Veiis,

108 377 172 425 qui
201 377 407 413 aedificandi
434 376 570 413 Romae
599 376 766 426 pigritia,
794 375 987 425 occupatis
1010 373 1063 410 ibi
1088 374 1214 410 vacuis

107 441 231 484 tectis,
253 441 366 478 Veios
387 454 426 477 se
446 440 708 477 contulerant:
743 445 780 475 et
809 439 933 489 primo
952 437 1122 473 fremitus
1143 436 1216 474 fuit

109 504 415 554 adspernantium
452 504 672 554 imperium:
715 502 793 538 dies
832 501 966 537 deinde
1004 501 1218 550 praestituta

106 567 352 618 capitalisque
371 581 497 618 poena,
518 567 582 617 qui
601 580 680 603 non
705 567 947 614 remigrasset
969 564 1149 608 Romam,
1171 577 1219 602 ex

104 631 294 669 ferocibus
332 632 513 668 universis
551 630 736 680 singulos,
774 636 877 667 metu
910 642 979 665 suo
1017 641 1217 678 quemque,

106 694 324 731 obedientes
345 695 447 732 fecit.
502 695 555 731 Et
576 694 704 731 Roma
732 707 848 743 quum
876 692 1091 742 frequentia
1119 705 1219 728 cres·

105 769 204 801 cere,
224 763 305 794 trun
333 764 416 795 tota
444 757 556 794 simul
581 770 783 807 exsurgere
807 756 987 798 aedificiis,
1015 761 1053 791 et
1081 755 1218 805 repub—

106 821 180 858 lica
206 823 380 873 inpensas
407 821 624 872 adjuvante,
647 828 684 858 et
705 821 874 858 aedilibus
895 819 998 856 velut
1025 819 1219 869 publicum

105 886 346 935 exigentibus
367 899 476 937 opus,
498 893 537 922 et
555 887 644 936 ipsis
664 886 819 936 privatis
853 883 1101 932 (admonebat
1119 884 1221 922 enim

105 949 330 986 desiderium
359 949 465 995 usus)
496 949 765 986 festinantibus
793 949 840 986 ad
864 947 1039 984 effectum
1066 947 1217 997 operis:

107 1014 282 1062 intraque
306 1025 446 1049 annum
475 1025 575 1049 nova
598 1011 686 1048 urbs
713 1012 832 1048 stetit.
887 1010 1005 1048 Exitu
1036 1012 1125 1046 anni
1156 1024 1220 1047 co-

107 1077 215 1113 mitia
233 1076 470 1113 tribunorum
496 1076 657 1112 militum
683 1074 872 1112 consulari
891 1080 1083 1125 potestate
1110 1074 1218 1112 habi·

105 1146 172 1178 ta:
204 1142 321 1177 creati
349 1141 395 1178 T.
425 1140 628 1181 Quinctius
660 1140 924 1182 Cincinnatus,
960 1139 1009 1178 Q.
1039 1139 1217 1176 Servilius
1233 1140 1273 1171 U.
1286 1140 1322 1172 C.
1340 1145 1414 1175 3⁶7,

105 1203 268 1241 Fidenas
288 1205 475 1254 quintum,
496 1204 542 1242 L.
562 1205 688 1241 Julius
707 1203 827 1248 Iulus,
851 1202 898 1240 L.
914 1202 1102 1253 Aquillius
1124 1184 1271 1241 Cor-A*
1288 1184 1324 1216 C*
1341 1190 1416 1215 ‘³⁸⁵'

105 1282 187 1314 vus,
207 1269 254 1308 L.
274 1270 474 1307 Lucretius
495 1270 757 1321 TricipitinuS,
779 1269 864 1309 Ser„
877 1269 1064 1319 Sulpicius
1081 1269 1219 1308 Rufus.

104 1333 328 1371 Exercitum
347 1333 507 1371 alterum
526 1335 566 1370 in
585 1334 750 1383 AEquOS,
770 1346 849 1372 non
871 1333 919 1372 ad
938 1332 1092 1377 bellum,
1123 1334 1218 1383 (vic-

105 1405 167 1435 tos
196 1411 357 1448 namque
383 1412 423 1435 se
449 1399 685 1443 fatebantur)
718 1399 781 1434 sed
805 1398 852 1434 ab
879 1398 968 1434 odio
992 1398 1038 1434 ad
1067 1411 1217 1448 pervas-

105 1463 242 1499 tandos
272 1463 378 1507 fines,
402 1476 450 1499 ne
472 1464 560 1512 quid
587 1463 635 1500 ad
658 1475 755 1499 nova
778 1463 937 1499 consilia
964 1463 1220 1512 relinquerent

106 1527 255 1570 virium,
282 1527 444 1563 duxere:
476 1527 636 1563 alterum
661 1527 699 1563 in
730 1539 862 1577 agrum
890 1527 1242 1576 Tarquiniensem«

81 1610 90 1617 ,
107 1589 167 1626 Ibi
193 1591 333 1641 oppida
357 1591 606 1627 Etruscorum
631 1592 823 1628 Cortuosa
851 1598 889 1627 et
918 1591 1163 1628 Contenebra
1182 1593 1217 1629 vi

106 1661 218 1702 capta
247 1655 457 1703 dirutaque.
514 1654 575 1690 Ad
604 1654 834 1691 Cortuosam
869 1655 966 1690 nihil
1002 1656 1219 1692 certaminis

106 1716 204 1754 fuit:
237 1718 430 1767 inproviso
450 1717 588 1760 adorti,
609 1718 732 1768 primo
758 1718 922 1755 clamore
949 1725 1061 1768 atque
1087 1720 1219 1770 inpetu

107 1794 268 1830 cepere:
318 1782 505 1832 direptum
543 1782 725 1832 oppidum
767 1789 880 1831 atque
916 1783 1111 1819 incensum
1147 1791 1218 1820 est.

105 1845 351 1881 Contenebra
379 1857 519 1895 paucos
549 1845 627 1882 dies
654 1845 981 1895 obpugnationem
1011 1845 1214 1892 sustinuit3

106 1908 287 1957 laborque
320 1910 538 1950 continuus,
575 1921 654 1944 non
687 1908 747 1944 die
776 1921 855 1944 non
884 1915 996 1945 nocte
1026 1910 1216 1954 remissus,

105 1971 256 2019 subegit
283 1983 372 2007 eos:
409 1984 524 2020 quum
555 1972 594 2006 in
620 1983 685 2007 sex
711 1978 835 2020 partes
863 1971 1001 2008 divisus
1032 1975 1217 2010 exercitus

105 2034 304 2071 Romanus
333 2037 431 2071 senis
462 2035 564 2070 horis
595 2036 633 2070 in
662 2035 793 2071 orbem
823 2036 1040 2072 succederet
1065 2038 1215 2086 proelio,

107 2098 316 2148 oppidanos
343 2098 493 2134 eosdem
521 2099 671 2146 integro
697 2111 842 2148 semper
871 2100 1067 2135 certamini
1087 2103 1216 2150 pauci-

105 2168 164 2197 tas
183 2161 301 2210 fessos
322 2161 505 2211 objiceret
522 2178 530 2206 ;
561 2174 704 2198 cessere
723 2163 890 2205 tandem,
912 2162 1091 2211 locusque
1111 2164 1215 2201 inva-

107 2224 219 2271 dendi
248 2225 378 2264 urbem
405 2225 591 2263 Romanis
621 2225 728 2261 datus
766 2234 835 2263 est.
892 2226 1083 2271 Bublicari
1120 2241 1215 2279 prae·

625 2289 660 2326 T
678 2295 702 2327 4
