1573 2598
282 173 336 224 56
717 184 761 214 T.
795 185 928 216 mvn

282 277 360 307 tem
388 270 608 308 incendunt.
661 270 722 308 Ea
743 285 892 322 quoque
914 285 972 309 res
997 273 1037 309 in
1065 285 1195 323 pugna
1216 280 1396 314 terrorem

282 333 419 370 adtulit
438 334 600 371 Sabinis.
631 334 772 372 Effusis
792 336 923 373 eadem
940 335 1072 385 fugam
1089 337 1272 387 inpediit:
1299 340 1397 376 mul-

280 397 386 447 tique
410 398 604 442 mortales,
624 412 739 449 quum
764 400 911 436 hostem
932 401 1166 449 effugissent,
1186 402 1225 438 in
1244 401 1398 439 flumine

279 461 364 512 ipso
390 464 533 513 periere
551 478 558 499 :
591 477 752 513 quorum
770 464 959 501 fluitantia
977 477 1082 501 arma
1100 466 1148 501 ad
1171 466 1304 502 urbem
1332 480 1397 503 co-

280 526 388 574 gnita
415 527 455 562 in
479 526 610 563 Tiberi
639 528 740 577 prius
770 541 880 578 pene,
910 542 1023 578 quam
1051 530 1223 566 nunciari
1252 536 1396 581 posset,

279 589 467 639 insignem
503 591 702 627 victoriam
736 591 872 628 fecere.
937 592 999 628 Eo
1035 593 1171 643 proelio
1208 595 1399 645 praecipua

280 655 448 703 equitum
472 654 594 704 gloria
611 656 709 692 fuit:
741 657 930 705 utrimque
957 656 1003 693 ab
1030 657 1207 693 cornibus
1236 658 1396 707 positos,

280 730 396 766 quum
417 717 501 768 jam
529 718 731 769 pelleretur
758 719 882 756 media
909 720 1078 770 peditum
1105 733 1259 757 suorum
1284 721 1397 764 acies,

280 781 342 818 ita*
363 782 564 819 incurrisse
593 783 640 820 ab
669 783 850 820 lateribus
879 783 1021 828 ferunt,
1045 790 1088 820 ut
1115 796 1194 820 non
1223 784 1400 822 sisterent

279 847 394 883 modo
425 846 584 883 Sabinas
606 846 790 896 legioneS,
814 847 993 884 ferociter
1019 849 1204 885 instantes
1231 848 1398 885 cedenti-

279 908 364 954 bus,
384 910 450 946 sed
479 910 606 947 subito
631 911 671 947 in
695 911 826 960 fugam
848 918 1073 949 averterent.
1128 911 1284 948 Montes
1305 912 1398 949 effu-

277 985 322 1009 so
345 986 456 1010 cursu
481 974 613 1011 Sabini
640 975 836 1026 petebant,
858 982 896 1012 et
923 976 1034 1026 pauci
1062 982 1244 1022 tenuere,
1276 977 1398 1013 maxi-

276 1049 341 1074 ma
363 1050 464 1088 parS,
485 1045 527 1074 ut
545 1046 635 1075 ante
657 1039 799 1075 dictum
819 1045 889 1082 est,
910 1039 957 1075 ab
979 1039 1167 1088 equitibus
1193 1040 1233 1075 in
1257 1038 1397 1076 flumen

277 1102 353 1137 acti
375 1107 475 1138 sunt.
530 1101 775 1151 Tarquinius,
795 1102 1014 1139 instandum
1042 1103 1251 1152 perterritis
1277 1108 1396 1146 ratus,

276 1165 403 1215 praeda
439 1166 672 1215 captivisque
699 1165 866 1203 Romam
894 1168 1033 1211 missis,
1063 1167 1194 1218 spoliis
1227 1167 1396 1206 hostium

279 1230 429 1277 (votum
457 1230 495 1265 id
520 1229 694 1266 Vulcano
724 1232 821 1278 erat)
852 1232 1001 1280 ingenti
1030 1232 1182 1268 cumulo
1211 1232 1394 1276 accensis,

273 1295 401 1346 pergit
417 1306 534 1344 porro
553 1295 591 1330 in
612 1307 745 1344 agrum
765 1295 949 1332 Sabinum
968 1297 1176 1333 exercitum
1195 1296 1393 1333 inducere:

274 1363 328 1402 et,
358 1370 587 1408 quamquam
620 1358 718 1396 male
755 1366 863 1409 gesta
898 1372 957 1396 res
990 1366 1086 1404 erat,
1115 1372 1185 1397 nec
1222 1365 1396 1409 gesturos

273 1423 408 1460 melius
427 1436 578 1474 sperare
603 1430 795 1474 poterant,
816 1430 959 1468 tamen,
981 1425 1070 1474 quia
1087 1423 1311 1461 consulendi
1336 1436 1395 1461 res

273 1500 353 1525 non
381 1488 498 1525 ‹ia-bat
525 1489 704 1539 spatium,
724 1490 801 1526 iere
821 1489 973 1526 obviam
994 1489 1126 1526 Sabini
1147 1488 1395 1526 tumultuario

272 1551 419 1589 milite:
451 1553 662 1602 iterumque
690 1552 743 1590 ibi
771 1552 861 1598 fusi,
890 1553 1047 1603 perditis
1069 1551 1154 1603 jam
1183 1563 1304 1603 prope
1335 1564 1394 1589 re-

271 1615 357 1660 bus,
378 1628 509 1666 pacem
527 1617 683 1667 petiere.

325 1679 565 1718 XXXVIII.
595 1679 775 1724 Collatia,
801 1686 839 1716 et
864 1680 1046 1730 quidquid
1071 1680 1171 1716 circa
1191 1679 1396 1716 Collatiam

273 1744 354 1793 agri
384 1750 479 1787 erat,
513 1743 663 1780 Sabinis
697 1743 901 1780 ademtam.
956 1743 1119 1792 Egerius
1152 1742 1296 1791 (fratris
1332 1743 1395 1779 hic

272 1808 371 1845 filius
391 1814 472 1846 erat
490 1809 609 1858 regis)
633 1808 807 1845 Collatiae
828 1809 867 1844 in
886 1807 1061 1858 praesidio
1081 1806 1234 1844 relictus
1251 1821 1258 1843 :
1290 1807 1393 1843 dedi-

271 1879 408 1922 tosque
424 1873 637 1909 Collatinos
659 1873 714 1909 ita
733 1873 894 1922 accipio,
916 1884 1073 1921 eamque
1093 1871 1294 1907 deditionis
1315 1870 1393 1906 for·-

270 1936 412 1973 mulam
441 1949 534 1972 esse.
589 1935 677 1972 Rex
713 1936 990 1983 interrogavit:
1023 1935 1163 1970 Estisne
1189 1946 1247 1970 vos
1285 1935 1395 1982 legati

271 2005 506 2048 oratoresque,
530 2001 627 2036 missi
651 2013 674 2036 a
690 2000 826 2048 populo
847 1999 1038 2041 Collatino,
1059 2003 1100 2034 ut
1118 2010 1176 2034 vos
1200 1998 1394 2046 populum·

272 2077 338 2114 que
359 2065 577 2102 Collatinum
595 2065 766 2101 dederetis
782 2065 802 2100 ,9
830 2063 970 2100 Sumus.
1011 2063 1122 2099 Estne
1134 2063 1289 2111 populus
1310 2061 1391 2098 Col-

272 2131 405 2166 latinus
438 2131 474 2165 in
504 2141 569 2165 sua
594 2133 771 2177 potestate
788 2129 808 2163 59
836 2127 916 2163 Est.
958 2127 1148 2162 Deditisne
1174 2138 1247 2168 vos,
1275 2137 1393 2174 popu·

272 2194 413 2242 lamque
449 2193 678 2236 Collatinum,
714 2192 848 2235 urbem,
881 2203 998 2239 agrOS,
1033 2203 1177 2238 aquam,
1214 2191 1391 2233 terminos,

272 2258 431 2301 delubra,
455 2258 633 2301 utensilia,
657 2257 791 2300 divina,
819 2256 1041 2303 humanaque
1065 2255 1197 2297 onmia,
1219 2255 1256 2290 in
1277 2265 1390 2290 meam

267 2316 461 2373 populique
481 2322 636 2360 Romani
658 2323 826 2359 ditionem
843 2323 864 2357 .9
892 2321 1081 2358 Dedimus.
1137 2320 1188 2356 At
1213 2329 1277 2371 ego
1301 2319 1390 2355 reci.-
