1573 2598
426 163 582 193 mmm
601 159 687 193 ·v1.·
710 161 818 193 CAP.
841 164 939 193 ΧΠ.
1155 149 1238 208 496

127 253 277 290 Volscis
307 259 344 290 ct
373 253 509 303 AEquis
540 252 770 289 subfecerint
797 252 960 290 milites:
992 254 1093 303 quod
1122 267 1237 303 quum
1249 255 1437 301 U,c.37<5‚'

131 318 177 356 ab
211 317 375 367 antiquis
412 317 572 354 tacitum
608 317 977 367 praetermissumque
1009 319 1084 364 sit3
1129 318 1235 368 cujus
1248 308 1433 341 A·C·³⁶24

129 381 280 418 tandem
308 393 381 429 ego
408 381 462 416 rei
490 386 626 431 praeter
654 380 889 429 opinionem,
911 393 992 430 quae
1016 394 1084 417 sua
1103 375 1346 431 cuiqueUfuie
1360 375 1439 406 V01·

129 444 361 495 conjectanti
381 456 461 479 esse
480 449 620 494 potest,
642 449 776 480 auctor
795 444 889 480 sim?
919 444 1049 480 Simile
1067 445 1145 481 veri
1165 418 1431 500 est,·‡1¹5sse1{,2lj{3'

128 515 194 545 aut
213 507 417 544 intervallis
437 507 637 551 bellorum,
659 507 757 544 sicut
775 521 876 545 nunc
902 509 941 545 in
967 509 1173 545 delectibus
1194 509 1236 545 fit
1248 504 1340 551 vietis·
1354 504 1438 534 sub:

127 572 328 615 Romanis,
358 571 432 608 alia
453 577 567 620 atque
594 570 669 608 alia
697 571 830 608 subole
851 571 1051 622 juniorum
1071 573 1119 609 ad
1135 572 1236 609 bella
1248 547 1381 622 Ξῖῗιὶὲέῑ

126 637 370 673 instauranda
397 636 511 672 toties
542 648 630 673 usos
664 649 768 673 esse:
814 644 880 673 aut
912 651 991 674 non
1024 650 1071 675 ex
1103 639 1238 675 iisdem

125 714 271 754 semper
301 703 451 753 populis
481 703 668 739 exercitus
703 703 879 753 scriptos,
910 717 1140 753 quamquam
1173 714 1245 740 eei-¹

123 768 208 805 dem
236 779 384 817 semper
410 779 503 816 gens
532 766 676 804 bellum
704 767 900 804 intulerit:
933 773 999 804 aut
1017 769 1237 804 innumera-

122 831 239 869 bilem
256 830 538 869 multitudinem
562 830 770 875 liberorum
795 831 963 881 capitum
982 831 1021 868 in
1041 832 1094 867 eis
1119 831 1236 868 fuisse

122 896 230 940 locis,
252 909 334 945 quae
353 908 469 939 nunc,
488 895 554 932 vix
581 895 785 932 seminario
814 896 954 944 exiguo
982 895 1147 932 militum
1175 905 1244 932 rea

122 960 230 1005 licto,
251 959 404 996 servitia
421 958 601 996 Romana
620 959 667 997 ab
691 959 896 996 solitudine
913 959 1119 997 vindicant.
1167 959 1244 996 In-*

122 1036 216 1074 gens
246 1030 361 1066 certe,
398 1023 518 1073 (quod
545 1023 646 1059 inter
674 1035 804 1060 ornnes
834 1030 1006 1060 auctores
1037 1023 1233 1070 convenit)

122 1101 351 1139 quamquam
369 1101 490 1139 nuper
509 1086 662 1125 Camilli
688 1087 806 1124 ductu
831 1093 945 1137 atque
969 1088 1140 1138 auspicio
1169 1087 1242 1124 ad-·

122 1152 209 1188 cisae
239 1163 298 1187 res
326 1158 448 1195 erant,
477 1151 706 1188 Volscorum
739 1151 925 1188 exercitus
956 1151 1052 1188 fuit:
1085 1152 1132 1188 ad
1160 1153 1244 1188 hoe

120 1218 253 1256 Latini
272 1217 508 1267 Hernicique
527 1224 778 1260 accesserant,
799 1223 838 1254 et
860 1216 1132 1253 Circeiensium
1152 1216 1245 1263 qui-⁷

123 1283 223 1327 dam,
244 1289 283 1319 et
301 1281 429 1319 coloni
455 1283 570 1319 etiam
596 1295 619 1318 a
640 1281 796 1318 Velitris
818 1280 999 1316 Romani.
1055 1278 1246 1315 Dictators

123 1348 256 1384 castris
285 1360 332 1384 eo
360 1347 421 1383 die
449 1347 598 1397 positis,
628 1356 784 1397 postero
811 1358 898 1382 cum
924 1345 1121 1395 auspicato
1146 1353 1237 1394 pro-

122 1412 253 1453 disset,
282 1412 484 1462 hostiaque
512 1423 610 1448 caesa
637 1423 771 1462 pacem
795 1409 924 1447 Deum
943 1410 1151 1451 adorasset,
1171 1407 1238 1444 lae-

122 1481 183 1512 tus
204 1476 250 1512 ad
267 1475 420 1519 milites,
443 1474 527 1525 jam
547 1488 653 1512 arma
672 1475 719 1511 ad
744 1474 983 1525 propositum
1002 1485 1140 1524 pugnae
1161 1472 1237 1521 sig-

119 1552 228 1584 num,
261 1541 360 1577 sicut
388 1540 554 1577 edictum
586 1546 680 1584 erat,
716 1539 800 1576 luce
831 1540 995 1589 primum
1029 1538 1237 1588 capientes,

121 1605 307 1655 processit
325 1618 333 1640 ε
366 1606 502 1641 Nostra
520 1606 673 1641 victoria
693 1603 756 1646 est,
777 1605 924 1646 milites,
945 1603 1083 1652 inquit,
1103 1603 1134 1638 si
1152 1603 1239 1650 qnid
1248 1604 1421 1653 Dictatoris

121 1667 195 1704 Dii
212 1673 378 1717 vatesque
394 1680 516 1704 eorum
534 1670 572 1704 in
587 1668 763 1716 futurum
780 1669 902 1704 vident
918 1683 929 1703 .·
958 1668 1096 1714 itaque,
1116 1671 1157 1710 ut
1175 1667 1236 1702 de·
1247 1648 1402 1722 ffifflsssffd

123 1735 179 1767 cet
194 1736 297 1768 certae
314 1733 390 1780 spei
413 1733 552 1780 plenos,
576 1737 611 1768 et
640 1745 719 1768 cum
745 1733 928 1780 inparibus
951 1743 1077 1767 manus
1098 1742 1241 1766 conserve*

124 1798 235 1837 turos,
261 1796 349 1843 pilis
368 1800 452 1831 ante
476 1797 584 1844 pedes
607 1797 746 1844 positis,
774 1797 912 1843 gladiis
934 1799 1076 1831 tantum
1096 1795 1240 1830 dextras

124 1871 326 1895 armemus:
354 1872 399 1896 ne
418 1862 589 1908 procurri
611 1861 753 1908 quidem
777 1860 822 1895 ab
847 1861 925 1896 acie
949 1860 1069 1902 velini,
1089 1859 1151 1894 secl
1179 1858 1241 1894 ob-

121 1923 214 1958 nisos
231 1935 291 1958 vos
309 1924 431 1959 stabili
456 1925 575 1971 gradu
594 1925 755 1973 inpetum
775 1923 927 1959 hostium
947 1924 1116 1970 excipere.
1171 1921 1241 1958 Ula·

121 1987 179 2022 illi
196 1999 290 2022 vana
315 1986 503 2033 injecerint
531 1989 693 2030 missilia,
721 1992 757 2024 et
778 1988 880 2036 effusi
897 1987 1074 2023 stantibus
1091 1986 1188 2021 vobis
1204 1998 1242 2021 se

121 2051 323 2093 intulerint,
347 2056 422 2087 tum
441 2053 572 2087 micent
587 2052 718 2099 gladii,
739 2056 774 2087 et
792 2054 913 2088 veniat
931 2053 967 2087 in
986 2055 1137 2087 mentem
1156 2051 1239 2085 uni-

124 2115 260 2161 cuique,
283 2115 384 2151 Deos
410 2117 577 2164 essc,'qzci
595 2116 800 2152 Romanum
823 2115 1018 2162 a‹ljm:ent,·
1047 2115 1160 2155 Deos,
1178 2114 1241 2161 qm·

123 2178 282 2212 secundis
300 2178 422 2214 avibus
450 2181 485 2215 in
511 2180 678 2226 praelium
696 2181 868 2215 miserint.
920 2179 986 2219 Tu,
1015 2179 1054 2213 T.
1077 2176 1236 2217 Quincti,

123 2243 275 2289 equitem
304 2245 459 2280 intentus
488 2245 536 2280 acl
560 2246 719 2292 primum
744 2246 889 2281 initium
918 2245 1006 2279 moti
1034 2243 1241 2278 certaminis

123 2306 263 2344 teneas.-
291 2308 349 2343 ubi
367 2308 497 2344 lzaerere
505 2308 586 2355 jam
606 2311 718 2346 aciem
735 2312 875 2347 conlato
891 2311 983 2358 pede
1000 2311 1142 2353 tideris,
1163 2314 1240 2345 tum
