1573 2598
410 206 566 236 LIBER
588 205 651 234 11.
683 203 792 233 cAr.
814 202 955 232 xnvl.
1150 198 1227 245 145

114 298 255 334 irarum
276 296 430 346 speique
457 293 571 345 pleni.
626 291 742 328 Nunc
763 289 904 341 jubent
928 288 1111 326 Etruscos
1141 303 1229 340 pro·
1244 302 1286 332 u,
1301 300 1340 332 c.
1357 306 1431 336 274.

115 359 186 397 bra
204 359 347 410 jacere,
368 370 470 395 nunc
495 355 647 393 armatis
673 353 746 390 sibi
768 353 926 403 quisque
948 352 1078 401 lingua
1103 366 1230 403 prom-
1242 344 1333 377 A·c·
1348 349 1426 379 4⁷⁸·

116 428 199 460 tum
228 424 377 460 hostem
403 420 556 458 obferri.
613 418 796 455 Omnium
821 416 887 453 illo
907 417 980 460 die,
1001 430 1075 466 qua
1095 417 1231 467 plebis,

118 501 194 536 qua
221 487 391 530 Panum,
422 485 560 522 eximia
586 483 704 519 virtus
737 481 822 519 fuit.
878 481 1040 518 Fabium
1075 494 1232 525 nomen,

119 550 239 588 Fabia
263 562 354 599 gens
384 548 547 585 maxime
570 546 730 583 enituit:
761 544 890 581 multis
913 543 1084 581 civilibus
1112 552 1233 582 certa-

118 613 282 651 minibus
308 613 475 649 infensos
504 609 624 660 plebis
647 609 793 646 animos
824 608 889 644 illa
916 620 1045 658 pugna
1073 608 1146 645 sibi
1174 622 1234 645 re-

120 677 323 716 conciliare
358 681 543 712 statuunt.
600 673 807 710 Instruitur
842 673 964 709 acies:
995 685 1066 710 nec
1094 673 1232 710 Veiens

117 742 239 779 hostis
258 741 503 789 Etruscaeque
522 738 691 787 legiones
712 737 936 775 detrectant.

173 804 320 843 XLVI.
348 804 474 854 Prope
503 809 606 839 certa
628 814 711 853 spes
739 808 833 845 erat,
855 813 935 838 uon
963 802 1083 851 magis
1110 814 1238 839 secum

123 875 373 922 pugnaturOS,
391 880 510 918 *quam
534 866 788 917 pugnaverint
816 866 1084 916 cumiAEquis:
1116 865 1238 916 majus

123 946 273 983 quoque
293 931 458 981 aliquod,
478 932 519 967 in
546 936 626 967 tam
647 930 803 966 irritatis
827 930 961 966 animis
983 936 1020 966 et
1038 930 1242 966 occasione

125 998 297 1048 ancipiti,
321 996 424 1033 haud
450 995 723 1045 desperandum
750 1007 830 1030 esse
849 993 1008 1031 facinus.
1063 993 1142 1031 Res
1172 993 1242 1030 ali-

126 1068 184 1097 tcr
206 1061 320 1109 longe
341 1059 490 1096 evenit:
523 1071 611 1095 nam
630 1071 708 1095 non
731 1058 806 1094 alio
833 1068 920 1094 ante
941 1057 1043 1094 bello
1068 1057 1246 1094 infestior

126 1124 324 1162 Romanus
347 1124 459 1172 (adeo
485 1123 573 1159 hinc
599 1123 837 1159 contumeh‘is
867 1123 1011 1166 hostes,
1037 1123 1126 1158 hinc
1150 1135 1241 1158 cor.-

129 1188 226 1225 sules
247 1201 354 1224 mora
373 1187 707 1235 exacerbaverant)
730 1187 904 1238 proelium
928 1189 1024 1225 iniit.
1081 1189 1156 1224 Vix
1176 1202 1242 1225 ex-

126 1252 291 1304 plicandi
321 1252 463 1288 ordinis
493 1253 656 1302 spatium
681 1252 852 1288 Etruscis
881 1253 967 1295 fuit,
997 1266 1127 1302 quum,
1157 1253 1242 1304 pilis
1255 1272 1404 1306 Praelium

127 1320 226 1354 inter
254 1318 413 1367 primam
441 1316 734 1366 trepidationem
760 1316 917 1366 abjectis
941 1324 1081 1353 temere
1107 1320 1240 1368 magis,
1254 1318 1429 1350 committi<

125 1395 242 1431 quam
261 1382 419 1423 emissis,
441 1393 569 1430 pugna
581 1380 664 1431 jam
684 1382 724 1417 iu
743 1394 890 1425 manus,
904 1381 988 1433 jam
1011 1382 1058 1418 ad
1082 1382 1242 1431 gladios,
1255 1367 1316 1392 tur.

128 1446 194 1483 ubi
212 1445 317 1482 Mars
338 1452 394 1481 est
414 1446 684 1489 atrocissimus,
705 1453 870 1483 venerat.
928 1446 1032 1483 Inter
1061 1448 1243 1498 primores

131 1523 248 1558 genus
276 1510 436 1547 Fabium
462 1510 611 1558 insigne
636 1511 851 1560 spectaculo
879 1510 1127 1562 exemploque
1152 1514 1244 1549 civi·

130 1573 199 1611 bus
230 1580 335 1610 erat:
368 1586 414 1610 ex
442 1573 500 1610 his
521 1574 569 1613 Q.
588 1573 763 1617 Fabium,
787 1575 919 1622 (tertio
944 1575 1005 1611 hic
1032 1589 1132 1612 anno
1155 1583 1262 1623 ante„

132 1637 264 1675 consul
282 1638 422 1686 fuerat)
444 1639 654 1689 principem
679 1640 717 1675 in
738 1639 1130 1678 confertos-Veientes
1151 1654 1244 1678 eun-

130 1711 222 1745 tem,
251 1701 360 1738 ferox
377 1702 518 1739 viribus
545 1709 583 1739 et
608 1716 798 1740 armorum
826 1711 905 1740 arte
926 1704 1087 1749 Tuscus,
1114 1706 1244 1742 incau-

132 1772 213 1801 tum
242 1765 340 1800 inter
367 1765 504 1802 multas
524 1772 737 1802 versantem
757 1767 926 1802 hostium
948 1781 1096 1811 manus,
1120 1768 1245 1817 gladio

132 1841 199 1879 per
234 1834 363 1877 pectus
400 1829 614 1877 transfigit:
647 1829 724 1866 telo
753 1836 938 1874 extracto,
977 1844 1141 1881 praeceps
1170 1832 1243 1869 Fa-

133 1892 217 1930 bius
237 1893 275 1928 in
296 1892 429 1928 vulnus
450 1893 556 1930 abiit.
604 1893 730 1929 Sensit
749 1900 906 1943 utraque
926 1895 1024 1931 acies
1045 1897 1154 1932 unius
1174 1897 1244 1933 viri

132 1970 274 2001 casum,
295 1957 527 2006 cedebatque
546 1958 633 1994 inde
652 1957 850 1994 Romanus
866 1973 873 1993 :
896 1971 1011 2007 quum
1030 1959 1087 1996 M.
1102 1959 1242 1997 Fabius

134 2022 266 2059 consul
284 2022 475 2058 transiluit
490 2021 656 2072 jacentis
676 2035 826 2072 corpuS,
848 2023 1074 2073 objectaque
1096 2037 1240 2075 parma,

130 2087 210 2124 Hoc
219 2084 383 2132 jurastis,
410 2086 547 2135 inquit,
566 2088 708 2127 milites,
717 2087 902 2136 fugientes
919 2100 979 2125 vos
995 2090 1034 2124 in
1052 2094 1168 2125 castra
1186 2103 1241 2126 re·

130 2151 298 2186 ditm-os?
324 2151 412 2185 adeo
433 2151 673 2197 ignavissimos
697 2150 809 2187 hostes
829 2152 944 2198 ‘magis
969 2153 1112 2194 timetis,
1135 2165 1242 2200 quamv

131 2213 257 2252 ,Iovem
275 2212 512 2262 Martemque,
528 2225 595 2262 per
613 2226 698 2262 quos
705 2212 857 2260 jurastis
869 2216 890 2251 .9
917 2216 969 2250 At
986 2227 1049 2263 ego
1068 2214 1243 2262 injuratus

132 2281 196 2314 aut
214 2278 324 2327 victor
340 2282 508 2321 revertar,
529 2282 593 2314 aut
613 2290 726 2327 prope
749 2283 782 2315 te
800 2278 869 2322 hic,
893 2280 936 2326 Q.
955 2280 1053 2323 Fabi,
1074 2281 1245 2317 dimicans
1264 2294 1266 2297 ’

130 2341 268 2379 cadam.
325 2340 484 2379 Consuli
511 2347 593 2380 tum
619 2341 672 2380 K.
695 2341 836 2380 Fabius
864 2343 1000 2395 prioris
1030 2343 1121 2381 anni
1148 2356 1240 2381 cou-=

176 2404 279 2441 VoL.
298 2403 331 2442 I.
666 2406 707 2444 H
