1573 2598
342 198 427 255 380
793 206 844 239 Τ.
871 210 1003 239 mvn

124 302 219 335 U.C·
235 309 310 336 864.
342 307 415 349 'q‘ue
433 311 559 350 opem,
580 310 663 348 quae
682 306 757 335 una
782 305 876 342 erat,
895 299 953 335 M.
972 298 1129 336 Furium
1154 298 1202 336 ab
1228 299 1320 336 u'rbe
1346 311 1452 336 amo—

122 347 310 420 ss'agilffisffl
341 376 453 400 vere:
487 364 565 413 qui,
588 363 648 400 die
673 362 774 400 ‹Ii-cta
797 363 846 400 ab
862 363 910 400 L.
930 363 1120 413 Appuleio
1148 362 1304 399 tribuno
1331 362 1452 412 plebis

125 439 295 481 accusatus
342 432 498 477 propter
527 427 692 476 praedam
721 427 987 469 Veientanam,
1016 426 1096 462 filio
1127 438 1277 475 quoque
1306 425 1454 462 adoles-

124 475 331 548 ¹a¹ssissf⁵¹¹¹um
343 496 454 527 cente
481 503 548 540 per
576 491 674 526 idem
702 496 850 540 tempus
873 490 1044 532 orbatus,
1071 503 1201 539 quum,
1229 489 1362 526 adcitis
1385 489 1455 525 do-

342 564 446 590 mum
475 554 675 590 tribulibus
706 554 995 603 clientibusque,
1028 556 1184 603 (magna
1211 566 1297 603 pars
1334 552 1455 603 plebis

343 619 443 665 erat)
470 623 738 668 percunctatus
764 619 910 654 animos
931 631 1075 660 eorum,
1100 630 1321 667 responsum
1347 616 1458 654 tulis-

343 688 415 725 set,
445 693 482 719 se
513 684 729 726 conlaturos,
765 685 890 731 quanti
922 684 1114 719 damnatus
1149 687 1247 725 esset,
1282 682 1460 719 absolvere

344 758 426 782 eum
444 759 515 783 non
537 759 650 794 posse,
672 747 710 782 in
740 745 913 782 exsilium
942 746 1059 782 abiit:
1091 753 1265 795 precatus
1295 744 1343 781 ab
1371 743 1457 780 Diis

343 808 624 852 inmortalibus,
649 811 680 846 si
707 811 849 845 innoxio
877 810 943 845 sibi
968 822 1011 845 ea
1038 808 1171 855 injuria
1186 810 1310 857 fieret,
1336 809 1458 856 primo

343 884 481 921 quoque
509 877 665 921 tempore
691 874 904 909 desiderium
931 874 987 908 sui
1015 874 1153 909 civitati
1182 875 1333 920 ingratae
1350 870 1458 920 face-

343 942 448 974 rent:
483 936 618 973 absens
648 937 863 985 quindecim
891 936 1057 972 millibus
1087 937 1209 985 gravis
1240 937 1323 972 aeris
1352 935 1458 971 dam·

342 1006 469 1036 natur.

396 1063 600 1101 XXXIII.
636 1063 809 1113 Expulso
839 1064 933 1106 cive,
964 1076 1039 1112 quo
1068 1069 1260 1105 manente,
1291 1062 1322 1098 si
1351 1061 1458 1111 quid-

343 1140 456 1176 quam
494 1128 747 1163 humanorum
780 1128 872 1162 certi
900 1133 971 1169 est,
1006 1127 1090 1176 capi
1123 1126 1249 1162 Roma
1279 1137 1357 1162 non
1387 1137 1459 1175 po-

128 1189 235 1238 Legati
256 1186 335 1239 Clu-
346 1198 495 1236 tuerat3
527 1192 755 1228 adventante
780 1191 888 1228 fatali
916 1192 1000 1228 urbi
1021 1192 1138 1234 clade,
1160 1191 1274 1241 legati
1301 1191 1347 1227 ab
1369 1189 1461 1226 Clu-

126 1234 317 1315 {12:213ng
347 1257 438 1292 sinis
476 1256 646 1297 veniunt,
685 1255 867 1291 auxilium
905 1256 1080 1292 adversus
1111 1255 1242 1292 Gallos
1275 1260 1461 1304 petentes.

126 1325 238 1389 {Omra
258 1319 334 1350 Gal·
345 1320 441 1356 Eam
464 1325 615 1368 gentem
635 1319 798 1355 traditur
815 1319 930 1362 fama,
952 1320 1148 1356 dulcedine
1167 1320 1319 1368 frugum
1339 1317 1461 1354 maxi-

141 1369 185 1390 ⁰⁵⁰
344 1397 479 1432 meque
510 1384 603 1426 viui,
640 1396 739 1419 nova
774 1390 857 1419 tum
893 1384 1102 1433 voluptate,
1141 1390 1304 1433 captam,
1343 1381 1460 1432 Alpes

342 1449 537 1491 transisse,
568 1459 755 1496 agrosque
784 1447 831 1483 ab
859 1447 1029 1484 Etruscis
1060 1453 1148 1482 ante
1178 1446 1300 1482 cultos
1330 1456 1462 1495 posse-

342 1506 467 1546 disse?
509 1516 547 1546 et
584 1512 769 1546 invexisse
806 1511 846 1546 in
883 1502 1047 1546 Galliam
1085 1512 1211 1546 vin-„tm
1250 1508 1461 1545 inliciendae

343 1573 467 1622 gentis
488 1586 622 1609 caussa
636 1574 821 1608 Aruntem
840 1573 1052 1615 Clusinum,
1075 1575 1129 1608 ira
1150 1579 1344 1621 conruptae
1365 1583 1461 1606 uxo-

342 1638 392 1673 ris
417 1636 464 1672 ab
487 1636 727 1679 Lucumone,
752 1638 811 1673 cui
841 1643 946 1672 tutor
975 1638 1005 1672 is
1037 1637 1158 1673 fuerat
1188 1637 1282 1686 ipse,
1312 1647 1461 1684 praepo·

342 1706 447 1737 tente
470 1700 626 1750 juvene,
657 1706 695 1736 et
724 1713 746 1736 a
776 1713 851 1749 quo
881 1702 1007 1750 expeti
1037 1714 1174 1750 poenae,
1204 1701 1276 1735 nisi
1307 1705 1462 1735 externa

342 1765 395 1800 vis
434 1765 595 1813 quaesita
632 1771 744 1807 esset,
783 1766 1007 1814 nequirent:
1048 1766 1149 1800 hunc
1179 1762 1461 1800 transeuntibus

341 1829 457 1879 Alpes
484 1830 632 1873 ducem,
654 1836 922 1878 auctoremque
944 1829 1115 1864 Clusium
1134 1827 1379 1877 obpugnandi
1399 1825 1460 1862 fu-

340 1894 427 1930 isse.
483 1894 670 1942 Equidem
700 1894 800 1930 haud
831 1893 1042 1936 abnuerim,
1065 1892 1235 1928 Clusium
1255 1889 1386 1926 Gallos
1411 1889 1458 1926 ab

340 1958 504 2000 Arunte,
535 1971 598 1994 seu
631 1971 706 2006 quo
736 1957 811 1994 alio
839 1957 1013 2000 Clusino,
1044 1957 1252 1993 adductos:
1285 1954 1350 1990 sed
1378 1965 1458 1996 eos,

342 2021 408 2069 qui
436 2021 742 2071 obpugnaverint
772 2021 958 2064 Clusium,
988 2034 1066 2056 non
1095 2020 1224 2062 fuisse,
1256 2019 1317 2067 qui
1348 2018 1460 2067 primi

341 2084 459 2134 Alpes
495 2086 729 2128 transierint,
764 2087 855 2121 satis
893 2091 1070 2122 constat:
1110 2083 1281 2120 ducentis
1320 2082 1459 2131 quippe

342 2149 452 2184 annis
475 2155 578 2192 ante,
606 2162 718 2197 quam
746 2149 916 2185 Clusium
944 2149 1224 2199 obpugnarent,
1253 2145 1459 2194 urbemque

342 2211 508 2248 Romam
534 2219 726 2263 caperent,
756 2213 793 2248 in
816 2211 967 2249 Italiam
987 2211 1088 2248 Galli
1117 2209 1454 2246 transcenderunt:

342 2287 412 2311 nec
441 2288 526 2312 cum
555 2276 614 2312 his
643 2277 805 2326 primum
830 2275 1095 2318 Etruscorum,
1126 2274 1192 2310 sed
1220 2272 1341 2309 multo
1371 2277 1459 2308 ante

341 2350 428 2377 cum
453 2341 512 2385 iis,
533 2342 597 2393 qui
624 2341 723 2378 inter
741 2341 987 2392 Apenninum
1006 2339 1198 2391 Alpesque
1224 2336 1456 2380 incolebant,
