1573 2598
81 283 124 314 U.
142 283 178 314 C.
197 288 270 315 26³.

80 327 119 358 A.
137 327 173 358 C.
192 334 267 360 489.

113 2286 151 2316 C.
163 2284 306 2315 Marcius
321 2290 410 2326 beat·

106 2336 284 2360 &CM-&babai-

299 203 380 245 130
750 203 954 232 T.L1V11

296 287 478 331 Romani,
516 294 554 324 et
587 287 731 324 Norbae
768 289 807 324 in
843 295 992 325 montes
1029 302 1167 326 novam
1203 290 1407 334 coloniam,

297 364 380 400 quae
400 365 465 388 arx
493 352 531 387 in
550 351 757 401 Pomptino
777 360 889 395 esset,
910 353 1104 389 miserunt.
1158 352 1216 390 M.
1234 353 1409 390 Minucio

297 416 432 452 deinde
458 421 496 452 et
514 416 561 452 A.
583 415 807 465 Sempronio
837 416 1068 460 consulibus,
1091 429 1231 465 magna
1248 419 1303 453 vis
1331 417 1410 454 fru-

296 480 416 516 menti
444 493 488 516 ex
520 479 649 516 Sicilia
676 479 861 516 advecta:
901 481 1161 530 agitatumque
1189 482 1227 517 in
1262 488 1410 525 senatu,

297 544 430 594 quanti
465 543 567 594 plebi
604 544 767 581 daretur.
821 544 939 581 Multi
966 546 1113 582 venisse
1143 552 1292 595 tempus
1327 558 1413 595 pre-

299 608 444 644 meudae
476 607 595 659 plebis
625 608 826 659 putabant,
855 610 1175 659 recuperandique
1196 609 1300 659 jura,
1331 613 1414 658 quae

300 677 451 708 extorta
475 672 686 708 secessione
705 685 748 708 ac
767 673 804 708 vi
829 672 1006 710 Patribus
1033 680 1183 710 essent:
1216 674 1254 709 in
1283 673 1413 724 primis

300 735 468 773 Marcius
489 735 731 780 Coriolanus,
755 737 876 773 hostis
899 737 1112 774 tribuniciae
1137 737 1351 787 potestatis,
1372 738 1416 774 Si

302 818 490 848 annonam,
528 806 665 855 inquit,
699 810 849 842 veterem
875 807 1010 850 volunt,
1030 805 1093 853 jus
1116 808 1306 855 pristinum
1334 808 1416 842 red-

303 871 390 906 dant
410 870 589 906 Patribus.
647 870 719 906 Cur
746 883 809 919 ego
833 871 986 918 plebeios
1008 872 1249 918 magistratus,
1274 883 1336 907 cur
1354 872 1416 907 Si-

302 937 432 971 cinium
457 940 635 983 potentem
659 936 771 978 video,
793 936 855 971 sub
869 934 1000 982 jugum
1025 937 1160 978 missus,
1187 940 1369 983 tamquam
1395 949 1424 972 a

303 1001 495 1037 latronibus
529 1002 702 1037 redemtus
718 1002 739 1036 ,9
767 1001 890 1048 Egone
926 1000 990 1036 has
1023 1001 1252 1047 indignitates
1287 1000 1420 1036 diutius

298 1067 436 1114 patiar,
457 1078 563 1114 quam
586 1077 719 1101 necesse
739 1069 789 1101 est
805 1066 826 1101 ,⁹
859 1066 1092 1113 Tarquinium
1118 1076 1234 1112 regem
1263 1066 1324 1112 qui
1350 1077 1420 1101 non

305 1130 458 1172 tulerim,
493 1129 667 1165 Sicinium
692 1128 855 1178 feram?
883 1130 1022 1164 secedat
1053 1140 1158 1171 nunc,
1191 1133 1312 1164 avocet
1338 1129 1418 1177 ple-

303 1194 378 1229 bem
392 1209 403 1229 :
427 1197 530 1241 patet
547 1195 606 1229 via
625 1195 660 1229 in
679 1193 831 1229 Sacrum
849 1197 1002 1228 montem
1021 1193 1175 1240 aliosque
1193 1192 1306 1228 colles.
1341 1191 1418 1228 Ra-

299 1259 406 1307 piant
422 1252 621 1306 frumenta
639 1269 680 1292 ex
707 1258 804 1305 agris
829 1257 968 1298 nostris,
994 1256 1287 1305 quemadmodum
1317 1257 1420 1292 tertio

303 1333 396 1358 anno
414 1333 572 1369 rapuere.
636 1321 792 1357 Utantur
817 1333 970 1363 annona,
993 1333 1100 1369 quam
1116 1319 1249 1368 furore
1276 1332 1338 1356 suo
1355 1319 1419 1368 fe·

306 1399 391 1424 cere.
448 1388 573 1423 Audeo
606 1388 732 1429 dicere,
763 1386 827 1422 hoc
864 1387 958 1422 malo
996 1387 1145 1422 domitos
1182 1387 1272 1434 ipsos
1301 1388 1423 1434 potius

307 1453 456 1487 auctores
480 1463 644 1498 agrorum
662 1450 763 1500 fore,
784 1463 890 1499 qzcam
905 1455 946 1486 ut
970 1451 1102 1486 armati
1121 1462 1188 1498 per
1204 1451 1425 1486 secessionem

307 1517 375 1552 coli
393 1515 614 1568 prohibeant.
672 1514 788 1550 Haud
816 1520 894 1549 tam
923 1513 1033 1550 facile
1063 1513 1166 1549 dictu
1191 1519 1260 1556 est,
1281 1513 1423 1549 facien-

309 1579 448 1616 dumne
466 1579 594 1622 fuerit,
616 1591 727 1627 quam
750 1577 920 1628 potuisse
951 1577 1116 1613 arbitror
1139 1577 1234 1621 fieri,
1255 1584 1311 1621 ut,
1332 1591 1423 1614 con-

310 1629 517 1680 ditionibus
547 1643 699 1679 laxandi
728 1655 935 1685 annonam,
966 1648 1005 1678 et
1035 1642 1279 1678 tribuniciam
1315 1648 1424 1692 pote—

311 1713 463 1751 statem,
494 1713 531 1743 et
560 1707 690 1742 omnia
718 1706 846 1742 invitis
877 1705 968 1756 jura
1004 1705 1172 1756 inposita
1199 1705 1332 1742 Patres
1361 1705 1425 1742 dc-

314 1778 460 1809 merent
480 1771 564 1807 sibi.

367 1838 540 1875 XXXV.
559 1837 611 1874 Et
628 1837 774 1874 senatui
794 1836 906 1873 nimis
927 1842 1037 1873 atrox
1052 1837 1132 1873 visa
1151 1837 1339 1872 sententia
1357 1841 1429 1879 est,

315 1910 352 1939 et
386 1902 534 1952 plebem
561 1903 618 1938 ira
645 1914 764 1951 prope
793 1900 963 1936 armavit.
1020 1901 1127 1936 Fame
1157 1912 1193 1936 se
1214 1899 1309 1947 jam,
1341 1902 1431 1937 sicut

317 1966 439 2009 hostes,
464 1968 564 2015 peti5
596 1966 669 2001 cibo
694 1967 856 2012 victuque
870 1963 1047 2013 fraudari
1064 1981 1075 2000 .·
1102 1966 1325 2012 peregrinum
1341 1964 1432 2013 fru-

303 2036 482 2077 mentum,
504 2042 580 2078 quce
597 2031 673 2065 sola
691 2018 928 2065 alimenta‘ex
949 2030 1125 2076 insperato
1142 2027 1299 2077 fortuna
1327 2030 1432 2065 dede-

316 2097 378 2139 rit,
399 2096 442 2132 ab
467 2108 526 2132 ore
542 2097 636 2144 rapi,
657 2096 723 2144 nisi
745 2094 783 2131 C.
801 2094 942 2130 Marcio
959 2095 1068 2130 vincti
1093 2095 1268 2129 dedantur
1288 2094 1432 2138 tribuni,

317 2162 384 2197 nisi
409 2162 451 2197 de
476 2166 572 2208 tergo
598 2160 709 2209 plebis
728 2159 901 2195 Romana?
922 2158 1083 2206 satisfiat.
1141 2159 1235 2193 Eum
1262 2158 1326 2193 sibi
1353 2171 1434 2194 car-

316 2226 454 2276 nificem
482 2237 607 2262 novum
635 2229 807 2266 exortum,
828 2226 889 2272 qui
917 2229 980 2261 aut
1010 2225 1111 2266 mori,
1136 2229 1199 2259 aut
1225 2218 1352 2260 servire
1369 2223 1434 2271 Ju-

468 2289 512 2325 ln
542 2295 742 2326 exeuntem
765 2301 784 2324 e
811 2289 916 2324 curia
938 2289 1087 2338 inpetus
1113 2287 1235 2324 factus
1262 2295 1373 2331 esset,
1393 2289 1435 2324 ni

324 2360 604 2406 peropportune
636 2353 780 2391 tribuni
812 2353 911 2390 dlem
945 2352 1140 2390 dixissent.
1197 2351 1257 2388 lbi
1294 2352 1350 2388 ira
1378 2357 1436 2389 est
