1573 2598
365 152 418 184 22
816 153 862 183 T.
887 155 1020 185 mvn

360 240 441 276 lum
477 238 646 276 Hersilia
676 238 830 290 conjux,
862 241 1036 292 precibus
1072 248 1266 294 raptarum
1297 245 1472 297 fatigata,

361 312 460 348 orat,
483 311 524 341 ut
552 304 770 355 parentibus
797 318 924 342 earum
949 305 1012 343 det
1030 308 1192 350 veniam,
1214 315 1253 344 et
1276 309 1316 346 in
1341 311 1473 349 civita-

360 376 438 406 tem
466 370 652 421 accipiat:
685 369 739 406 ita
765 381 844 406 rem
873 370 1083 407 coalescere
1112 373 1315 409 concordia
1349 387 1474 425 posse.

143 439 346 491 Crustumini
360 432 488 471 Facile
517 434 760 485 inpetratum.
796 435 891 472 Inde
923 443 1058 473 contra
1086 438 1351 477 Crustuminos
1383 453 1472 492 pro-

142 491 231 517 ’κω
357 498 493 543 fectus,
522 497 664 536 bellum
699 498 916 536 inferentes.
971 499 1030 537 Ibi
1061 501 1184 538 minus
1213 504 1342 547 etiam,
1371 505 1474 554 quod

357 563 489 602 alienis
527 563 695 602 cladibus
731 565 945 601 ceciderant
976 565 1107 610 animi,
1137 568 1352 605 certaminis
1385 569 1474 608 fuit.

332 628 533 679 ‘Utroque
554 629 714 666 coloniae
743 629 892 666 missae:
923 629 1048 679 plures
1078 631 1236 675 inventi,
1263 633 1328 681 qui
1356 645 1471 684 prop-

140 697 184 731 U.
200 699 238 731 C.
257 707 286 732 5.
355 700 414 730 ter
442 693 655 730 ubertatem
681 699 792 730 terrae
827 693 868 730 in
897 693 1183 731 Crustuminum
1215 696 1374 733 nomina
1404 697 1470 735 da-

138 743 180 775 A·
195 743 234 774 C·
249 749 324 780 747.
353 763 464 794 rent:
496 763 535 795 et
565 757 732 794 Romam
759 757 848 795 inde
876 758 1094 808 frequenter
1119 759 1325 809 migratum
1351 767 1423 805 est,
1448 773 1472 799 ι

136 831 297 865 Sabinum
352 821 573 873 parentibus
603 822 768 860 maxime
799 835 843 860 ac
869 823 1091 874 propinquis
1124 830 1329 875 raptarum.
1384 824 1469 862 No-

135 875 274 909 beuum·
349 887 545 923 vissimum
577 885 625 923 ab
663 885 813 923 Sabinis
849 885 992 924 bellum
1029 893 1169 932 ortum,
1198 887 1396 939 multoque
1429 887 1470 927 id

348 952 557 988 maximum
587 950 683 987 fuit:
713 950 811 988 nihil
835 951 937 989 enim
963 964 1032 1003 per
1058 952 1154 989 iram
1187 958 1253 989 aut
1280 952 1467 1004 cupidita·

345 1021 425 1052 tem
444 1022 572 1052 actum
591 1021 649 1052 est
669 1029 678 1050 ε
709 1028 779 1052 nec
799 1015 1047 1052 ostenderunt
1064 1014 1206 1052 bellum
1231 1016 1334 1066 prius
1354 1028 1467 1065 quam

343 1078 569 1116 intulerunt.
617 1078 789 1115 Consilio
808 1079 924 1115 etiam
944 1079 1092 1115 additus
1112 1078 1234 1116 dolus.
1286 1079 1351 1130 Sp.
1369 1078 1467 1116 Tar-

343 1144 451 1196 peius
480 1143 668 1180 Romanae
704 1149 864 1194 praeerat
896 1143 986 1180 arci.
1042 1142 1169 1194 Hujus
1207 1142 1324 1181 filiam
1350 1143 1467 1194 virgi-

345 1221 434 1246 nem
463 1220 556 1245 auro
585 1207 803 1258 conrumpit
828 1208 978 1251 Tatius,
1008 1214 1051 1244 ut
1078 1214 1244 1245 armatos
1273 1208 1313 1246 in
1341 1220 1466 1246 arcem

345 1273 534 1324 accipiat:
566 1284 703 1322 aquam
731 1271 832 1308 forte
861 1284 906 1308 ea
935 1276 1018 1308 tum
1042 1272 1157 1308 sacris
1190 1278 1298 1308 extra
1322 1272 1466 1311 moenia

343 1338 507 1389 petitum
543 1335 651 1373 ierat.
705 1335 867 1386 Accepti
895 1334 1072 1372 obrutam
1104 1335 1218 1373 armis
1253 1347 1461 1372 necavere:

343 1414 412 1439 seu
439 1407 483 1438 ut
507 1402 545 1438 vi
569 1407 681 1452 capta
712 1400 839 1451 potius
868 1413 937 1436 arx
956 1399 1159 1443 videretur,
1186 1411 1254 1436 seu
1278 1399 1464 1450 prodendi

343 1466 508 1519 exempli
528 1479 673 1510 caussa,
693 1478 742 1502 ne
761 1464 851 1515 quid
877 1477 1035 1515 usquam
1054 1464 1170 1502 fidum
1197 1464 1384 1515 proditori
1404 1476 1462 1500 es-

308 1542 311 1543 ’
342 1539 412 1569 set.
468 1531 634 1569 Additur
655 1529 808 1574 fabulae,
829 1529 931 1580 quod
950 1529 1064 1579 vulgo
1091 1528 1223 1566 Sabini
1250 1540 1381 1566 aureas
1402 1541 1461 1565 ar-

340 1595 463 1633 millas
493 1595 622 1644 magni
650 1594 828 1645 ponderis
856 1593 1015 1630 brachio
1043 1592 1154 1636 laevo,
1175 1598 1461 1642 gemmatosque

340 1672 481 1709 magna
518 1659 643 1710 specie
679 1656 839 1695 annulos
881 1656 1099 1700 habuerint,
1136 1656 1325 1707 pepigisse
1361 1668 1459 1700 eam,

340 1724 444 1773 quod
475 1724 515 1760 in
544 1722 705 1759 sinistris
736 1720 911 1758 manibus
944 1720 1154 1765 haberent3
1188 1732 1234 1756 co
1266 1726 1374 1756 scuta
1404 1719 1460 1756 illi

340 1800 412 1839 pro
430 1787 553 1826 aureis
573 1786 682 1823 donis
703 1790 897 1834 congesta.
953 1784 1064 1827 Sunt,
1090 1784 1155 1834 qui
1184 1795 1268 1821 eam
1295 1796 1340 1821 ex
1370 1795 1459 1834 pac-

339 1860 384 1888 to
419 1851 607 1895 tradendi,
637 1851 739 1900 quod
772 1851 811 1886 in
849 1849 1009 1885 sinistris
1047 1847 1222 1886 manibus
1251 1854 1363 1891 esset,
1401 1848 1458 1884 di-

340 1923 446 1954 recto
474 1928 579 1953 arma
605 1915 745 1965 petisse
774 1914 928 1951 dicant:
960 1920 998 1950 et
1025 1913 1157 1950 fraude
1184 1913 1304 1949 visam
1331 1924 1458 1961 agere,

339 1993 407 2018 sua
426 1981 547 2031 ipsam
566 1987 775 2031 peremtam
793 1977 976 2015 mercede.

394 2044 493 2083 XII.
520 2044 695 2082 Tenuere
721 2049 850 2080 tamen
879 2055 1004 2080 arcem
1033 2040 1189 2078 Sabini:
1229 2048 1342 2091 atquc
1370 2039 1458 2078 inde

338 2117 494 2162 postero
531 2110 606 2152 die,
638 2120 755 2158 quum
781 2107 981 2145 Romanus
1019 2107 1206 2144 exercitus
1234 2106 1456 2147 instructus,

338 2174 441 2225 quod
467 2176 568 2211 inter
587 2167 806 2210 Palatinum
825 2171 1159 2223 Capitolinumque
1177 2169 1313 2208 collem
1332 2169 1457 2220 campi

336 2231 668 2290 est,⁴con1plesset,
690 2249 770 2274 non
798 2237 900 2288 prius
928 2236 1201 2274 descenderunt
1226 2236 1265 2272 in
1291 2246 1454 2285 aequum,

336 2317 465 2354 quam,
497 2304 555 2342 ira
585 2310 625 2341 ct
653 2302 860 2356 cupiditate
895 2301 1160 2355 recuperandae
1192 2300 1289 2339 arcis
1320 2300 1454 2340 stimu-
