1573 2598
450 212 606 243 mmm
630 209 700 242 xv.
731 207 838 242 eAr’.
862 214 1030 243 xxxu.
1213 213 1295 258 299

174 311 326 351 quoque
353 300 488 350 religio
511 299 694 343 obstaret,
715 312 763 336 ne
789 312 868 336 non
888 306 1017 350 posset
1035 300 1109 337 nisi
1129 300 1176 338 ab
1197 314 1288 339 con·
1305 306 1394 337 U‘.C.
1411 313 1486 342 :329-

175 364 256 402 sule
286 366 359 401 dici
389 365 566 408 dictator,
593 377 754 414 augures
778 365 941 401 consulti
963 377 1044 401 eam
1065 365 1289 415 religionem
1300 351 1340 382 Α·
1357 350 1395 382 C·
1410 357 1487 384 ⁴²³·

174 427 358 467 exemere.
413 429 462 466 A.
482 428 680 465 Cornelius
702 428 927 465 dictatorem
945 427 1066 466 Mam.
1086 429 1288 467 AEmilium
1299 434 1488 508 gamfreus

1347 489 1390 508 ml
1406 488 1456 511 lus

173 492 295 529 dixit:
328 499 365 529 et
394 493 473 542 ipse
506 491 554 528 ab
583 504 630 528 eo
658 492 840 541 magister
867 493 1038 542 equitum
1067 499 1125 530 est
1150 493 1286 532 dictus.
1299 522 1444 554 dictator.

173 558 297 601 Adeo,
328 557 439 594 simul
463 557 619 593 fortuna
639 557 804 592 civitatis
825 557 964 602 virtute
982 569 1071 594 vera
1090 558 1208 607 eguit,
1229 559 1289 596 ni-

171 621 227 658 hil
255 622 426 658 censoria
455 621 732 658 animadversio
763 621 900 665 effecit,
931 634 1007 672 quo
1037 622 1160 658 minus
1189 624 1290 673 regi·

172 697 260 722 men
280 698 404 722 rerum
426 698 473 721 ex
492 692 630 722 notata
649 686 805 735 indigne
823 686 938 722 domo
956 692 1159 736 peteretur.
1198 687 1290 724 Vei-

172 756 292 793 entes,
320 763 360 786 re
388 751 554 786 secunda
582 750 687 793 elati,
710 751 835 786 missis
863 751 1004 786 circum
1028 750 1192 787 Etruriae
1217 764 1290 802 po-

171 813 280 865 pulos
311 814 459 862 legatiS,
483 814 672 864 jactando
702 820 777 850 tres
811 814 924 850 duces
953 813 1152 851 Romanos
1175 815 1222 851 ab
1249 827 1290 853 se

171 891 249 914 uno
269 879 404 929 proelio
424 878 543 922 fusos,
565 892 681 927 quum
708 885 837 914 tamen
864 878 1008 914 nullam
1033 879 1175 929 publici
1195 892 1288 916 con-

171 942 245 979 silii
274 943 496 980 societatem
524 944 745 986 movissent,
776 943 1015 979 voluntarios
1046 944 1210 993 undique
1239 944 1288 982 ad

171 1019 275 1057 spem
296 1008 431 1057 praedae
451 1008 702 1044 adsciverunt.
760 1008 840 1045 Uni
869 1008 1112 1044 Fidenatium
1139 1008 1284 1058 populo
1298 1005 1464 1037 Fidessfltffi

171 1071 353 1108 rebellare
382 1072 546 1122 placuit:
580 1079 630 1116 et,
658 1078 853 1121 tamquam
873 1073 946 1108 nisi
973 1073 1020 1108 ab
1047 1072 1186 1109 scelere
1205 1072 1285 1109 bel-
1298 1049 1464 1081 rebellam*

169 1135 248 1172 lum
280 1137 394 1173 ordiri
423 1137 529 1173 nefas
561 1144 672 1180 esset,
705 1138 803 1174 sicut
832 1137 1046 1186 legatorum
1075 1144 1202 1181 antea,
1232 1138 1288 1175 ita

169 1205 250 1235 tum
275 1213 462 1237 novorum
492 1201 718 1237 colonorum
745 1202 845 1237 caede
872 1201 1016 1238 inbutis
1045 1202 1172 1244 armis,
1196 1202 1287 1238 Vei-

167 1263 319 1299 entibus
339 1277 419 1301 sese
441 1264 695 1314 conjungunt.
744 1265 971 1301 Consultare
991 1265 1078 1301 inde
1097 1266 1287 1316 principes

169 1327 330 1365 duorum
358 1329 601 1379 populorum,
623 1330 739 1366 Veios
770 1343 819 1367 an
847 1329 1011 1366 Fidenas
1039 1329 1168 1366 sedem
1196 1329 1289 1366 belli

168 1399 358 1442 caperent.
405 1393 557 1430 Fidenae
577 1395 666 1430 visae
695 1395 1013 1444 opportuniores:
1045 1395 1186 1443 itaque,
1207 1400 1287 1431 tra-

161 1457 269 1508 jecto
288 1459 433 1502 Tiberi,
450 1459 630 1495 Veientes
651 1459 814 1496 Fidenas
834 1459 1112 1495 transtulerunt
1130 1459 1286 1498 bellum.

167 1521 303 1559 Romae
322 1529 445 1559 terror
465 1523 599 1572 ingens
621 1530 701 1559 erat
718 1538 725 1559 :
759 1523 885 1560 adcito
908 1523 1076 1560 exercitu
1097 1523 1143 1560 ab
1164 1523 1284 1568 Veiis,

164 1601 286 1639 eoque
306 1590 390 1640 ipso
409 1589 456 1626 ab
475 1602 516 1626 re
535 1589 633 1625 male
659 1595 768 1638 gesta
793 1589 981 1640 perculso,
1003 1595 1128 1627 eastra
1152 1589 1284 1627 locan-

164 1658 228 1689 tur
253 1659 341 1690 ante
369 1659 519 1703 portam
545 1652 750 1697 Collinam,
779 1660 818 1690 et
843 1654 882 1690 in
909 1655 1025 1690 muris
1051 1655 1187 1691 armati
1206 1655 1284 1691 dis-

164 1717 295 1766 positi,
316 1723 355 1753 et
376 1715 570 1766 justit-ium
595 1717 634 1753 in
661 1717 762 1761 foro,
783 1717 1027 1766 tabernaeque
1047 1717 1206 1755 clausae:
1238 1718 1283 1756 fi-

165 1787 309 1830 untque
329 1781 458 1817 omnia
477 1782 625 1825 castris,
648 1795 763 1831 quam
782 1782 881 1825 urbi,
903 1782 1098 1820 similiora.
1139 1811 1143 1814 -

217 1844 399 1882 XXXII.
439 1845 540 1881 Tum
576 1846 765 1895 trepidam
802 1846 1010 1890 civitatem,
1043 1845 1283 1897 praeconibus

161 1919 230 1959 per
245 1910 348 1945 vicos
367 1909 546 1953 dimissis,
563 1909 728 1945 dictator
748 1909 794 1945 ad
814 1910 1039 1946 concionem
1058 1910 1283 1947 advocatam

163 1974 364 2025 increpuit,
386 1976 481 2023 quod
498 1976 635 2011 animos
652 1986 694 2011 ex
713 1979 787 2011 tam
803 1974 1105 2022 Zevtbzesfortunoe
1122 1987 1278 2012 momen·
1291 1978 1462 2029 DictatorIs

165 2040 210 2075 tis
230 2051 411 2087 suspensos
432 2044 608 2087 gererent,
634 2043 688 2082 ut,
710 2051 828 2087 parva
846 2038 997 2086 jactura
1020 2044 1180 2094 occepta,
1202 2052 1280 2088 quae
1290 2030 1402 2056 mano·

164 2103 241 2150 ipsa
257 2115 328 2139 non
345 2105 476 2139 virtute
494 2103 660 2146 hostium,
681 2114 744 2139 nec
762 2104 904 2150 ignavia
920 2103 1076 2139 Romani
1094 2105 1279 2147 exercitus,

164 2166 225 2200 sed
250 2167 426 2203 discordia
454 2168 724 2215 imperatorum,
753 2171 899 2215 accepta
922 2168 982 2210 sit,
1015 2167 1191 2203 Veientem
1216 2167 1280 2204 ho-

162 2222 251 2265 sterit
268 2232 375 2266 sexies
391 2233 538 2274 victum,
561 2233 826 2279 pertimescant,
847 2232 1069 2279 Fidenasque
1083 2243 1198 2280 prope
1214 2243 1281 2268 scc-

161 2294 243 2341 pius
262 2299 385 2342 captas
403 2307 510 2343 quam
532 2296 765 2344 obpugnatus,
820 2296 976 2333 Eosdem
992 2300 1028 2332 et
1047 2296 1282 2332 Romanoset

162 2356 274 2394 hostes
298 2369 380 2403 esse,
404 2360 465 2408 qui
483 2370 551 2409 per
570 2364 622 2396 tot
639 2360 759 2396 eecula
773 2359 919 2409 fuerint
932 2376 943 2398 :
971 2360 1110 2397 eosdem
1129 2361 1278 2406 ανιὶηιοε,

687 2423 722 2459 Ο
745 2424 767 2460 6
