<?xml version="1.0" encoding="UTF-8"?>
<!DOCTYPE html PUBLIC "-//W3C//DTD XHTML 1.0 Transitional//EN"
    "http://www.w3.org/TR/xhtml1/DTD/xhtml1-transitional.dtd">
<html xmlns="http://www.w3.org/1999/xhtml" xml:lang="en" lang="en">
 <head>
  <title>
</title>
<meta http-equiv="Content-Type" content="text/html;charset=utf-8" />
  <meta name='ocr-system' content='tesseract 3.04.00' />
  <meta name='ocr-capabilities' content='ocr_page ocr_carea ocr_par ocr_line ocrx_word'/>
</head>
<body>
  <div class='ocr_page' id='page_1' title='image "./historiarumquaes01livyuoft/historiarumquaes01livyuoft_0550.png"; bbox 0 0 1573 2598; ppageno 0'>
   <div class='ocr_carea' id='block_1_1' title="bbox 293 157 954 204">
    <p class='ocr_par' dir='ltr' id='par_1_1' title="bbox 293 157 954 204">
     <span class='ocr_line' id='line_1_1' title="bbox 293 157 954 204; baseline -0.014 0"><span class='ocrx_word' id='word_1_1' title='bbox 293 157 379 204; x_wconf 84' lang='lat'><strong>534</strong></span> <span class='ocrx_word' id='word_1_2' title='bbox 750 164 796 193; x_wconf 80' lang='lat' dir='ltr'><strong>T.</strong></span> <span class='ocrx_word' id='word_1_3' title='bbox 825 165 954 195; x_wconf 76' lang='lat' dir='ltr'><strong>mvn</strong></span> 
     </span>
    </p>
   </div>
   <div class='ocr_carea' id='block_1_2' title="bbox 85 245 1404 1781">
    <p class='ocr_par' dir='ltr' id='par_1_2' title="bbox 85 245 1404 1781">
     <span class='ocr_line' id='line_1_2' title="bbox 152 245 1403 302; baseline 0.011 -24"><span class='ocrx_word' id='word_1_4' title='bbox 152 245 385 288; x_wconf 80' lang='lat' dir='ltr'><strong>C·414.ones</strong></span> <span class='ocrx_word' id='word_1_5' title='bbox 422 261 581 297; x_wconf 80' lang='lat' dir='ltr'><strong>usquam</strong></span> <span class='ocrx_word' id='word_1_6' title='bbox 616 247 826 299; x_wconf 82' lang='lat' dir='ltr'><strong>obpositae:</strong></span> <span class='ocrx_word' id='word_1_7' title='bbox 865 251 966 288; x_wconf 88' lang='lat' dir='ltr'><strong>ferro</strong></span> <span class='ocrx_word' id='word_1_8' title='bbox 1003 252 1157 302; x_wconf 83' lang='lat' dir='ltr'>ignique</span> <span class='ocrx_word' id='word_1_9' title='bbox 1192 261 1403 292; x_wconf 80' lang='lat' dir='ltr'><strong>vastantem</strong></span> 
     </span>
     <span class='ocr_line' id='line_1_3' title="bbox 151 289 1404 365; baseline 0.008 -19"><span class='ocrx_word' id='word_1_10' title='bbox 151 289 402 360; x_wconf 66' lang='lat' dir='ltr'><strong>0⁸³38&#39;agros</strong></span> <span class='ocrx_word' id='word_1_11' title='bbox 436 312 553 361; x_wconf 85' lang='lat' dir='ltr'><strong>legati</strong></span> <span class='ocrx_word' id='word_1_12' title='bbox 587 313 812 351; x_wconf 88' lang='lat' dir='ltr'>Samnitium</span> <span class='ocrx_word' id='word_1_13' title='bbox 845 328 978 365; x_wconf 83' lang='lat' dir='ltr'>pacem</span> <span class='ocrx_word' id='word_1_14' title='bbox 1011 324 1162 354; x_wconf 84' lang='lat' dir='ltr'><strong>orantes</strong></span> <span class='ocrx_word' id='word_1_15' title='bbox 1193 319 1346 363; x_wconf 83' lang='lat' dir='ltr'><strong>adeunt,</strong></span> <span class='ocrx_word' id='word_1_16' title='bbox 1381 332 1404 356; x_wconf 79' lang='lat' dir='ltr'>a</span> 
     </span>
     <span class='ocr_line' id='line_1_4' title="bbox 288 375 1404 432; baseline 0.007 -21"><span class='ocrx_word' id='word_1_17' title='bbox 288 388 364 425; x_wconf 88' lang='lat' dir='ltr'><strong>quo</strong></span> <span class='ocrx_word' id='word_1_18' title='bbox 384 375 515 426; x_wconf 87' lang='lat' dir='ltr'><strong>rejecti</strong></span> <span class='ocrx_word' id='word_1_19' title='bbox 541 377 588 413; x_wconf 84' lang='lat' dir='ltr'><strong>ad</strong></span> <span class='ocrx_word' id='word_1_20' title='bbox 606 383 793 421; x_wconf 83' lang='lat' dir='ltr'><strong>senatum,</strong></span> <span class='ocrx_word' id='word_1_21' title='bbox 815 385 1005 428; x_wconf 80' lang='lat' dir='ltr'>potestate</span> <span class='ocrx_word' id='word_1_22' title='bbox 1024 380 1127 416; x_wconf 87' lang='lat' dir='ltr'><strong>facta</strong></span> <span class='ocrx_word' id='word_1_23' title='bbox 1144 380 1306 425; x_wconf 89' lang='lat' dir='ltr'><strong>dicendi,</strong></span> <span class='ocrx_word' id='word_1_24' title='bbox 1333 395 1404 432; x_wconf 89' lang='lat' dir='ltr'><strong>po-</strong></span> 
     </span>
     <span class='ocr_line' id='line_1_5' title="bbox 286 439 1402 492; baseline 0.006 -17"><span class='ocrx_word' id='word_1_25' title='bbox 286 439 367 475; x_wconf 87' lang='lat' dir='ltr'><strong>sitis</strong></span> <span class='ocrx_word' id='word_1_26' title='bbox 388 439 577 477; x_wconf 84' lang='lat' dir='ltr'><strong>ferocibus</strong></span> <span class='ocrx_word' id='word_1_27' title='bbox 604 441 753 485; x_wconf 87' lang='lat' dir='ltr'><strong>animis,</strong></span> <span class='ocrx_word' id='word_1_28' title='bbox 774 455 907 492; x_wconf 87' lang='lat' dir='ltr'>pacem</span> <span class='ocrx_word' id='word_1_29' title='bbox 932 443 1004 480; x_wconf 87' lang='lat' dir='ltr'><strong>sibi</strong></span> <span class='ocrx_word' id='word_1_30' title='bbox 1029 443 1076 480; x_wconf 89' lang='lat' dir='ltr'><strong>ab</strong></span> <span class='ocrx_word' id='word_1_31' title='bbox 1098 443 1299 489; x_wconf 85' lang='lat' dir='ltr'><strong>Romanis,</strong></span> <span class='ocrx_word' id='word_1_32' title='bbox 1319 444 1402 482; x_wconf 93' lang='lat' dir='ltr'><strong>bel-</strong></span> 
     </span>
     <span class='ocr_line' id='line_1_6' title="bbox 284 501 1403 556; baseline 0.006 -18"><span class='ocrx_word' id='word_1_33' title='bbox 284 501 387 552; x_wconf 83' lang='lat' dir='ltr'>lique</span> <span class='ocrx_word' id='word_1_34' title='bbox 417 502 482 553; x_wconf 87' lang='lat' dir='ltr'><strong>jus</strong></span> <span class='ocrx_word' id='word_1_35' title='bbox 519 504 693 540; x_wconf 85' lang='lat' dir='ltr'><strong>adversus</strong></span> <span class='ocrx_word' id='word_1_36' title='bbox 729 505 916 542; x_wconf 83' lang='lat' dir='ltr'><strong>Sidicinos</strong></span> <span class='ocrx_word' id='word_1_37' title='bbox 949 507 1162 556; x_wconf 84' lang='lat' dir='ltr'><strong>petierunt:</strong></span> <span class='ocrx_word' id='word_1_38' title='bbox 1195 520 1272 556; x_wconf 82' lang='lat' dir='ltr'><strong>quoe</strong></span> <span class='ocrx_word' id='word_1_39' title='bbox 1298 521 1335 544; x_wconf 86' lang='lat' dir='ltr'><strong>se</strong></span> <span class='ocrx_word' id='word_1_40' title='bbox 1362 521 1403 546; x_wconf 83' lang='lat' dir='ltr'><strong>eo</strong></span> 
     </span>
     <span class='ocr_line' id='line_1_7' title="bbox 275 565 1402 620; baseline 0.005 -17"><span class='ocrx_word' id='word_1_41' title='bbox 275 565 412 613; x_wconf 78' lang='lat' dir='ltr'><strong>justius</strong></span> <span class='ocrx_word' id='word_1_42' title='bbox 427 573 563 616; x_wconf 80' lang='lat' dir='ltr'><strong>petere,</strong></span> <span class='ocrx_word' id='word_1_43' title='bbox 585 571 679 617; x_wconf 83' lang='lat' dir='ltr'><strong>quod</strong></span> <span class='ocrx_word' id='word_1_44' title='bbox 697 574 732 605; x_wconf 85' lang='lat' dir='ltr'><strong>et</strong></span> <span class='ocrx_word' id='word_1_45' title='bbox 751 571 788 606; x_wconf 78' lang='lat' dir='ltr'><strong>in</strong></span> <span class='ocrx_word' id='word_1_46' title='bbox 807 572 1008 608; x_wconf 73' lang='lat' dir='ltr'><strong>amicitiam</strong></span> <span class='ocrx_word' id='word_1_47' title='bbox 1023 572 1152 620; x_wconf 83' lang='lat' dir='ltr'><strong>populi</strong></span> <span class='ocrx_word' id='word_1_48' title='bbox 1172 572 1329 608; x_wconf 81' lang='lat' dir='ltr'><strong>Romani</strong></span> <span class='ocrx_word' id='word_1_49' title='bbox 1346 585 1402 609; x_wconf 84' lang='lat' dir='ltr'><strong>se·</strong></span> 
     </span>
     <span class='ocr_line' id='line_1_8' title="bbox 285 633 1403 683; baseline 0.004 -16"><span class='ocrx_word' id='word_1_50' title='bbox 285 633 409 668; x_wconf 73' lang='lat' dir='ltr'><strong>cunctis</strong></span> <span class='ocrx_word' id='word_1_51' title='bbox 425 634 498 668; x_wconf 79' lang='lat' dir='ltr'><strong>suis</strong></span> <span class='ocrx_word' id='word_1_52' title='bbox 512 633 624 674; x_wconf 81' lang='lat' dir='ltr'><strong>rebus,</strong></span> <span class='ocrx_word' id='word_1_53' title='bbox 645 645 715 669; x_wconf 84' lang='lat' dir='ltr'><strong>non</strong></span> <span class='ocrx_word' id='word_1_54' title='bbox 741 635 911 677; x_wconf 80' lang='lat' dir='ltr'><strong>adversis,</strong></span> <span class='ocrx_word' id='word_1_55' title='bbox 931 640 974 671; x_wconf 84' lang='lat' dir='ltr'><strong>ut</strong></span> <span class='ocrx_word' id='word_1_56' title='bbox 991 635 1181 683; x_wconf 80' lang='lat' dir='ltr'><strong>Campani,</strong></span> <span class='ocrx_word' id='word_1_57' title='bbox 1202 637 1376 672; x_wconf 81' lang='lat' dir='ltr'><strong>venissent</strong></span> <span class='ocrx_word' id='word_1_58' title='bbox 1388 652 1403 673; x_wconf 86' lang='lat'><strong>.-</strong></span> 
     </span>
     <span class='ocr_line' id='line_1_9' title="bbox 283 697 1399 748; baseline 0.005 -17"><span class='ocrx_word' id='word_1_59' title='bbox 283 701 319 732; x_wconf 88' lang='lat' dir='ltr'><strong>et</strong></span> <span class='ocrx_word' id='word_1_60' title='bbox 334 697 500 733; x_wconf 80' lang='lat' dir='ltr'><strong>adversus</strong></span> <span class='ocrx_word' id='word_1_61' title='bbox 515 697 692 733; x_wconf 75' lang='lat' dir='ltr'><strong>Sidicinos</strong></span> <span class='ocrx_word' id='word_1_62' title='bbox 702 704 881 735; x_wconf 76' lang='lat' dir='ltr'><strong>sumerent</strong></span> <span class='ocrx_word' id='word_1_63' title='bbox 892 711 1008 742; x_wconf 82' lang='lat' dir='ltr'><strong>arma,</strong></span> <span class='ocrx_word' id='word_1_64' title='bbox 1024 711 1105 736; x_wconf 78' lang='lat' dir='ltr'><strong>suos</strong></span> <span class='ocrx_word' id='word_1_65' title='bbox 1117 712 1255 748; x_wconf 84' lang='lat' dir='ltr'>semper</span> <span class='ocrx_word' id='word_1_66' title='bbox 1270 700 1399 745; x_wconf 79' lang='lat' dir='ltr'><strong>hostes,</strong></span> 
     </span>
     <span class='ocr_line' id='line_1_10' title="bbox 278 760 1398 811; baseline 0.004 -15"><span class='ocrx_word' id='word_1_67' title='bbox 278 761 409 809; x_wconf 82' lang='lat' dir='ltr'><strong>populi</strong></span> <span class='ocrx_word' id='word_1_68' title='bbox 426 760 584 797; x_wconf 83' lang='lat' dir='ltr'><strong>Romani</strong></span> <span class='ocrx_word' id='word_1_69' title='bbox 597 773 792 809; x_wconf 81' lang='lat' dir='ltr'><em>numquam</em></span> <span class='ocrx_word' id='word_1_70' title='bbox 806 764 958 799; x_wconf 85' lang='lat' dir='ltr'><strong>amicos:</strong></span> <span class='ocrx_word' id='word_1_71' title='bbox 977 765 1038 811; x_wconf 85' lang='lat' dir='ltr'><strong>qui</strong></span> <span class='ocrx_word' id='word_1_72' title='bbox 1052 775 1128 806; x_wconf 83' lang='lat' dir='ltr'><strong>nec,</strong></span> <span class='ocrx_word' id='word_1_73' title='bbox 1148 769 1190 799; x_wconf 86' lang='lat' dir='ltr'><strong>ut</strong></span> <span class='ocrx_word' id='word_1_74' title='bbox 1205 764 1398 808; x_wconf 79' lang='lat' dir='ltr'><strong>Samnites,</strong></span> 
     </span>
     <span class='ocr_line' id='line_1_11' title="bbox 281 825 1400 874; baseline 0.004 -14"><span class='ocrx_word' id='word_1_75' title='bbox 281 825 320 860; x_wconf 83' lang='lat' dir='ltr'><strong>in</strong></span> <span class='ocrx_word' id='word_1_76' title='bbox 335 836 429 872; x_wconf 83' lang='lat' dir='ltr'><strong>pace</strong></span> <span class='ocrx_word' id='word_1_77' title='bbox 451 826 663 867; x_wconf 77' lang='lat' dir='ltr'><strong>amicitiam,</strong></span> <span class='ocrx_word' id='word_1_78' title='bbox 690 838 766 868; x_wconf 83' lang='lat' dir='ltr'><strong>nec,</strong></span> <span class='ocrx_word' id='word_1_79' title='bbox 787 830 829 862; x_wconf 83' lang='lat' dir='ltr'><strong>ut</strong></span> <span class='ocrx_word' id='word_1_80' title='bbox 849 825 1040 874; x_wconf 78' lang='lat' dir='ltr'><strong>Campani,</strong></span> <span class='ocrx_word' id='word_1_81' title='bbox 1062 827 1237 863; x_wconf 76' lang='lat' dir='ltr'><strong>auxilium</strong></span> <span class='ocrx_word' id='word_1_82' title='bbox 1262 829 1300 863; x_wconf 83' lang='lat' dir='ltr'><strong>in</strong></span> <span class='ocrx_word' id='word_1_83' title='bbox 1325 828 1400 864; x_wconf 81' lang='lat' dir='ltr'><strong>bel-</strong></span> 
     </span>
     <span class='ocr_line' id='line_1_12' title="bbox 283 887 1400 939; baseline 0.004 -15"><span class='ocrx_word' id='word_1_84' title='bbox 283 887 318 924; x_wconf 91' lang='lat' dir='ltr'><strong>lo</strong></span> <span class='ocrx_word' id='word_1_85' title='bbox 333 890 518 937; x_wconf 82' lang='lat' dir='ltr'><strong>petissent,</strong></span> <span class='ocrx_word' id='word_1_86' title='bbox 545 901 609 925; x_wconf 77' lang='lat' dir='ltr'><strong>nec</strong></span> <span class='ocrx_word' id='word_1_87' title='bbox 629 890 666 925; x_wconf 81' lang='lat' dir='ltr'><strong>in</strong></span> <span class='ocrx_word' id='word_1_88' title='bbox 683 890 762 939; x_wconf 82' lang='lat' dir='ltr'><strong>fide</strong></span> <span class='ocrx_word' id='word_1_89' title='bbox 776 891 905 938; x_wconf 78' lang='lat' dir='ltr'><strong>populi</strong></span> <span class='ocrx_word' id='word_1_90' title='bbox 925 889 1095 934; x_wconf 78' lang='lat' dir='ltr'><strong>Romani,</strong></span> <span class='ocrx_word' id='word_1_91' title='bbox 1115 903 1179 927; x_wconf 80' lang='lat' dir='ltr'><strong>nec</strong></span> <span class='ocrx_word' id='word_1_92' title='bbox 1207 893 1244 928; x_wconf 81' lang='lat' dir='ltr'><strong>in</strong></span> <span class='ocrx_word' id='word_1_93' title='bbox 1264 893 1400 930; x_wconf 78' lang='lat' dir='ltr'><strong>ditione</strong></span> 
     </span>
     <span class='ocr_line' id='line_1_13' title="bbox 281 957 404 988; baseline 0 0"><span class='ocrx_word' id='word_1_94' title='bbox 281 957 404 988; x_wconf 79' lang='lat' dir='ltr'><strong>essent.</strong></span> 
     </span>
     <span class='ocr_line' id='line_1_14' title="bbox 88 1009 1395 1067; baseline 0.004 -16"><span class='ocrx_word' id='word_1_95' title='bbox 88 1009 205 1042; x_wconf 64' lang='lat' dir='ltr'><strong>Foedus</strong></span> <span class='ocrx_word' id='word_1_96' title='bbox 337 1015 391 1052; x_wconf 92' lang='lat' dir='ltr'><strong>II.</strong></span> <span class='ocrx_word' id='word_1_97' title='bbox 422 1015 552 1055; x_wconf 87' lang='lat' dir='ltr'><strong>Quum</strong></span> <span class='ocrx_word' id='word_1_98' title='bbox 582 1016 627 1053; x_wconf 91' lang='lat' dir='ltr'><strong>de</strong></span> <span class='ocrx_word' id='word_1_99' title='bbox 653 1016 855 1067; x_wconf 81' lang='lat' dir='ltr'><strong>postulatis</strong></span> <span class='ocrx_word' id='word_1_100' title='bbox 884 1016 1111 1054; x_wconf 88' lang='lat' dir='ltr'><strong>Samnitium</strong></span> <span class='ocrx_word' id='word_1_101' title='bbox 1135 1017 1196 1055; x_wconf 86' lang='lat' dir='ltr'><strong>Ti.</strong></span> <span class='ocrx_word' id='word_1_102' title='bbox 1215 1018 1395 1056; x_wconf 80' lang='lat' dir='ltr'><strong>AEmilius</strong></span> 
     </span>
     <span class='ocr_line' id='line_1_15' title="bbox 85 1054 1395 1134; baseline 0.003 -16"><span class='ocrx_word' id='word_1_103' title='bbox 85 1054 224 1130; x_wconf 51' lang='grc' dir='ltr'><strong>21ξὲἓέ</strong></span> <span class='ocrx_word' id='word_1_104' title='bbox 221 1064 271 1086; x_wconf 61' lang='grc' dir='ltr'><strong>ω’</strong></span> <span class='ocrx_word' id='word_1_105' title='bbox 282 1088 423 1134; x_wconf 74' lang='lat' dir='ltr'><strong>praetor</strong></span> <span class='ocrx_word' id='word_1_106' title='bbox 442 1089 617 1120; x_wconf 84' lang='lat' dir='ltr'><strong>senatum</strong></span> <span class='ocrx_word' id='word_1_107' title='bbox 636 1083 902 1127; x_wconf 82' lang='lat' dir='ltr'><strong>consuluisset,</strong></span> <span class='ocrx_word' id='word_1_108' title='bbox 922 1084 1224 1134; x_wconf 87' lang='lat' dir='ltr'><strong>reddendumque</strong></span> <span class='ocrx_word' id='word_1_109' title='bbox 1243 1085 1301 1122; x_wconf 89' lang='lat' dir='ltr'><strong>his</strong></span> <span class='ocrx_word' id='word_1_110' title='bbox 1321 1085 1395 1123; x_wconf 83' lang='lat' dir='ltr'><strong>foe-</strong></span> 
     </span>
     <span class='ocr_line' id='line_1_16' title="bbox 280 1147 1394 1200; baseline 0.003 -16"><span class='ocrx_word' id='word_1_111' title='bbox 280 1147 349 1184; x_wconf 85' lang='lat' dir='ltr'><strong>dus</strong></span> <span class='ocrx_word' id='word_1_112' title='bbox 365 1147 499 1184; x_wconf 82' lang='lat' dir='ltr'><strong>Patres</strong></span> <span class='ocrx_word' id='word_1_113' title='bbox 514 1148 763 1191; x_wconf 87' lang='lat' dir='ltr'><strong>censuissent,</strong></span> <span class='ocrx_word' id='word_1_114' title='bbox 777 1154 918 1198; x_wconf 74' lang='lat' dir='ltr'><strong>praetor</strong></span> <span class='ocrx_word' id='word_1_115' title='bbox 926 1148 1158 1185; x_wconf 85' lang='lat' dir='ltr'><strong>Samnitibus</strong></span> <span class='ocrx_word' id='word_1_116' title='bbox 1174 1150 1394 1200; x_wconf 87' lang='lat' dir='ltr'><strong>respondit:</strong></span> 
     </span>
     <span class='ocr_line' id='line_1_17' title="bbox 279 1212 1398 1265; baseline 0.004 -17"><span class='ocrx_word' id='word_1_117' title='bbox 279 1212 359 1249; x_wconf 89' lang='lat' dir='ltr'><strong>Nec</strong></span> <span class='ocrx_word' id='word_1_118' title='bbox 384 1225 454 1260; x_wconf 87' lang='lat' dir='ltr'><strong>quo</strong></span> <span class='ocrx_word' id='word_1_119' title='bbox 484 1214 602 1249; x_wconf 84' lang='lat' dir='ltr'><strong>minus</strong></span> <span class='ocrx_word' id='word_1_120' title='bbox 625 1218 804 1261; x_wconf 81' lang='lat' dir='ltr'><strong>perpetua</strong></span> <span class='ocrx_word' id='word_1_121' title='bbox 832 1226 911 1250; x_wconf 80' lang='lat' dir='ltr'><strong>cum</strong></span> <span class='ocrx_word' id='word_1_122' title='bbox 942 1215 992 1250; x_wconf 80' lang='lat' dir='ltr'><strong>eis</strong></span> <span class='ocrx_word' id='word_1_123' title='bbox 1019 1216 1181 1251; x_wconf 81' lang='lat' dir='ltr'><strong>amicitia</strong></span> <span class='ocrx_word' id='word_1_124' title='bbox 1211 1221 1311 1260; x_wconf 80' lang='lat' dir='ltr'><strong>esset,</strong></span> <span class='ocrx_word' id='word_1_125' title='bbox 1328 1228 1398 1265; x_wconf 84' lang='lat' dir='ltr'><strong>per</strong></span> 
     </span>
     <span class='ocr_line' id='line_1_18' title="bbox 274 1278 1394 1329; baseline 0.004 -16"><span class='ocrx_word' id='word_1_126' title='bbox 274 1278 452 1327; x_wconf 82' lang='lat' dir='ltr'><strong>populum</strong></span> <span class='ocrx_word' id='word_1_127' title='bbox 473 1278 679 1315; x_wconf 78' lang='lat' dir='ltr'><strong>Romanum</strong></span> <span class='ocrx_word' id='word_1_128' title='bbox 694 1280 830 1316; x_wconf 75' lang='lat' dir='ltr'><strong>stetisse</strong></span> <span class='ocrx_word' id='word_1_129' title='bbox 845 1295 861 1316; x_wconf 82' lang='grc'><strong>.-</strong></span> <span class='ocrx_word' id='word_1_130' title='bbox 876 1291 942 1316; x_wconf 75' lang='lat' dir='ltr'><strong>nec</strong></span> <span class='ocrx_word' id='word_1_131' title='bbox 955 1280 1169 1322; x_wconf 75' lang='lat' dir='ltr'><strong>contradici,</strong></span> <span class='ocrx_word' id='word_1_132' title='bbox 1187 1282 1285 1328; x_wconf 80' lang='lat' dir='ltr'><strong>quin,</strong></span> <span class='ocrx_word' id='word_1_133' title='bbox 1306 1293 1394 1329; x_wconf 80' lang='lat' dir='ltr'><strong>qao-</strong></span> 
     </span>
     <span class='ocr_line' id='line_1_19' title="bbox 276 1343 1394 1392; baseline 0.004 -15"><span class='ocrx_word' id='word_1_134' title='bbox 276 1343 376 1377; x_wconf 80' lang='lat' dir='ltr'><strong>niam</strong></span> <span class='ocrx_word' id='word_1_135' title='bbox 403 1343 498 1390; x_wconf 81' lang='lat' dir='ltr'><strong>ipsos</strong></span> <span class='ocrx_word' id='word_1_136' title='bbox 526 1343 610 1379; x_wconf 84' lang='lat' dir='ltr'><strong>belli</strong></span> <span class='ocrx_word' id='word_1_137' title='bbox 637 1344 745 1391; x_wconf 76' lang='lat' dir='ltr'><strong>culpa</strong></span> <span class='ocrx_word' id='word_1_138' title='bbox 770 1356 837 1380; x_wconf 72' lang='lat' dir='ltr'><strong>sua</strong></span> <span class='ocrx_word' id='word_1_139' title='bbox 865 1345 1043 1379; x_wconf 82' lang='lat' dir='ltr'><strong>contracti</strong></span> <span class='ocrx_word' id='word_1_140' title='bbox 1071 1345 1215 1380; x_wconf 69' lang='lat' dir='ltr'><strong>taedium</strong></span> <span class='ocrx_word' id='word_1_141' title='bbox 1247 1346 1394 1392; x_wconf 75' lang='lat' dir='ltr'><strong>ceperit,</strong></span> 
     </span>
     <span class='ocr_line' id='line_1_20' title="bbox 277 1407 1394 1455; baseline 0.003 -13"><span class='ocrx_word' id='word_1_142' title='bbox 277 1407 442 1442; x_wconf 82' lang='lat' dir='ltr'><strong>amicitia</strong></span> <span class='ocrx_word' id='word_1_143' title='bbox 461 1408 504 1443; x_wconf 86' lang='lat' dir='ltr'><strong>de</strong></span> <span class='ocrx_word' id='word_1_144' title='bbox 531 1409 670 1455; x_wconf 82' lang='lat' dir='ltr'><strong>integro</strong></span> <span class='ocrx_word' id='word_1_145' title='bbox 695 1408 953 1444; x_wconf 75' lang='lat' dir='ltr'><strong>reconcilietur.</strong></span> <span class='ocrx_word' id='word_1_146' title='bbox 1012 1407 1117 1448; x_wconf 71' lang='lat' dir='ltr'><strong>Quod</strong></span> <span class='ocrx_word' id='word_1_147' title='bbox 1142 1408 1192 1443; x_wconf 87' lang='lat' dir='ltr'><strong>ad</strong></span> <span class='ocrx_word' id='word_1_148' title='bbox 1216 1407 1394 1445; x_wconf 76' lang='lat' dir='ltr'><strong>Sidicinos</strong></span> 
     </span>
     <span class='ocr_line' id='line_1_21' title="bbox 277 1472 1397 1522; baseline 0.002 -14"><span class='ocrx_word' id='word_1_149' title='bbox 277 1472 457 1514; x_wconf 76' lang='lat' dir='ltr'><strong>adtineat,</strong></span> <span class='ocrx_word' id='word_1_150' title='bbox 494 1472 586 1508; x_wconf 79' lang='lat' dir='ltr'><strong>nihil</strong></span> <span class='ocrx_word' id='word_1_151' title='bbox 620 1473 806 1515; x_wconf 81' lang='lat' dir='ltr'><strong>intercedi,</strong></span> <span class='ocrx_word' id='word_1_152' title='bbox 837 1485 906 1521; x_wconf 81' lang='lat' dir='ltr'><strong>quo</strong></span> <span class='ocrx_word' id='word_1_153' title='bbox 934 1474 1051 1508; x_wconf 84' lang='lat' dir='ltr'><strong>minus</strong></span> <span class='ocrx_word' id='word_1_154' title='bbox 1076 1473 1232 1509; x_wconf 79' lang='lat' dir='ltr'><strong>Samniti</strong></span> <span class='ocrx_word' id='word_1_155' title='bbox 1260 1475 1397 1522; x_wconf 81' lang='lat' dir='ltr'><strong>populo</strong></span> 
     </span>
     <span class='ocr_line' id='line_1_22' title="bbox 272 1535 1391 1585; baseline 0.003 -14"><span class='ocrx_word' id='word_1_156' title='bbox 272 1537 377 1585; x_wconf 81' lang='lat' dir='ltr'><strong>pacis</strong></span> <span class='ocrx_word' id='word_1_157' title='bbox 412 1535 565 1584; x_wconf 81' lang='lat' dir='ltr'><strong>bellique</strong></span> <span class='ocrx_word' id='word_1_158' title='bbox 598 1537 747 1574; x_wconf 82' lang='lat' dir='ltr'><strong>liberum</strong></span> <span class='ocrx_word' id='word_1_159' title='bbox 776 1537 965 1573; x_wconf 69' lang='lat' dir='ltr'><strong>arbitrium</strong></span> <span class='ocrx_word' id='word_1_160' title='bbox 997 1539 1056 1573; x_wconf 86' lang='lat' dir='ltr'><strong>sit.</strong></span> <span class='ocrx_word' id='word_1_161' title='bbox 1112 1536 1270 1574; x_wconf 84' lang='lat' dir='ltr'><strong>Foedere</strong></span> <span class='ocrx_word' id='word_1_162' title='bbox 1298 1538 1391 1582; x_wconf 91' lang='lat' dir='ltr'><strong>icto,</strong></span> 
     </span>
     <span class='ocr_line' id='line_1_23' title="bbox 275 1600 1389 1651; baseline 0.002 -15"><span class='ocrx_word' id='word_1_163' title='bbox 275 1610 391 1648; x_wconf 90' lang='lat' dir='ltr'><strong>quum</strong></span> <span class='ocrx_word' id='word_1_164' title='bbox 411 1600 565 1637; x_wconf 90' lang='lat' dir='ltr'><strong>domum</strong></span> <span class='ocrx_word' id='word_1_165' title='bbox 591 1601 846 1644; x_wconf 85' lang='lat' dir='ltr'><strong>revertissent,</strong></span> <span class='ocrx_word' id='word_1_166' title='bbox 875 1601 1066 1651; x_wconf 84' lang='lat' dir='ltr'><strong>extemplo</strong></span> <span class='ocrx_word' id='word_1_167' title='bbox 1091 1601 1178 1637; x_wconf 88' lang='lat' dir='ltr'><strong>inde</strong></span> <span class='ocrx_word' id='word_1_168' title='bbox 1203 1602 1389 1638; x_wconf 81' lang='lat' dir='ltr'><strong>exercitus</strong></span> 
     </span>
     <span class='ocr_line' id='line_1_24' title="bbox 274 1662 1390 1716; baseline 0 -14"><span class='ocrx_word' id='word_1_169' title='bbox 274 1662 473 1702; x_wconf 83' lang='lat' dir='ltr'><strong>Romanus</strong></span> <span class='ocrx_word' id='word_1_170' title='bbox 493 1665 690 1709; x_wconf 87' lang='lat' dir='ltr'><strong>deductus,</strong></span> <span class='ocrx_word' id='word_1_171' title='bbox 721 1678 849 1703; x_wconf 86' lang='lat' dir='ltr'><strong>annuo</strong></span> <span class='ocrx_word' id='word_1_172' title='bbox 869 1666 1058 1716; x_wconf 86' lang='lat' dir='ltr'><strong>stipendio</strong></span> <span class='ocrx_word' id='word_1_173' title='bbox 1079 1672 1117 1702; x_wconf 88' lang='lat' dir='ltr'><strong>et</strong></span> <span class='ocrx_word' id='word_1_174' title='bbox 1143 1666 1258 1702; x_wconf 80' lang='lat' dir='ltr'><strong>trium</strong></span> <span class='ocrx_word' id='word_1_175' title='bbox 1283 1678 1390 1702; x_wconf 74' lang='lat' dir='ltr'><strong>men·</strong></span> 
     </span>
     <span class='ocr_line' id='line_1_25' title="bbox 273 1729 1389 1781; baseline 0.001 -16"><span class='ocrx_word' id='word_1_176' title='bbox 273 1729 372 1766; x_wconf 82' lang='lat' dir='ltr'><strong>sium</strong></span> <span class='ocrx_word' id='word_1_177' title='bbox 390 1729 583 1767; x_wconf 85' lang='lat' dir='ltr'><strong>frumento</strong></span> <span class='ocrx_word' id='word_1_178' title='bbox 612 1736 768 1781; x_wconf 87' lang='lat' dir='ltr'><strong>accepto</strong></span> <span class='ocrx_word' id='word_1_179' title='bbox 782 1747 792 1777; x_wconf 73' lang='lat'><em>3</em></span> <span class='ocrx_word' id='word_1_180' title='bbox 826 1731 927 1780; x_wconf 85' lang='lat' dir='ltr'><strong>quod</strong></span> <span class='ocrx_word' id='word_1_181' title='bbox 955 1732 1152 1781; x_wconf 84' lang='lat' dir='ltr'><strong>pepigerat</strong></span> <span class='ocrx_word' id='word_1_182' title='bbox 1179 1729 1325 1773; x_wconf 85' lang='lat' dir='ltr'><strong>consul,</strong></span> <span class='ocrx_word' id='word_1_183' title='bbox 1347 1736 1389 1766; x_wconf 87' lang='lat' dir='ltr'><strong>ut</strong></span> 
     </span>
    </p>
   </div>
   <div class='ocr_carea' id='block_1_3' title="bbox 270 1794 1388 1844">
    <p class='ocr_par' dir='ltr' id='par_1_3' title="bbox 270 1794 1388 1844">
     <span class='ocr_line' id='line_1_26' title="bbox 270 1794 1388 1844; baseline 0.001 -15"><span class='ocrx_word' id='word_1_184' title='bbox 270 1797 421 1844; x_wconf 85' lang='lat' dir='ltr'><strong>tempus</strong></span> <span class='ocrx_word' id='word_1_185' title='bbox 442 1794 601 1830; x_wconf 89' lang='lat' dir='ltr'><strong>induciis</strong></span> <span class='ocrx_word' id='word_1_186' title='bbox 621 1795 739 1838; x_wconf 80' lang='lat' dir='ltr'><strong>daret,</strong></span> <span class='ocrx_word' id='word_1_187' title='bbox 757 1795 882 1843; x_wconf 84' lang='lat' dir='ltr'><strong>quoad</strong></span> <span class='ocrx_word' id='word_1_188' title='bbox 901 1795 1017 1844; x_wconf 86' lang='lat' dir='ltr'><strong>legati</strong></span> <span class='ocrx_word' id='word_1_189' title='bbox 1037 1795 1232 1831; x_wconf 83' lang='lat' dir='ltr'><strong>redissent.</strong></span> <span class='ocrx_word' id='word_1_190' title='bbox 1281 1794 1388 1830; x_wconf 90' lang='lat' dir='ltr'><strong>Sam-</strong></span> 
     </span>
    </p>
   </div>
   <div class='ocr_carea' id='block_1_4' title="bbox 94 243 139 323">
    <p class='ocr_par' dir='ltr' id='par_1_4' title="bbox 94 243 139 323">
     <span class='ocr_line' id='line_1_27' title="bbox 98 243 139 274; baseline -0.049 0"><span class='ocrx_word' id='word_1_191' title='bbox 98 243 139 274; x_wconf 86' lang='lat' dir='ltr'><strong>U.</strong></span> 
     </span>
     <span class='ocr_line' id='line_1_28' title="bbox 94 288 134 323; baseline -0.1 0"><span class='ocrx_word' id='word_1_192' title='bbox 94 288 134 323; x_wconf 65' lang='lat' dir='ltr'><strong>A.</strong></span> 
     </span>
    </p>
   </div>
   <div class='ocr_carea' id='block_1_5' title="bbox 268 1857 1390 2355">
    <p class='ocr_par' dir='ltr' id='par_1_5' title="bbox 268 1857 1390 2355">
     <span class='ocr_line' id='line_1_29' title="bbox 271 1857 1390 1908; baseline 0.002 -15"><span class='ocrx_word' id='word_1_193' title='bbox 271 1857 386 1901; x_wconf 83' lang='lat' dir='ltr'><strong>nites,</strong></span> <span class='ocrx_word' id='word_1_194' title='bbox 407 1858 526 1908; x_wconf 87' lang='lat' dir='ltr'><strong>copiis</strong></span> <span class='ocrx_word' id='word_1_195' title='bbox 552 1859 699 1902; x_wconf 85' lang='lat' dir='ltr'><strong>iisdem,</strong></span> <span class='ocrx_word' id='word_1_196' title='bbox 721 1859 855 1908; x_wconf 89' lang='lat' dir='ltr'><strong>quibus</strong></span> <span class='ocrx_word' id='word_1_197' title='bbox 878 1860 933 1895; x_wconf 89' lang='lat' dir='ltr'><strong>usi</strong></span> <span class='ocrx_word' id='word_1_198' title='bbox 965 1860 1139 1895; x_wconf 78' lang='lat' dir='ltr'><strong>adversus</strong></span> <span class='ocrx_word' id='word_1_199' title='bbox 1168 1858 1390 1896; x_wconf 75' lang='lat' dir='ltr'><strong>Romanum</strong></span> 
     </span>
     <span class='ocr_line' id='line_1_30' title="bbox 270 1918 1387 1972; baseline 0.001 -15"><span class='ocrx_word' id='word_1_200' title='bbox 270 1918 414 1957; x_wconf 79' lang='lat' dir='ltr'><strong>bellum</strong></span> <span class='ocrx_word' id='word_1_201' title='bbox 432 1921 598 1965; x_wconf 83' lang='lat' dir='ltr'><strong>fuerant,</strong></span> <span class='ocrx_word' id='word_1_202' title='bbox 629 1928 764 1959; x_wconf 88' lang='lat' dir='ltr'><strong>contra</strong></span> <span class='ocrx_word' id='word_1_203' title='bbox 793 1922 983 1959; x_wconf 85' lang='lat' dir='ltr'><strong>Sidicinos</strong></span> <span class='ocrx_word' id='word_1_204' title='bbox 1013 1922 1188 1972; x_wconf 86' lang='lat' dir='ltr'><strong>profecti,</strong></span> <span class='ocrx_word' id='word_1_205' title='bbox 1218 1921 1319 1958; x_wconf 81' lang='lat' dir='ltr'><strong>haud</strong></span> <span class='ocrx_word' id='word_1_206' title='bbox 1349 1922 1387 1958; x_wconf 87' lang='lat' dir='ltr'><strong>in</strong></span> 
     </span>
     <span class='ocr_line' id='line_1_31' title="bbox 270 1983 1387 2034; baseline 0 -13"><span class='ocrx_word' id='word_1_207' title='bbox 270 1983 386 2021; x_wconf 78' lang='lat' dir='ltr'><strong>dubia</strong></span> <span class='ocrx_word' id='word_1_208' title='bbox 419 1996 484 2034; x_wconf 85' lang='lat' dir='ltr'><strong>spe</strong></span> <span class='ocrx_word' id='word_1_209' title='bbox 515 1991 623 2020; x_wconf 81' lang='lat' dir='ltr'><strong>erant</strong></span> <span class='ocrx_word' id='word_1_210' title='bbox 659 1991 805 2022; x_wconf 84' lang='lat' dir='ltr'><strong>mature</strong></span> <span class='ocrx_word' id='word_1_211' title='bbox 837 1985 942 2021; x_wconf 86' lang='lat' dir='ltr'><strong>urbis</strong></span> <span class='ocrx_word' id='word_1_212' title='bbox 977 1986 1144 2021; x_wconf 82' lang='lat' dir='ltr'><strong>hostium</strong></span> <span class='ocrx_word' id='word_1_213' title='bbox 1182 1984 1387 2034; x_wconf 80' lang='lat' dir='ltr'><strong>potiundae.</strong></span> 
     </span>
     <span class='ocr_line' id='line_1_32' title="bbox 269 2046 1387 2098; baseline -0.001 -14"><span class='ocrx_word' id='word_1_214' title='bbox 269 2046 371 2084; x_wconf 86' lang='lat' dir='ltr'><strong>Tum</strong></span> <span class='ocrx_word' id='word_1_215' title='bbox 391 2047 438 2083; x_wconf 83' lang='lat' dir='ltr'><strong>ab</strong></span> <span class='ocrx_word' id='word_1_216' title='bbox 469 2047 645 2084; x_wconf 86' lang='lat' dir='ltr'><strong>Sidicinis</strong></span> <span class='ocrx_word' id='word_1_217' title='bbox 666 2049 809 2085; x_wconf 86' lang='lat' dir='ltr'><strong>deditio</strong></span> <span class='ocrx_word' id='word_1_218' title='bbox 835 2050 936 2098; x_wconf 85' lang='lat' dir='ltr'><strong>prius</strong></span> <span class='ocrx_word' id='word_1_219' title='bbox 968 2049 1015 2084; x_wconf 87' lang='lat' dir='ltr'><strong>ad</strong></span> <span class='ocrx_word' id='word_1_220' title='bbox 1042 2048 1238 2084; x_wconf 83' lang='lat' dir='ltr'><strong>Romanos</strong></span> <span class='ocrx_word' id='word_1_221' title='bbox 1261 2054 1387 2096; x_wconf 85' lang='lat' dir='ltr'><strong>coepta</strong></span> 
     </span>
     <span class='ocr_line' id='line_1_33' title="bbox 269 2109 1384 2162; baseline -0.001 -15"><span class='ocrx_word' id='word_1_222' title='bbox 269 2109 351 2148; x_wconf 85' lang='lat' dir='ltr'><strong>fieri</strong></span> <span class='ocrx_word' id='word_1_223' title='bbox 369 2116 448 2147; x_wconf 84' lang='lat' dir='ltr'><strong>est:</strong></span> <span class='ocrx_word' id='word_1_224' title='bbox 481 2111 582 2154; x_wconf 88' lang='lat' dir='ltr'><strong>dein,</strong></span> <span class='ocrx_word' id='word_1_225' title='bbox 612 2118 814 2162; x_wconf 81' lang='lat' dir='ltr'><strong>postquam</strong></span> <span class='ocrx_word' id='word_1_226' title='bbox 843 2111 974 2148; x_wconf 73' lang='lat' dir='ltr'><strong>Patres</strong></span> <span class='ocrx_word' id='word_1_227' title='bbox 996 2118 1037 2147; x_wconf 87' lang='lat' dir='ltr'><strong>ut</strong></span> <span class='ocrx_word' id='word_1_228' title='bbox 1066 2123 1187 2146; x_wconf 84' lang='lat' dir='ltr'><strong>seram</strong></span> <span class='ocrx_word' id='word_1_229' title='bbox 1216 2123 1298 2146; x_wconf 78' lang='lat' dir='ltr'><strong>eam</strong></span> <span class='ocrx_word' id='word_1_230' title='bbox 1329 2109 1384 2146; x_wconf 90' lang='lat' dir='ltr'><strong>ul-</strong></span> 
     </span>
     <span class='ocr_line' id='line_1_34' title="bbox 269 2175 1383 2225; baseline 0 -14"><span class='ocrx_word' id='word_1_231' title='bbox 269 2175 436 2224; x_wconf 77' lang='lat' dir='ltr'><strong>timaque</strong></span> <span class='ocrx_word' id='word_1_232' title='bbox 473 2177 627 2212; x_wconf 80' lang='lat' dir='ltr'><strong>tandem</strong></span> <span class='ocrx_word' id='word_1_233' title='bbox 664 2177 892 2213; x_wconf 80' lang='lat' dir='ltr'><strong>necessitate</strong></span> <span class='ocrx_word' id='word_1_234' title='bbox 929 2188 1141 2225; x_wconf 65' lang='lat' dir='ltr'><strong>expressam</strong></span> <span class='ocrx_word' id='word_1_235' title='bbox 1181 2175 1383 2224; x_wconf 85' lang='lat' dir='ltr'><strong>adsperna-</strong></span> 
     </span>
     <span class='ocr_line' id='line_1_35' title="bbox 268 2236 1382 2290; baseline -0.001 -15"><span class='ocrx_word' id='word_1_236' title='bbox 268 2236 424 2281; x_wconf 82' lang='lat' dir='ltr'><strong>bantur,</strong></span> <span class='ocrx_word' id='word_1_237' title='bbox 455 2240 503 2276; x_wconf 87' lang='lat' dir='ltr'><strong>ad</strong></span> <span class='ocrx_word' id='word_1_238' title='bbox 521 2239 683 2276; x_wconf 85' lang='lat' dir='ltr'><strong>Latinos</strong></span> <span class='ocrx_word' id='word_1_239' title='bbox 706 2239 790 2290; x_wconf 73' lang='lat' dir='ltr'><strong>jam</strong></span> <span class='ocrx_word' id='word_1_240' title='bbox 810 2253 878 2276; x_wconf 90' lang='lat' dir='ltr'><strong>sua</strong></span> <span class='ocrx_word' id='word_1_241' title='bbox 906 2246 1041 2290; x_wconf 85' lang='lat' dir='ltr'><strong>sponte</strong></span> <span class='ocrx_word' id='word_1_242' title='bbox 1062 2240 1098 2275; x_wconf 82' lang='lat' dir='ltr'><strong>in</strong></span> <span class='ocrx_word' id='word_1_243' title='bbox 1130 2252 1232 2275; x_wconf 79' lang='lat' dir='ltr'><strong>arma</strong></span> <span class='ocrx_word' id='word_1_244' title='bbox 1257 2245 1382 2274; x_wconf 87' lang='lat' dir='ltr'><strong>motos</strong></span> 
     </span>
     <span class='ocr_line' id='line_1_36' title="bbox 269 2300 1386 2355; baseline 0 -16"><span class='ocrx_word' id='word_1_245' title='bbox 269 2300 372 2340; x_wconf 69' lang='lat' dir='ltr'><strong>facta.</strong></span> <span class='ocrx_word' id='word_1_246' title='bbox 401 2309 484 2341; x_wconf 73' lang='lat' dir='ltr'><strong>ent:</strong></span> <span class='ocrx_word' id='word_1_247' title='bbox 514 2316 562 2340; x_wconf 88' lang='lat' dir='ltr'><strong>ne</strong></span> <span class='ocrx_word' id='word_1_248' title='bbox 582 2304 768 2355; x_wconf 86' lang='lat' dir='ltr'><strong>Campani</strong></span> <span class='ocrx_word' id='word_1_249' title='bbox 790 2304 941 2355; x_wconf 85' lang='lat' dir='ltr'><strong>quidem</strong></span> <span class='ocrx_word' id='word_1_250' title='bbox 964 2303 1075 2352; x_wconf 81' lang='lat' dir='ltr'><strong>(adeo</strong></span> <span class='ocrx_word' id='word_1_251' title='bbox 1101 2302 1248 2353; x_wconf 86' lang='lat' dir='ltr'><strong>iujuriae</strong></span> <span class='ocrx_word' id='word_1_252' title='bbox 1275 2302 1386 2339; x_wconf 68' lang='lat' dir='ltr'><strong>Sam-</strong></span> 
     </span>
    </p>
   </div>
   <div class='ocr_carea' id='block_1_6' title="bbox 1512 0 1557 1334">
    <p class='ocr_par' dir='ltr' id='par_1_6' title="bbox 1512 0 1557 1334">
     <span class='ocr_line' id='line_1_37' title="bbox 1512 0 1557 1334; baseline 0 0"><span class='ocrx_word' id='word_1_253' title='bbox 1512 0 1557 1334; x_wconf 95' lang='lat' dir='ltr'><strong> </strong></span> 
     </span>
    </p>
   </div>
  </div>
 </body>
</html>
