1573 2598
361 181 519 210 LIBER
542 180 637 210 VII.
671 179 778 208 CAP.
800 179 932 208 xvn.
1128 180 1213 225 493

95 271 198 309 velut
219 272 405 323 lymphati
432 278 470 309 et
495 272 660 308 adtoniti
687 272 932 309 munimentis
959 272 1036 308 suis
1064 272 1214 323 trepido
1228 276 1270 306 U.
1281 274 1317 305 C.
1334 280 1410 308 399.

96 337 247 385 agmine
274 337 490 374 inciderunt
502 352 513 382 3
546 335 696 379 deinde,
716 335 782 372 ubi
803 336 935 372 consul
961 335 1153 386 legatique
1172 349 1216 373 ac
1229 321 1266 350 Α·
1281 318 1318 348 C'
1335 324 1410 350 '3⁵²³'

95 400 240 436 tribuni
259 414 462 451 puerorum
486 400 562 436 ritu
587 413 686 436 vana
711 399 893 437 miracula
919 407 1099 450 paventes
1126 400 1218 437 inri-
1233 449 1241 453 N

99 464 241 501 debant
270 465 608 516 increpabantque,
639 465 754 500 vertit
787 465 933 501 animos
964 470 1120 515 repente
1148 478 1219 515 pu-

100 528 195 574 d0r3
229 535 266 565 et
297 530 335 565 in
360 542 404 566 ea
432 531 529 579 ipsa,
554 542 637 578 quae
663 529 857 577 fugerant,
884 528 987 565 velut
1015 529 1104 565 caeci
1132 541 1220 565 rue-

98 592 205 630 bant.
235 592 420 630 Discusso
436 595 565 643 itaque
582 606 683 630 vano
700 593 885 644 adparatu
904 593 1087 637 hostium,
1102 606 1219 642 quum

100 657 140 694 in
177 658 278 708 ipsos
317 666 482 695 armatos
513 671 553 695 se
581 658 815 702 intulissent,
847 664 1066 694 averterunt
1095 664 1217 694 totam

101 722 219 757 aciem
237 737 243 757 ε
277 723 485 772 castrisque
506 723 621 759 etiam
641 735 686 758 eo
705 723 762 758 die
778 723 905 772 potiti,
927 722 1053 772 praeda
1073 722 1220 770 ingenti

100 790 223 835 parta,
251 786 413 822 victores
439 792 691 829 reverterunt,
724 785 952 822 militaribus
975 785 1077 835 jocis
1104 798 1221 834 quum

102 849 324 898 adparatum
345 850 528 893 hostium,
545 856 626 886 tum
648 863 757 886 suum
773 851 1012 899 increpantes
1029 862 1219 899 pavorem.

103 912 330 950 Concitatur
350 914 485 950 deinde
511 927 625 950 omne
651 927 790 950 nomen
813 913 1030 957 Etruscum,
1051 920 1103 957 et,
1123 913 1220 949 Tar-
1233 916 1406 946 Etruscum

103 978 363 1026 quiniensibus
389 979 622 1028 Faliscisque
647 978 820 1021 ducibus,
841 979 888 1014 ad
915 978 1062 1014 Salinas
1088 992 1219 1029 perve—
1232 959 1369 989 bellum'

103 1043 224 1079 niunt.
281 1044 472 1080 Adversus
494 1057 579 1080 eum
598 1051 781 1079 terrorem
802 1044 965 1080 dictator
985 1044 1029 1081 C.
1051 1043 1220 1081 Marcius
1234 1044 1431 1093 (ΣχΜὶὶῐῦῐΨΒ

106 1106 260 1143 Rutilus
279 1109 421 1158 primus
443 1108 488 1144 de
514 1108 625 1158 plebe
644 1108 780 1150 dictus,
801 1107 1025 1155 magistrum
1051 1109 1220 1157 equitum
1233 1098 1360 1161 Ξὲὲῗυὲ
1374 1089 1443 1118 dm*

104 1172 196 1208 item
216 1172 261 1208 de
287 1172 396 1222 plebe
417 1173 460 1210 C.
487 1172 680 1209 Plautium
700 1173 808 1208 dixit.
865 1172 911 1209 Id
936 1185 1024 1208 vero
1045 1172 1221 1209 Patribus
1234 1174 1336 1214 plebe.

106 1237 302 1286 indiguum
323 1237 454 1280 videri,
477 1238 592 1274 etiam
612 1238 840 1274 dictaturam
851 1236 935 1288 jam
951 1238 989 1273 in
1005 1238 1223 1286 promiscuo

104 1313 206 1337 esse:
231 1303 410 1351 omnique
429 1315 502 1352 ope
522 1303 781 1353 inpediebant,
802 1315 850 1338 ne
870 1302 960 1351 quid
979 1302 1157 1339 dictatori
1177 1303 1224 1339 ad

106 1366 144 1402 id
175 1366 317 1402 belluni
350 1367 628 1411 decerneretur,
662 1374 928 1417 parareturve:
961 1379 1007 1403 eo
1038 1368 1224 1416 promtius

108 1438 259 1474 cuncta,
279 1431 425 1468 ferente
441 1432 640 1476 dictatore,
663 1431 825 1482 populus
839 1431 968 1482 jussit.
1025 1431 1226 1468 Profectus

109 1495 156 1531 ab
191 1496 296 1539 urbe,
335 1504 493 1546 utraque
526 1503 633 1547 parte
665 1497 830 1540 Tiberis,
865 1496 1009 1532 ratibus
1042 1497 1244 1550 exercitur

109 1572 346 1609 quociunque
365 1560 468 1597 fama
492 1561 661 1597 hostium
681 1561 856 1604 ducebat,
885 1560 1061 1611 trajecto,
1083 1560 1224 1597 multos

108 1626 352 1676 populatores
372 1639 551 1675 agrorum
569 1640 686 1676 vagos
705 1626 878 1677 palantes
900 1625 1100 1675 obpressit.
1150 1625 1223 1662 Ca·
1235 1635 1346 1665 Vincit
1359 1635 1402 1666 Ε.

109 1699 187 1728 stra
213 1704 378 1741 quoque,
404 1693 635 1742 necopinato
661 1692 874 1740 adgressus,
901 1692 1025 1741 cepit:
1058 1697 1110 1734 et,
1137 1697 1226 1727 octo
1237 1686 1372 1711 truscos.

112 1756 278 1792 millibus
306 1756 476 1792 hostium
504 1758 640 1806 captiS,
674 1757 809 1792 ceteris
843 1762 909 1791 aut
935 1756 1054 1798 caesis,
1086 1762 1152 1791 aut
1182 1768 1230 1792 ex

114 1834 207 1869 agro
227 1820 406 1857 Romano
425 1821 581 1870 fugatis,
603 1822 683 1857 sine
710 1821 939 1857 auctoritate
965 1819 1137 1863 Patrum,
1159 1833 1229 1870 po-

112 1885 192 1935 puli
210 1883 334 1933 jussu,
366 1885 625 1935 triumphavit.
681 1885 785 1924 Quia
814 1897 882 1920 nec
912 1896 979 1934 per
1004 1884 1231 1921 dictatorem

112 1949 316 2000 plebeium,
338 1962 407 1985 nec
433 1962 500 1999 per
519 1949 727 1992 consulem,
749 1950 903 1985 comitia
923 1947 1137 1985 consularia
1161 1949 1230 1985 ha-

112 2014 193 2051 beri
212 2012 406 2056 volebant,
427 2021 464 2050 et
484 2013 579 2049 alter
598 2013 732 2050 consul
749 2013 889 2049 Fabius
909 2012 1011 2049 bello
1037 2012 1229 2049 retineba-

113 2084 190 2121 tur,
210 2089 268 2113 res
295 2077 341 2113 ad
366 2077 626 2126 interregnum
651 2077 760 2115 redit.
816 2076 1031 2125 Interreges
1052 2077 1228 2127 deinceps

113 2144 162 2182 Q.
183 2141 361 2178 Servilius
380 2141 519 2185 Ahala,
539 2141 596 2179 M.
618 2141 773 2185 Fabius,
795 2141 865 2178 Cn.
885 2140 1069 2185 Manlius,
1090 2141 1134 2179 C.
1154 2142 1229 2179 Fa-

112 2206 278 2250 bius,‘C.
298 2206 500 2257 Sulpicius,
515 2207 563 2244 L.
584 2207 778 2250 AEmilius,
795 2207 844 2246 Q.
865 2205 1057 2249 Servilius,
1077 2205 1134 2243 M.
1154 2206 1230 2244 Fa-

114 2272 200 2309 bius
228 2270 450 2308 Ambustus.
506 2271 554 2308 In
580 2273 746 2309 secundo
775 2273 996 2319 interregno
1024 2278 1109 2307 orta
1135 2285 1228 2309 con-

117 2336 240 2378 tentio
260 2340 331 2379 est,
362 2335 464 2385 quod
484 2336 567 2387 “duo
595 2337 746 2388 patricii
767 2335 944 2377 ,consules
973 2335 1225 2381 creabantur:
