1573 2598
418 191 576 222 LIBER
599 191 645 221 V·
678 191 785 221 eAP.
807 190 952 220 xxvl.
1159 185 1242 231 371

118 293 183 318 cra
201 280 398 331 ludosque,
420 281 608 331 carpentis
632 279 732 316 festo
759 277 1005 329 profestoque
1025 280 1232 312 uterentur.

117 345 293 383 Pondere
322 345 369 383 ab
400 346 558 395 singulis
588 346 669 381 auri
698 349 855 393 accepto
885 342 1160 389 aestimatoque,
1192 344 1234 374 ut

116 410 286 460 pecunia:
307 410 556 452 solverentur,
578 415 763 444 crateram
790 419 942 443 auream
969 405 1046 441 fieri
1072 403 1230 454 placuit,

117 487 200 523 quae
234 475 375 510 donum
408 474 578 523 Apollini
611 472 784 522 Delphos
817 476 1044 521 portaretur.
1110 465 1230 503 Simul

118 537 165 574 ab
196 538 380 587 religione
409 540 555 574 animos
585 538 824 580 remiserunt,
852 536 1045 583 integrant
1074 532 1229 568 seditio·
1242 528 1360 578 'SedfflO
1378 528 1448 559 red·

116 615 204 638 nem
232 602 375 638 tribuni
405 601 547 650 plebis:
587 601 769 637 incitatur
797 599 1002 635 multitudo
1030 597 1070 633 in
1099 579 1406 632 omnesmtegma'

116 666 319 715 principes,
351 674 438 701 ante
468 665 561 700 alios
592 665 631 700 in
664 663 878 699 Camillum.
934 662 1034 698 Eum
1066 660 1232 710 praedam

115 728 367 764 Veientanam
388 728 618 777 publicando
648 728 907 775 sacrandoque
927 725 974 761 ad
993 724 1153 760 nihilum
1172 736 1230 758 re-

115 792 261 840 degisse
280 807 286 827 :
319 792 493 828 absentes
514 792 692 828 ferociter
718 792 915 840 increpant
933 804 940 825 :
973 788 1229 839 praesenfium,
1244 787 1286 817 U·
1299 785 1336 816 C·
1352 790 1428 817 361.

115 869 231 905 quum
251 868 291 892 se
310 855 410 892 ultro
434 856 538 891 iratis
562 855 771 898 obferrent‚
793 853 1056 891 verecundiam
1075 831 1281 888 habent.A'
1296 829 1333 861 C·
1351 835 1426 862 391.

116 920 236 956 Simul
265 921 413 956 extrahi
441 933 521 956 rem
550 933 596 956 ex
633 933 679 956 eo
709 933 811 956 anno
840 919 1027 960 viderunt,
1056 916 1231 952 tribunos

115 984 236 1034 plebis
256 984 395 1021 latores
425 984 519 1033 legis
543 986 583 1020 in
612 998 751 1021 annum
783 984 935 1020 eosdem
965 982 1161 1018 reficiunt:
1194 987 1233 1016 et

115 1048 248 1085 Patres
268 1050 341 1086 hoc
361 1050 460 1086 idem
479 1050 524 1086 de
544 1050 857 1086 intercessoribus
887 1049 980 1097 legis
1001 1047 1145 1083 adnisi:
1177 1047 1233 1082 ita

115 1113 259 1149 tribuni
279 1114 398 1164 plebis
419 1127 559 1163 magna
579 1129 624 1151 ex
644 1122 751 1165 parte
769 1114 880 1150 iidem
900 1113 1043 1149 refecti.

169 1177 323 1215 XXVI.
344 1178 519 1215 Comitiis
537 1180 779 1215 tribunorum
799 1179 962 1215 militum
981 1177 1112 1213 Patres
1129 1187 1231 1212 sum·

114 1254 177 1278 ma
209 1255 283 1293 ope
315 1244 522 1286 evicerunt,
552 1250 595 1278 ut
622 1243 678 1279 M.
708 1243 844 1279 Furius
875 1241 1056 1278 Camillus
1086 1252 1231 1276 creare-

114 1313 198 1342 tur:
221 1314 377 1358 propter
394 1307 496 1344 bella
513 1307 744 1344 simulabant
763 1307 887 1357 parari
906 1306 1053 1349 ducem,
1074 1304 1139 1340 sed
1157 1304 1232 1340 lar-

115 1371 253 1419 gitioni
288 1372 503 1408 tribuniciae
544 1372 778 1408 adversarius
817 1370 1066 1420 quaerebatur.
1134 1369 1233 1405 Cum

115 1435 278 1471 Camillo
306 1437 422 1472 creati
448 1437 591 1472 tribuni
618 1436 781 1472 militum
804 1435 994 1472 consulari
1024 1439 1229 1484 potestate,

113 1498 160 1535 L.
180 1498 315 1535 Furius
344 1499 578 1536 Medullinus
608 1506 770 1543 sextum,
799 1500 844 1536 C.
864 1498 1058 1541 AEmilius,
1084 1496 1132 1534 L.
1152 1496 1229 1533 Va-

100 1562 225 1613 lerius
254 1563 466 1607 Publicola,
498 1564 562 1614 Sp.
589 1563 823 1606 Postumius,
853 1563 896 1600 P.
927 1561 1127 1599 Cornelius
1156 1562 1249 1598 ite·'

113 1639 209 1663 rum.
265 1627 460 1677 Principio
479 1629 570 1664 anni
591 1628 737 1664 tribuni
756 1628 876 1678 plebis
896 1627 993 1663 nihil
1011 1633 1227 1670 moverunt,

114 1690 235 1726 donec
263 1690 320 1727 M.
340 1691 475 1728 Furius
506 1691 688 1729 Camillus
715 1694 754 1728 in
779 1692 964 1735 Faliscos,
991 1693 1051 1728 cui
1081 1691 1119 1727 id
1147 1690 1228 1727 bel-

113 1754 192 1790 lum
211 1756 431 1791 mandatum
453 1763 546 1800 erat,
577 1756 904 1807 proficisceretur:
936 1755 1143 1793 differendo
1163 1754 1229 1792 de-

113 1819 202 1855 inde
235 1819 405 1869 elanguit
430 1833 512 1857 res:
554 1827 592 1856 et
625 1820 802 1863 Camillo,
833 1833 945 1870 quem
975 1820 1229 1856 adversarium

113 1883 278 1919 maxime
296 1883 532 1927 metuebant,
553 1883 678 1932 gloria
696 1885 734 1920 in
757 1883 914 1920 Faliscis
935 1884 1064 1920 crevit.
1109 1883 1226 1927 Nam,
1240 1895 1370 1926 Beuum

112 1960 230 1996 quum
259 1948 384 1997 primo
411 1948 601 1985 moenibus
632 1961 671 1984 se
703 1949 834 1985 hostes
865 1954 1054 1991 tenerent,
1081 1949 1226 1984 tutissi-
1242 1939 1416 1970 Faliscum·

112 2023 217 2048 mum
246 2012 285 2048 id
309 2012 396 2055 rati,
423 2012 672 2062 populatione
699 2026 878 2061 agrorum
904 2020 1018 2061 atque
1043 2012 1227 2049 incendiis

111 2075 284 2112 villarum
308 2077 436 2125 coegit
461 2089 528 2113 eos
553 2077 680 2126 egredi
707 2077 799 2114 urbe
812 2094 823 2124 3
857 2077 922 2113 sed
943 2078 1058 2113 timor
1076 2077 1227 2125 longius

113 2139 291 2189 progredi
319 2139 528 2189 prohibuit.
582 2140 693 2176 Mille
711 2140 790 2176 fere
820 2153 999 2191 passuum
1018 2140 1065 2176 ab
1085 2140 1227 2189 oppido

114 2209 239 2238 castra
266 2203 419 2248 locant3
452 2203 558 2240 nulla
588 2217 629 2241 re
659 2204 734 2241 alia
763 2205 921 2242 fidentes
951 2218 995 2240 ea
1023 2205 1113 2241 satis
1144 2211 1229 2241 tuta

114 2277 209 2308 esse,
230 2279 342 2315 quam
361 2267 582 2305 difficultate
599 2269 737 2312 aditus,
755 2271 896 2319 asperis
917 2268 1228 2317 confragosisque

114 2329 228 2373 circa,
249 2335 289 2366 et
305 2331 444 2381 partim
463 2332 570 2377 artis,
597 2333 739 2383 partim
762 2334 889 2370 arduis
910 2333 995 2371 viis.
1049 2332 1232 2370 ceterum

631 2395 714 2434 R6
