1573 2598
371 188 526 218 LIBER
549 188 622 218 VI.
655 187 761 217 CAP.
781 187 974 217 XXVIII.
1142 186 1224 231 447

113 279 210 316 disse
238 279 516 326 nunciabatur5
549 279 701 316 interim
721 279 896 316 tribunos
922 278 1042 330 plebis
1062 277 1164 315 fama
1183 292 1227 315 ea

113 343 195 393 ipsa
213 344 426 380 irritaverat
444 344 564 393 magis
585 344 632 380 ad
651 349 868 393 susceptum
889 349 1093 386 certamen,
1114 356 1228 392 quam

113 407 348 445 deterruerat
367 423 373 444 :
406 421 528 458 neque
549 407 651 444 aliud
670 407 716 444 ad
737 408 963 444 seditionem
983 407 1228 456 exstinguen-

113 473 199 509 dam
227 474 267 510 in
296 474 402 518 urbe,
434 487 547 523 quam
575 485 695 525 prope
723 472 885 510 inlatum
913 473 1103 510 moenibus
1136 474 1227 524 ipsis

111 536 266 581 bellum,
286 537 416 575 valuit.
1057 526 1062 531 ι

164 600 361 638 XXVIII.
391 602 494 638 Nam
522 613 638 650 quum
669 607 768 637 esset
795 600 1039 637 Praenestinis
1068 601 1227 637 nuncia-

110 671 205 708 tum,
225 666 371 702 nullum
397 665 605 701 exercitum
630 665 889 715 conscriptum
909 664 1060 708 Romae,
1081 664 1227 701 nulium

110 730 243 766 ducem
263 736 407 766 eertum
426 742 521 772 esse,
543 730 675 766 Patres
697 742 740 765 ac
763 729 913 779 plebem
938 730 976 765 in
1003 730 1225 779 semetipsos

110 806 264 830 versos:
298 794 539 830 occasionem
568 793 642 829 rati
671 793 784 829 duces
815 806 960 836 eorum,
991 794 1128 843 raptim
1159 805 1227 841 ag-

109 860 211 896 mine
245 866 345 903 acto,
380 860 605 910 pervastatis
640 860 813 909 protinus
848 860 963 908 agris}
998 859 1044 895 ad
1077 865 1227 909 portam

112 923 301 960 Collinam
325 924 434 972 signa
457 923 632 961 intulere.
688 919 830 972 Ingens
850 924 889 960 in
911 924 1002 959 urbe
1023 924 1226 973 trepidatio

110 989 210 1026 fuit:
244 989 524 1026 conclamatum
544 991 593 1025 ad
611 1002 728 1031 arma,
751 983 1053 1038 concursumque
1079 990 1118 1024 in
1144 1002 1228 1025 mu-

109 1065 172 1088 ros
202 1058 315 1102 atque
344 1059 476 1102 portas
507 1058 586 1088 est:
620 1050 862 1101 tandemque,
893 1052 940 1088 ab
966 1053 1151 1088 seditione
1181 1052 1228 1088 ad

1241 270 1282 300 U.
1296 269 1332 300 C.
1349 275 1425 305 37⁵.

1325 336 1332 344 .
1349 317 1424 349 377.

109 1116 251 1153 bellum
287 1117 398 1160 versi,
437 1117 663 1152 dictatorem
691 1116 737 1152 T.
766 1117 991 1155 Quinctium
1021 1117 1226 1152 Cincinna-
1239 1122 1277 1152 T.
1296 1121 1421 1152 Quinc-

108 1186 190 1216 tum
221 1193 404 1216 creavere.
462 1179 500 1215 Is
529 1180 754 1228 magistrum
783 1181 952 1228 equitum
978 1181 1025 1216 A.
1047 1180 1246 1238 Sempro-t

107 1246 214 1282 nium
250 1246 470 1281 Atratinum
508 1245 616 1281 dixit.
691 1246 805 1284 Quod
844 1245 907 1281 ubi
945 1245 1114 1281 auditum
1152 1250 1222 1288 est,

113 1311 257 1357 (tantus
288 1309 367 1359 ejus
398 1310 644 1357 magistratus
675 1315 799 1345 terror
829 1310 926 1356 erat)
958 1308 1069 1344 simul
1098 1309 1226 1344 hostes

110 1385 131 1408 a
160 1373 348 1408 moenibus
378 1385 580 1416 recessere,
602 1378 640 1408 et
662 1371 838 1422 juniores
858 1372 1025 1408 Romani
1052 1372 1098 1408 ad
1125 1372 1225 1408 edic-

109 1443 188 1472 tum
226 1437 306 1472 sine
339 1437 611 1472 retractatione
642 1449 864 1473 convenere.
921 1437 1026 1472 Dum
1059 1437 1226 1472 conscri-

107 1502 211 1538 bitur
228 1502 364 1538 Romae
385 1503 587 1545 exercitus,
610 1509 734 1538 castra
757 1504 910 1538 interim
939 1503 1105 1538 hostium
1126 1503 1240 1551 haud(

106 1567 239 1617 procul
257 1567 360 1603 Allia
378 1568 533 1603 flumine
553 1569 679 1616 posita
699 1583 705 1603 :
738 1568 826 1603 inde
845 1581 977 1616 agrum
1005 1567 1079 1603 iate
1102 1580 1224 1617 popu·

106 1630 242 1674 lantes,
261 1632 426 1681 fatalem
455 1643 490 1667 se
517 1632 598 1667 urbi
619 1632 794 1667 Romana>
821 1633 935 1667 locum
960 1633 1101 1679 cepisse,
1126 1632 1225 1666 inter

107 1707 146 1730 se
168 1693 398 1744 jactabant:
426 1697 575 1731 similem
602 1708 773 1744 pavorem
796 1697 878 1732 iude
905 1709 948 1732 ac
965 1696 1100 1744 fugam
1120 1694 1222 1743 fore,

107 1772 150 1795 ac
178 1759 267 1795 bello
292 1760 432 1795 Gallico
451 1759 585 1808 fuerit.
644 1761 802 1801 Etenim,
833 1762 862 1796 si
892 1761 997 1802 diem,
1020 1764 1226 1796 contactum

107 1824 292 1870 religione,
323 1824 565 1871 insignemque
593 1825 734 1858 nomine
762 1822 837 1869 ejus
866 1824 946 1865 loci,
979 1825 1128 1859 timeant
1147 1824 1223 1859 Ro-

107 1889 220 1930 mani,
242 1892 376 1935 quanto
404 1889 517 1935 magis
536 1880 691 1923 Alliensi
711 1889 769 1923 die
788 1888 928 1923 Alliam
953 1890 1079 1935 ipsam,
1101 1900 1224 1923 mouu-

107 1957 264 1987 mentum
295 1957 404 1987 tantae
432 1953 557 1992 cladis,
588 1951 926 2000 reformidatur035³
962 1952 1105 1999 Species
1137 1964 1225 1999 pro-

97 2014 202 2064 fecto
228 2016 281 2051 his
307 2017 354 2052 ibi
382 2021 495 2053 truces
520 2018 707 2054 Gallorum
735 2031 929 2066 sonumque
947 2021 1041 2054 <vocis
1061 2020 1096 2053 in
1117 2020 1227 2053 oculis

106 2084 214 2128 atque
237 2082 276 2116 in
304 2081 448 2117 auribus
466 2081 568 2130 fore.
626 2082 709 2117 Has
734 2074 911 2117 inanium
940 2095 1064 2117 rerum
1094 2083 1224 2117 inanes

107 2144 206 2192 ipsas
244 2144 436 2181 volventes
466 2147 736 2195 cogitatione5‚
766 2146 932 2181 fortunae
969 2145 1042 2180 loci
1076 2145 1226 2193 delega-

107 2196 239 2242 verant
268 2220 350 2257 spes
381 2221 478 2245 suas.
534 2209 707 2245 Ron‘ani
737 2216 885 2252 contra,
922 2209 1147 2257 Ubicumque
1174 2221 1227 2245 es-

106 2275 159 2306 see
188 2270 343 2306 Latinus
379 2272 503 2316 hostis,
533 2276 621 2309 satis
655 2275 756 2315 δεῖτε,
797 2285 877 2308 eum
913 2284 996 2315 esse,
1028 2284 1142 2320 quem,
1181 2274 1229 2308 asi

109 2334 288 2383 Regillum
320 2336 438 2374 lacum
467 2340 658 2383 devictum,
681 2343 822 2375 centum
852 2349 1028 2374 (crinorum
1053 2350 1145 2386 pace
1169 2337 1228 2373 cb-

1237 1165 1299 1196 tius
1316 1167 1415 1196 dicta-
