1573 2598
412 159 567 191 mnsss
590 157 648 189 11.
681 158 788 189 cn.
811 160 860 190 v.
1132 162 1188 206 93

74 249 236 293 misisse,
267 256 309 286 ut
344 248 514 291 hostium
540 246 628 285 loco
655 253 796 292 essent,
829 247 895 300 jus
932 253 1063 286 tamen
1096 262 1190 301 gen-
1203 243 1394 324 Δξξιὲἓῶε.

74 314 173 351 tium
191 312 321 350 valuit.
1236 309 1245 318 ⁸
1289 310 1295 318 '
1379 307 1390 319 ⁶

131 378 179 414 V.
209 378 271 415 De
291 376 401 414 bonis
430 377 558 426 regiis,
589 389 672 426 quae
699 375 806 414 reddi
834 382 922 413 ante
951 385 1190 423 censuerant,
1205 381 1294 430 Bona
1306 381 1387 412 Tar-

76 455 138 480 res
157 443 306 491 integra
322 441 483 478 refertur
501 441 548 478 ad
566 441 712 478 Patres.
768 440 830 477 Illi
849 442 940 478 victi
967 442 1024 478 ira
1040 449 1192 480 vetuere
1205 434 1398 507 ἓῇζζζῖἳῐξζ

74 507 200 550 -reddi,
217 512 369 544 vetuere
388 506 428 542 in
446 505 641 556 publicum
658 506 792 556 redigi.
847 505 1075 557 Diripienda
1091 508 1194 559 plebi
1206 519 1262 541 aut
1277 519 1390 540 conse-

75 576 172 608 sunt
190 570 304 616 data}
328 576 392 612 -ut,
413 576 592 607 contacta
616 571 721 620 regia
746 570 887 621 praeda,
907 584 1013 622 spem
1041 573 1081 609 in
1109 585 1195 623 per-
1207 560 1348 585 omnm*

75 640 240 686 -petuum
254 646 348 670 -cum
371 633 430 670 his
458 634 560 684 pacis
584 635 789 671 amitteret.
845 635 950 684 Ager
967 635 1197 687 Tarquinio-

77 711 181 743 ·rum,
207 698 273 749 qui
300 698 400 735 inter
424 698 556 736 urbem
585 712 628 735 ac
649 698 821 736 Tiberim
847 698 935 743 fuit,
955 709 1198 739 consecratus

80 761 220 806 Marti,
238 761 402 799 Martius
427 762 564 799 deinde
583 775 736 813 campus
756 762 841 800 fuit.
897 763 1014 801 Forte
1039 764 1093 801 ibi
1117 772 1201 803 tum

79 839 194 876 seges
212 826 322 865 farris
341 827 478 864 dicitur
496 828 612 865 fuisse
631 834 781 865 matura
799 829 934 865 messi:
967 841 1078 878 quem
1097 842 1200 868 cam-

87 891 128 942 pi
156 891 320 929 fructum
348 892 437 941 quia
464 891 688 942 religiosum
713 898 794 929 erat
816 904 1051 937 consumere,
1072 893 1202 931 desec-

82 964 170 994 -tam
199 969 285 993 cum
312 963 521 995 stramento
554 964 722 1007 segetem
753 970 893 1006 mag-na
916 958 971 994 vis
1003 958 1203 996 hominum

94 1020 205 1056 simul
240 1022 394 1057 inmissa
432 1021 609 1058 corbibus
645 1021 776 1058 fudere
812 1022 852 1057 in
880 1021 1064 1066 Tiberim,
1097 1023 1205 1060 tenui

94 1083 274 1121 fluentem
295 1098 404 1134 aqua,
426 1093 468 1121 ut
487 1086 618 1122 mediis
637 1085 825 1122 caloribus
847 1086 966 1122 solet:
998 1088 1054 1124 ita
1081 1088 1121 1124 in
1139 1101 1205 1124 va-

84 1148 152 1183 dis
178 1148 387 1184 haesitantis
410 1149 592 1186 frumenti
611 1163 764 1186 acervos
785 1150 924 1186 sedisse
950 1151 1078 1187 inlitos
1100 1151 1206 1189 limo.

94 1210 265 1248 Insulam
292 1213 380 1248 inde
410 1214 622 1263 paullatim,
648 1220 687 1250 et
720 1214 816 1257 alhs,
847 1227 929 1263 quae
960 1215 1034 1251 fert
1065 1223 1208 1253 temere

87 1275 250 1319 -flumen,
270 1277 401 1313 eodem
428 1278 600 1321 invectis,
620 1277 759 1314 factam
780 1293 787 1314 ι
819 1286 953 1328 postea
971 1279 1082 1317 credo
1102 1281 1208 1317 addi·-

96 1346 156 1377 tas
175 1339 307 1384 moles,
327 1354 516 1391 manuque
535 1341 720 1394 adjutum,
741 1349 784 1379 ut
808 1350 889 1380 tam
914 1345 1082 1381 eminens
1106 1359 1207 1389 area,

97 1404 279 1454 firmaque
306 1405 456 1456 templis
489 1420 639 1457 quoque
668 1421 712 1444 ac
740 1408 949 1458 porticibus
980 1410 1209 1447 sustinendis

89 1476 210 1508 2esset.
266 1469 436 1522 Direptis
464 1470 574 1509 bonis
604 1485 750 1522 regum,
780 1473 950 1510 damnati
981 1475 1210 1525 proditores,
1225 1473 1398 1505 Proditffless

93 1544 340 1587 sumtumque
363 1538 604 1589 supplicium,
624 1541 863 1590 conspectius
883 1552 944 1583 e0‚
964 1540 1066 1589 quod
1090 1553 1214 1591 poenae
1226 1517 1426 1559 poenanm

102 1601 294 1651 capiendae
313 1602 564 1640 ministerium
585 1604 685 1654 patri
703 1603 749 1640 de
771 1603 899 1640 liberis
919 1603 1136 1641 consulatus
1156 1606 1216 1643 in·

95 1665 248 1715 posuit,
266 1672 317 1708 et,
333 1666 398 1715 qui
417 1673 609 1717 spectator
628 1673 709 1703 erat
727 1667 972 1710 amovendus,
989 1679 1076 1704 eum
1094 1669 1219 1718 ipsum

104 1728 260 1766 fortuna
279 1737 493 1767 exactorem
513 1730 687 1781 supplicii
706 1731 821 1769 dedit.
879 1731 1042 1768 Stabant
1063 1731 1221 1782 deligati

106 1790 156 1830 &fi
181 1792 311 1843 palum
336 1792 563 1830 nobilissimi
584 1793 772 1845 juvenes:
805 1795 869 1831 sed
898 1808 922 1831 a.
948 1796 1098 1840 ceteris,
1116 1796 1220 1834 velut

108 1846 156 1894 ab
185 1857 326 1906 ignotis
356 1857 556 1908 capitibuS‚
583 1858 748 1896 consulis
779 1858 889 1896 liberi
914 1861 1085 1897 omnium
1108 1861 1148 1898 in
1180 1873 1222 1898 se

109 1927 322 1957 averterant
350 1921 496 1966 oculos,
526 1922 802 1972 miserebatque
832 1936 912 1960 non
947 1936 1071 1974 poenae
1100 1925 1221 1974 magis

109 1985 298 2029 homines,
316 1999 429 2038 quam
452 1986 616 2031 sceleris,
637 2001 712 2037 quo
733 2000 888 2038 poenam
914 1989 1041 2026 meriti
1066 1996 1191 2025 essent
1208 2004 1219 2035 ;

110 2049 211 2094 illos,
242 2062 288 2087 eo
313 2052 551 2101 potissimum
584 2064 686 2092 anno
719 2053 882 2102 patriam
908 2051 1121 2096 liberatam,
1154 2066 1223 2103 pa-

112 2121 210 2151 trem
236 2114 494 2160 liberatorem,
524 2116 763 2153 consulatum
788 2123 914 2153 ortum
941 2129 989 2153 ex
1017 2116 1133 2153 domo
1151 2117 1228 2154 Ju-

110 2179 193 2222 nia,
212 2177 359 2224 Patres,
377 2180 541 2232 plebem,
562 2182 743 2232 quidquid
760 2182 933 2219 Deorum
950 2182 1225 2233 hominumque

111 2243 376 2285 Romanorum
395 2253 506 2290 esset,
528 2247 719 2283 induxisse
737 2247 777 2283 in
794 2248 977 2290 animum,
998 2253 1042 2283 ut
1060 2247 1224 2298 superbo

113 2308 309 2358 quondam
327 2310 421 2359 regi,
441 2317 524 2349 tum
542 2310 682 2349 infesto
701 2310 835 2356 exsuli,
855 2311 1073 2363 proderent.
1118 2311 1225 2349 Con-
