1573 2598
128 276 170 309 U.
182 278 220 309 C.
236 283 311 312 365.

128 322 169 354 A.
181 321 218 354 C.
234 328 307 359 387·

102 800 201 832 senes
223 806 310 829 mor-

103 851 170 875 tem
179 849 309 883 exspec-

101 893 171 919 tant
185 887 286 918 domi.

102 1764 187 1796 Galli
201 1764 307 1806 diripi-

102 1815 164 1840 unt
180 1809 304 1841 urbem.

317 185 404 230 390
766 187 812 218 τ.
835 188 971 219 nvn

323 277 479 316 crimine
501 276 711 316 divinarum
735 279 1061 331 humanarumque
1078 290 1218 326 rerum,
1237 281 1433 332 inreligio-

322 355 406 381 sum
423 349 543 387 ratus,
564 343 776 381 sacerdotes
802 345 975 396 publicos
994 358 1175 397 sacraque
1200 346 1332 398 populi
1348 346 1433 384 Ro-

320 406 424 444 mani
451 407 610 458 pedibus
638 408 707 452 ire,
730 407 918 459 ferrique3
950 422 990 446 se
1014 422 1059 447 ac
1081 422 1169 447 suos
1197 410 1238 447 in
1259 408 1434 448 vehiculo

320 471 516 522 conspici:
548 470 773 509 descendere
795 485 951 510 uxorem
978 486 1021 510 ac
1049 486 1186 525 pueros
1207 473 1339 525 jussit,
1357 472 1436 511 vir-

320 537 426 585 gines
447 547 626 585 sacraque
644 534 685 572 in
703 535 912 587 plaustrum
931 538 1102 589 inposuit
1118 553 1126 576 :
1159 545 1198 576 et
1217 539 1338 583 Caere,
1357 549 1436 588 quo

318 600 392 636 iter
411 599 670 637 sacerdotibus
691 606 785 644 erat,
805 603 989 652 pervexit.

372 663 484 701 XLI.
512 663 649 701 Romae
678 664 846 710 interim,
875 665 967 704 satis
992 665 1076 718 jam
1105 665 1296 711 omnibus,
1324 673 1368 704 ut
1394 666 1435 704 in

318 727 387 765 tali
421 740 476 772 re,
506 729 554 765 ad
590 729 771 767 tuendam
807 743 933 768 arcem
965 733 1203 784 compositis,
1232 731 1346 769 turba
1375 744 1434 768 se-

318 794 485 838 niorum,
523 793 657 832 domos
694 808 879 845 regressa,
919 797 1121 836 adventum
1158 797 1328 834 hostium
1365 795 1437 832 ob-

320 858 466 896 stinato
493 857 541 895 ad
565 863 730 895 mortem
757 859 887 895 animo
915 860 1185 910 exspectabat:
1216 860 1282 910 qui
1305 870 1440 896 eorum

317 922 466 961 curules
496 927 690 971 gesserant
718 921 978 971 magistratus,
1008 928 1051 959 ut
1078 921 1120 959 in
1146 921 1312 959 fortunae
1338 920 1437 972 pris-

317 988 409 1025 tinae
436 986 703 1037 honorumque
731 993 799 1023 aut
819 987 971 1024 virtutis
998 985 1213 1037 insignibus
1241 997 1436 1023 moreren-

315 1058 394 1094 tur,
432 1062 517 1100 quae
560 1050 832 1098 augustissima
866 1049 981 1086 vestis
1021 1056 1080 1087 est
1122 1055 1250 1087 tensas
1294 1049 1438 1087 ducen-

316 1114 419 1152 tibus
456 1113 845 1165 triumphantibusve‚
882 1127 929 1152 ea
958 1114 1088 1152 vestiti
1129 1115 1258 1153 medio
1300 1114 1439 1152 aedium

318 1177 493 1216 eburneis
522 1176 624 1215 sellis
654 1177 795 1216 sedere.
853 1178 964 1223 Sunt,
988 1178 1067 1229 qui,
1086 1177 1144 1217 M.
1163 1177 1286 1216 Fabio
1307 1177 1438 1230 ponti-

316 1242 387 1279 fice
411 1242 581 1279 maximo
604 1242 790 1293 praefante
808 1255 974 1286 carmen,
995 1242 1191 1280 devovisse
1212 1255 1277 1281 eos
1300 1255 1340 1280 se
1364 1253 1438 1293 pro

315 1306 441 1357 patria
468 1306 758 1356 Quiritibusque
785 1307 989 1351 Romanis,
1024 1307 1190 1346 tradant.
1247 1306 1363 1351 Galli,
1397 1311 1438 1344 et

316 1370 407 1419 quia
424 1369 652 1422 interposita
668 1377 782 1408 nocte
802 1384 825 1408 a
843 1371 1091 1408 contentione
1117 1383 1255 1423 pugnae
1280 1371 1438 1408 remise-

316 1439 403 1471 rant
432 1435 595 1479 animos,
621 1441 660 1471 et
685 1435 788 1485 quod
813 1448 886 1473 nec
912 1436 952 1472 in
981 1437 1062 1472 acie
1090 1436 1249 1487 ancipiti
1277 1447 1437 1484 usquam

315 1505 554 1536 certaverant
576 1499 729 1551 proelio,
749 1513 820 1537 nec
839 1507 920 1538 tum
940 1501 1074 1551 inpetu
1092 1507 1159 1537 aut
1176 1499 1214 1536 vi
1234 1497 1436 1549 capiebant

314 1563 461 1608 urbem,
482 1564 565 1601 sine
583 1564 652 1608 ira,
674 1564 756 1602 sine
775 1565 908 1602 ardore
927 1566 1142 1603 animorum
1159 1563 1320 1613 ingressi
1346 1574 1436 1613 pos·

315 1634 400 1665 tero
419 1629 480 1665 die
498 1628 632 1666 urbem
650 1635 806 1680 patente
826 1628 978 1667 Collina
995 1636 1122 1681 porta,
1142 1630 1182 1666 in
1201 1627 1328 1666 forum
1349 1639 1435 1677 per-

315 1693 488 1737 veniunt,
509 1692 817 1731 circumferentes
838 1694 969 1731 oculos
993 1694 1040 1731 ad
1064 1692 1208 1745 templa
1224 1691 1352 1729 Deum
1376 1702 1436 1727 ar·

317 1769 488 1807 cemque,
512 1756 632 1795 solam
653 1757 744 1793 belli
770 1758 934 1808 speciem
959 1764 1166 1795 tenentem.
1223 1755 1332 1800 Inde,
1352 1766 1436 1792 mo-

317 1821 401 1858 dico
426 1821 562 1859 relicto
584 1822 775 1873 praesidio,
799 1823 864 1871 (ne
889 1823 971 1872 quis
995 1824 1035 1859 in
1059 1822 1260 1873 dissipatos
1281 1833 1328 1857 ex
1350 1831 1436 1856 arce

317 1892 383 1936 aut
403 1886 597 1937 Capitolio
621 1888 771 1938 inpetus
801 1887 925 1936 fieret)
947 1886 1083 1939 dilapsi
1111 1886 1157 1923 ad
1184 1884 1351 1936 praedam
1369 1896 1434 1920 va·

316 1950 395 1987 cuis
419 1949 585 1987 obcursu
612 1951 811 1987 hominum
838 1952 922 1995 viis,
942 1964 1029 2003 pars
1058 1951 1098 1987 in
1126 1950 1303 2002 proxima
1330 1961 1434 1998 quae·

317 2027 390 2064 que
415 2020 605 2052 tectorum
627 2016 778 2063 agmine
804 2022 946 2062 ruunt3
977 2027 1063 2066 pars
1091 2014 1238 2058 ultima,
1258 2012 1361 2050 velut
1389 2024 1434 2048 ea

317 2078 468 2115 demum
496 2079 642 2115 intacta
669 2086 706 2115 et
728 2079 867 2116 referta
885 2080 1024 2130 praeda,
1045 2085 1206 2131 petunt:
1238 2076 1326 2113 inde
1351 2088 1433 2112 rur·

316 2154 379 2178 sus
408 2142 492 2192 ipsa
519 2142 723 2180 solitudine
751 2143 956 2186 absterriti,
978 2156 1025 2179 ne
1052 2156 1127 2193 qua
1151 2142 1252 2179 fraus
1282 2138 1432 2176 hostilis

315 2196 433 2255 vagos
463 2208 667 2259 exciperet,
697 2208 736 2244 in
764 2208 890 2244 forum
919 2220 962 2244 ac
990 2207 1206 2259 propinqua
1233 2205 1318 2241 foro
1347 2202 1433 2240 loca

317 2269 538 2319 conglobati
568 2271 766 2309 redibant:
799 2271 864 2309 ubi
897 2285 976 2316 eos,
1009 2271 1128 2322 plebis
1163 2268 1327 2308 aedificiis
1360 2265 1431 2303 ob-

318 2334 465 2381 seratis,
497 2335 717 2387 patentibus
751 2337 856 2374 atriis
892 2336 1120 2389 principum,
1154 2332 1277 2385 major
1312 2342 1430 2384 prope

1552 1843 1561 1864 t..
1552 1749 1562 1830 ἓν.-
1553 1576 1565 1743 ‚muna—2.
1555 1530 1565 1565 .*.·:
1558 1506 1564 1517 ⁴.
1562 1488 1564 1495 -
