1573 2598
355 238 1471 265 Q

552 388 907 454 EPITOME
954 405 1177 454 LIBRI
1220 408 1280 455 v..

358 730 360 732 v
411 686 450 722 N
461 685 638 721 obsidione
648 683 813 721 Veiorum
828 684 1057 721 hibernacula
1070 686 1242 722 militibus
1242 685 1355 734 facta
1369 692 1451 724 siunt
1462 704 1473 724 .-

427 762 471 786 ea
497 761 551 786 res
572 761 678 797 quum
704 753 791 784 esset
813 761 919 791 nova,
946 749 1226 796 indignationem
1253 751 1473 788 tribunorum

343 814 457 862 plebis
474 815 596 856 movit,
618 814 836 861 querentium
854 825 926 848 non
944 814 1025 848 dari
1039 813 1135 860 plebi
1152 825 1215 850 nec
1237 826 1304 861 per
1323 815 1472 852 hiemem

346 879 486 914 militiai
502 878 671 926 requiem.
701 877 850 924 Equites
869 881 943 912 tum
958 878 1115 924 primum
1133 879 1231 925 equis
1247 880 1320 914 suis
1341 891 1471 915 merere

347 948 536 991 caeperunt.
595 942 715 983 Quum
741 942 930 977 inundatio
957 953 1000 976 ex
1019 942 1099 976 lacu
1117 941 1260 978 Albano
1276 941 1389 990 facta
1409 955 1469 979 -es-

288 1053 293 1056 Ι
347 1011 412 1048 set,
445 1010 556 1048 vates,
582 1002 651 1056 {qui
683 1017 762 1040 eam
791 1016 866 1040 rem
896 1005 1207 1052 interpretaretur,
1233 1006 1280 1041 de
1317 1005 1472 1045 hostibus

346 1075 475 1119 captus
493 1075 554 1106 est.
611 1069 738 1105 Furius
758 1069 932 1105 Camillus
950 1070 1105 1104 dictator
1125 1069 1251 1105 decem
1275 1081 1386 1106 annos
1410 1070 1470 1106 ob·

345 1146 453 1170 sessos
477 1134 577 1170 Veios
602 1135 694 1181 cepit
710 1149 721 1169 .·
747 1134 979 1169 simulacrum
1006 1132 1159 1169 ,Iunonis
1177 1132 1335 1169 Romam
1351 1138 1468 1171 trans-

348 1199 455 1235 tulit:
483 1199 656 1234 decimam
677 1202 819 1246 partem
839 1198 972 1245 praedae
990 1197 1156 1245 Delphos
1173 1198 1338 1245 Apollini
1359 1199 1468 1235 misit.

347 1262 448 1298 Idem
477 1261 636 1298 tribunus
664 1262 831 1304 militum,
855 1273 964 1308 quum
991 1261 1146 1296 Faliscos
1173 1258 1355 1304 obsideret,
1380 1274 1468 1309 pro—

346 1327 439 1362 ditos
457 1326 611 1362 hostium
616 1326 719 1375 filios
732 1325 942 1374 parentibus
965 1326 1124 1361 remisit:
1139 1318 1341 1372 statimque
1367 1326 1466 1361 dedi-

345 1392 441 1427 tione
448 1389 572 1439 facta,
595 1391 810 1426 Faliscorum
826 1391 1015 1426 victoriam
1023 1387 1169 1435 justitia
1188 1394 1391 1425 consecutus
1404 1395 1466 1427 est.

347 1454 464 1495 Quum
483 1455 575 1490 alter
591 1466 633 1490 ex
651 1454 845 1490 censoribus
865 1454 904 1490 C.
923 1454 1045 1490 Julius
1064 1454 1272 1496 decessisset,
1293 1455 1329 1489 in
1351 1455 1466 1492 locum

342 1517 417 1564 ejus
435 1519 489 1555 M.
512 1518 693 1556 Cornelius
711 1517 888 1567 subfectus
915 1523 966 1554 est
981 1534 993 1554 .·
1019 1529 1082 1554 nec
1111 1519 1148 1554 id
1172 1522 1298 1565 postea
1315 1517 1465 1567 factum

340 1588 420 1619 est:
451 1585 616 1631 quoniam
633 1595 673 1619 eo
691 1583 802 1619 lustro
821 1595 843 1618 a
867 1583 983 1618 Gallis
1002 1582 1120 1619 Roma
1138 1586 1246 1630 capta
1273 1587 1335 1619 est.
1390 1582 1462 1618 Fu-

342 1648 417 1683 rius
437 1647 622 1690 Camillus,
642 1659 749 1695 quum
766 1648 799 1683 ei
817 1648 891 1683 dies
909 1659 932 1682 a
951 1646 1183 1694 L.Appuleio
1203 1645 1340 1682 tribuno
1353 1644 1464 1694 plebis

341 1712 439 1747 dicta
471 1716 570 1754 esset,
603 1713 641 1747 in
671 1711 832 1746 exsilium
863 1710 963 1746 abiit.
1023 1710 1142 1751 Quum
1173 1709 1328 1745 Senones
1364 1710 1464 1750 Galli

342 1776 503 1814 Clusium
522 1777 729 1818 obsiderent,
750 1781 785 1812 et
804 1777 925 1823 legati,
946 1788 969 1811 a
985 1779 1111 1811 senatu
1127 1776 1225 1810 missi
1245 1776 1293 1811 ad
1319 1787 1462 1823 compo-

341 1842 496 1878 nendam
514 1843 607 1877 inter
624 1850 682 1876 eos
705 1846 739 1877 et
770 1840 930 1876 Clusinos
954 1852 1094 1888 pacem,
1111 1844 1311 1887 pugnantes
1338 1844 1463 1876 contra

345 1906 470 1941 Gallos
488 1907 525 1941 in
544 1907 620 1941 acie
649 1899 870 1941 Clusinorum
898 1905 1094 1947 stetissent;
1123 1903 1188 1939 Iioc
1203 1903 1313 1952 sacto
1340 1915 1459 1940 eorum

337 1971 507 2004 concitati
520 1969 674 2005 Senones
690 1969 810 2005 urbem
831 1967 957 2017 infesto
974 1970 1127 2004 exercitu
1144 1969 1332 2016 petierunt,
1341 1966 1459 2015 fusis·

338 2045 405 2081 que
429 2033 479 2068 ad
497 2033 636 2068 Alliam
649 2033 790 2082 flumen
822 2033 1006 2074 Romanis,
1036 2043 1157 2079 cepere
1187 2031 1304 2067 urbem
1326 2036 1458 2079 praeter

338 2097 571 2145 Capitolium,
601 2098 638 2133 in
673 2097 768 2144 quod
797 2109 834 2132 se
858 2095 1025 2142 juventus
1055 2096 1280 2132 contulerat:
1308 2094 1458 2141 majores

335 2167 440 2205 natu,
461 2173 541 2198 cum
558 2161 748 2208 insignibus
766 2160 951 2203 honorum,
972 2172 1056 2208 quos
1074 2162 1217 2208 quisque
1231 2165 1399 2208 gesserat,
1420 2163 1456 2197 in

332 2226 510 2263 vestibulis
545 2226 673 2262 aedium
707 2226 877 2267 sedentes,
915 2225 1119 2260 occiderunt
1136 2241 1148 2260 .·
1180 2229 1214 2260 et
1250 2237 1359 2272 quum
1390 2237 1456 2273 per

333 2301 492 2325 aversam
519 2293 658 2336 partem
686 2288 856 2336 Capitolii
876 2286 957 2334 jam
988 2290 1023 2323 in
1050 2299 1225 2324 summum
1254 2288 1451 2330 evasissent,

328 2354 466 2401 proditi
498 2353 663 2399 clangore
698 2364 873 2394 anserum,
905 2352 959 2387 M.
982 2351 1115 2387 Manlii
1139 2352 1319 2399 praecipue
1345 2362 1451 2400 opera
