1573 2598
376 195 530 225 mei—:R
553 194 628 225 vl.
661 194 768 223 cAP.
791 194 972 224 xxxrx.
1144 182 1225 235 461

121 283 262 323 Sextius
289 286 527 324 intercessioni
553 287 772 334 collegarum
800 286 930 322 cedunt
945 302 957 329 ‚-
993 283 1085 321 nihil
1109 286 1228 333 patri·
1240 279 1331 355 ng
1345 286 1422 354 {³2}-

118 352 212 386 cium
241 353 492 398 magistratum
520 352 674 387 inseram
701 351 851 386 concilio
876 350 1015 398 piebis.-
1045 351 1076 385 si
1104 350 1228 385 adver-
1269 345 1279 356 *
1321 344 1330 354 '
1410 343 1419 351 ⁵

118 425 177 449 sus
200 416 489 457 intercessionem,
514 420 697 462 tamqnam
719 418 833 462 captae
855 415 994 450 civitati
1014 414 1105 461 leges
1128 414 1231 461 inpo-

119 489 202 513 nere
230 479 389 520 tendent,
415 480 488 514 vim
517 479 743 514 tribuniciam
770 490 794 513 a
820 489 856 513 se
883 479 962 526 ipsa
991 478 1134 513 dissolvi
1160 489 1231 513 non

117 543 253 588 patiar.
309 542 498 578 Adversus
519 554 564 577 ea
588 554 704 590 quum
724 542 948 577 contemtim
977 541 1122 577 tribuni
1150 540 1230 591 ple«

119 604 178 640 bis
198 617 278 642 rem
296 605 416 641 nihilo
437 605 587 654 segnius
611 611 850 654 peragerent,
871 610 952 641 tum
980 605 1145 655 percitus
1175 605 1231 641 ira

121 667 301 704 Camillus
325 668 491 711 lictores,
513 668 577 717 qui
603 668 649 704 de
669 668 795 703 medio
823 667 973 717 plebem
999 674 1230 712 emoverent,

120 732 249 768 misit:
285 738 324 768 et
352 732 493 768 addidit
520 733 657 775 minas,
688 733 720 768 si
747 738 963 782 pergerent,
994 739 1231 769 sacramento

121 807 251 832 omnes
266 794 441 845 juniores
464 796 699 839 adacturum,
729 796 1011 845 exercitumque
1040 795 1234 846 extemplo>

120 871 167 896 ex
194 859 286 896 urbe
315 860 549 897 educturum.
603 860 805 897 Terrorem
838 861 1033 908 ingentem
1063 860 1232 895 incusse-

120 929 180 960 rat
208 923 309 974 plebi
322 940 332 969 ;
365 924 521 960 ducibus
544 924 664 974 plebis
689 925 862 961 accendit
884 925 1003 973 magis
1027 925 1233 960 certamine

121 989 284 1031 animos,
305 1001 418 1037 quam
436 989 593 1024 minuit:
621 989 700 1031 sed,
720 1001 761 1024 re
780 994 916 1024 neutro
936 987 1131 1031 inclinata,
1152 1000 1234 1024 lna-

122 1053 285 1100 gistratu
314 1064 353 1088 se
381 1052 571 1088 abdicavit
587 1066 598 1098 ;
631 1064 697 1088 seu
725 1052 813 1101 quia
838 1052 932 1088 vitio
962 1058 1108 1088 creatus
1138 1058 1232 1095 erat,

120 1122 165 1152 ut
193 1117 374 1167 scripsere
403 1117 577 1165 quidam:
610 1129 677 1153 seu
705 1117 793 1166 quia
820 1116 963 1152 tribuni
992 1115 1112 1166 plebis
1135 1115 1233 1152 tule-

120 1186 210 1217 runt
231 1181 278 1216 ad
305 1179 468 1229 plebem,
487 1180 599 1229 idque
621 1180 726 1230 plebs
750 1180 874 1223 scivit,
894 1186 950 1222 ut,
972 1180 1002 1215 si
1021 1178 1078 1216 M.
1097 1179 1232 1215 Furius

120 1256 189 1294 pro
218 1243 404 1280 dictatore
432 1244 524 1292 quid
550 1245 702 1292 egisset,
730 1246 982 1295 quingentum
1010 1245 1171 1282 millium
1200 1246 1235 1282 ei

120 1308 241 1344 multa
269 1315 379 1345 esset.
435 1308 510 1344 Sed
536 1310 715 1360 auspiciis
744 1311 881 1359 magis,
907 1323 1023 1359 quam
1049 1311 1139 1346 novi
1167 1322 1233 1347 ex-

118 1373 234 1423 empli
253 1373 470 1422 rogatione,
487 1374 710 1411 deterritum
729 1381 772 1411 ut
790 1376 917 1425 potius
937 1375 1100 1417 credam,
1118 1386 1234 1423 quum

118 1436 235 1486 ipsius
256 1438 325 1473 viri
344 1437 437 1473 facit
455 1438 663 1486 ingenium,
683 1444 766 1475 tum
785 1440 887 1487 quod
906 1440 941 1476 ei
962 1439 1154 1475 subfectus
1175 1445 1233 1475 est

116 1499 309 1550 extemplo
337 1500 382 1537 P.
407 1500 575 1536 Manlius
613 1501 798 1538 dictator:
839 1515 953 1551 quem
986 1502 1077 1551 quid
1114 1496 1278 1553 crearifPJ
1295 1497 1437 1529 Manlius

116 1564 316 1601 adtinebat
344 1564 392 1600 ad
419 1564 457 1600 id
479 1570 684 1609 certamen,
705 1579 781 1615 quo
798 1565 856 1603 M.
875 1566 1010 1602 Furius
1030 1567 1152 1603 victus
1173 1579 1231 1603 es·
1242 1543 1388 1576 doetator‘

117 1630 203 1665 set?
233 1635 270 1664 et
299 1628 399 1678 quod
421 1629 595 1666 eumdem
615 1630 674 1667 M.
692 1630 850 1667 Furium
879 1631 1104 1667 dictatorem
1132 1631 1233 1668 inse-

118 1706 236 1742 quens
256 1706 377 1730 annus
397 1694 546 1737 habuit,
565 1695 668 1731 haud
687 1696 768 1731 sine
786 1695 930 1746 pudore
950 1701 1052 1732 certe
1069 1695 1235 1733 fractum

119 1758 245 1807 priore
282 1772 383 1796 anno
419 1760 459 1796 in
496 1772 535 1796 se
571 1761 771 1810 imperium
807 1762 1082 1811 repetiturum:
1123 1761 1235 1799 simul

119 1821 220 1869 quod
248 1834 293 1857 eo
318 1828 504 1872 tempore,
528 1836 604 1872 quo
627 1824 911 1874 promulgatum
935 1825 981 1861 de
1003 1824 1125 1861 multa
1152 1824 1232 1876 ejus

118 1884 294 1928 traditur,
314 1892 381 1921 aut
409 1891 447 1921 et
474 1886 563 1923 huic
589 1888 799 1936 rogationi,
821 1901 896 1937 qua
924 1901 963 1925 se
992 1889 1032 1925 in
1061 1889 1234 1926 ordinem

117 1949 206 1997 cogi
225 1949 391 1993 videbat,
412 1949 597 1987 obsistere
617 1953 766 2002 potuit3
799 1959 866 1989 aut
890 1966 938 1989 ne
957 1953 1039 1990 illas
1066 1954 1231 2003 quidem,

117 2019 273 2062 propter
293 2026 384 2062 quas
411 2020 449 2050 et
476 2015 557 2051 haec
586 2015 665 2052 lata
692 2023 787 2060 erat,
807 2017 1002 2067 inpedire:
1035 2024 1087 2061 et,
1108 2019 1233 2068 quoad

119 2087 236 2123 usque
265 2076 312 2113 ad
341 2079 563 2114 memoriam
588 2086 760 2116 nostram
784 2080 998 2117 tribuniciis
1022 2081 1233 2118 consulari-

118 2137 262 2188 busque
291 2147 476 2178 certatum
503 2142 644 2180 viribus
674 2150 745 2188 est,
776 2144 973 2182 dictaturae
1001 2158 1150 2196 semper
1177 2145 1231 2182 al-

118 2203 193 2239 tius
213 2204 407 2253 fastigium
426 2207 512 2244 fuit.

173 2267 373 2308 XXXIX.
411 2271 517 2308 Inter
553 2274 720 2323 priorem
753 2275 980 2312 dictaturam
1016 2275 1232 2315 abdicatam

119 2344 332 2383 novamque
362 2348 382 2372 a
411 2335 560 2373 Manlio
589 2338 738 2382 initam,
766 2339 813 2377 ab
843 2340 1005 2377 tribunis
1034 2341 1138 2379 velut
1165 2355 1232 2394 per

628 2401 711 2440 X3
