1573 2598
305 109 392 156 570
763 114 808 143 Τ.
830 115 963 144 mvn

112 196 206 272 gg·
220 204 295 273 333·
308 212 508 237 manorum
536 199 805 249 transfugeret,
825 201 921 237 alter
939 201 1161 238 subsisteret
1179 201 1227 238 ad
1244 201 1414 253 praeben·

308 265 396 301 dam
424 270 680 314 opportunam
708 265 870 302 consilio
901 265 1045 304 urbem,
1101 265 1298 302 Charilaus
1325 266 1416 310 fuit,

112 329 279 375 Palaepolis
307 331 371 380 qui
400 330 447 366 ad
476 329 682 367 Publilium
706 330 909 367 Philonem
926 331 1051 368 venit:
1085 337 1137 374 et,
1157 333 1254 380 quod
1273 331 1414 375 bonum,

112 379 234 411 uadita.

295 394 483 445 faustum,
503 395 603 445 selis⁸
620 396 894 444 Palaepolitnnis
911 397 1115 444 populoque
1134 396 1298 432 Romano
1315 401 1416 438 esset,

307 460 450 496 tradere
465 471 514 503 se,
541 460 610 503 ait,
637 461 766 496 maenia
783 461 957 496 statuisse.
1015 460 1070 495 Eo
1088 459 1197 508 facto
1225 464 1346 495 utrum
1372 458 1420 495 ab

303 536 342 561 se
364 525 529 572 prodita,
558 535 607 560 αη
633 529 789 567 servata,
815 526 942 572 patria
969 525 1148 566 videatur,
1178 525 1216 559 in
1234 524 1317 572 fide
1341 522 1418 559 Ro-

304 596 417 624 mana
440 589 600 638 positum
628 599 727 625 esse:
766 587 833 623 sibi
856 589 1032 635 privatim
1059 599 1122 624 nec
1146 588 1281 636 pacisci
1312 587 1419 636 quid-

306 664 428 701 quam,
454 664 518 689 nec
543 657 661 700 petere
676 668 689 688 .·
710 652 854 700 publice
876 657 1013 700 petere,
1040 663 1147 700 quam
1170 652 1320 700 pacisci,
1339 663 1420 687 ma·

302 718 374 764 gis,
397 721 451 760 ut,
477 718 508 753 si
530 718 746 753 successisset
765 717 958 765 inceptum,
979 717 1152 763 cogitaret
1167 716 1324 763 populus
1341 715 1417 751 Ro-

303 792 442 823 manus,
467 783 590 828 potius
607 793 688 816 eum
707 784 841 829 quanto
865 781 983 816 studio
1006 780 1237 827 periculoque
1261 779 1419 815 reditum

303 845 344 880 in
361 845 560 880 amicitiam
583 856 686 880 suam
708 849 809 887 esset,
829 855 938 891 quam
956 855 1029 891 qua
1045 843 1205 879 stultitia
1221 847 1257 878 et
1275 843 1418 878 temeri·

305 912 382 944 tate
399 908 444 944 de
463 907 578 956 officio
597 908 787 943 decessum.
835 905 1094 942 Conlaudatus
1122 904 1169 942 ab
1189 905 1420 955 imperatore

305 971 381 1007 tria
398 970 518 1008 millia
533 970 698 1008 militum
717 971 764 1007 ad
784 970 1045 1021 occupandam
1070 981 1154 1006 eam
1181 975 1329 1020 partem
1354 981 1420 1005 ur-

304 1034 380 1078 bis,
410 1047 524 1084 quam
553 1034 742 1072 Samnites
777 1034 1008 1078 insidebant,
1038 1034 1185 1084 accepit
1201 1048 1210 1056 ·
1241 1032 1422 1084 praesidio

305 1098 342 1136 ei
359 1098 408 1136 L.
423 1099 627 1139 Quinctius
646 1098 821 1136 tribunus
841 1098 1005 1136 militum
1023 1098 1262 1149 praepositus.

358 1162 514 1202 XXVI.
542 1163 692 1201 Eodem
712 1170 891 1216 tempore
917 1169 956 1200 et
979 1162 1196 1213 Nymphius
1216 1166 1418 1212 praetorem

305 1227 535 1265 Samnitium
563 1234 645 1265 arte
673 1229 872 1278 adgressus
901 1226 1132 1278 perpulerat,
1158 1231 1215 1269 ut,
1235 1226 1420 1274 quoniam·

301 1292 426 1329 omnis
453 1291 654 1330 Romanus
684 1294 873 1330 exercitus
899 1297 966 1328 aut
988 1291 1089 1328 circa
1109 1289 1332 1341 Palaepolim
1351 1295 1419 1326 aut

302 1355 342 1391 iu
379 1354 536 1391 Samnio
569 1362 682 1398 esset,
716 1357 858 1391 sineret
889 1368 931 1390 se
960 1355 1079 1389 classe
1111 1353 1342 1388 circumvehi
1370 1351 1419 1390 ad

300 1417 523 1456 Romanum
541 1432 673 1469 agrum
690 1435 701 1465 3
733 1431 814 1456 non
840 1431 946 1456 oram
968 1417 1086 1454 modo
1107 1417 1236 1461 marJS,
1260 1417 1326 1454 sed
1343 1417 1419 1467 ipsi

302 1482 390 1520 urbi
406 1484 622 1533 propinqua
639 1482 726 1519 loca
744 1481 1076 1532 depopulaturum.
1133 1481 1220 1524 Sed,
1241 1486 1284 1517 ut
1307 1480 1417 1517 falle-

303 1551 376 1589 ret,
404 1552 519 1582 nocte
547 1545 862 1596 proficiscendum
887 1552 983 1588 esse,
1010 1543 1276 1594 extemploque
1301 1555 1419 1580 naves

304 1609 566 1646 deducendas:
603 1609 706 1659 quod
734 1622 810 1659 quo
839 1609 1022 1645 maturius
1053 1608 1174 1651 fieret,
1204 1609 1331 1644 omnis
1350 1606 1418 1658 ju-

303 1679 438 1710 ventus
459 1673 701 1716 Samnitium,
725 1678 862 1723 praeter
886 1672 1139 1709 necessarium
1163 1671 1267 1708 urbis
1286 1671 1417 1721 praesi·

304 1737 422 1781 dium,
445 1737 493 1773 ad
517 1736 606 1773 litus
633 1738 770 1774 missa:
803 1736 869 1773 ubi
895 1737 984 1772 dum
1007 1735 1224 1785 Nymphius
1251 1735 1290 1771 in
1308 1741 1415 1772 tene·

303 1800 381 1838 bris
411 1807 450 1837 et
478 1799 722 1837 multitudine
759 1806 877 1836 semet
914 1800 996 1849 ipsa
1025 1799 1256 1849 inpediente,
1287 1798 1420 1835 sedulo

305 1864 388 1901 aliis
408 1864 483 1900 alia
501 1865 659 1913 imperia
677 1864 849 1907 turbans,
877 1865 966 1900 terit
990 1869 1139 1913 tempus
1157 1879 1167 1908 5
1201 1861 1415 1907 Charilaus,

304 1941 353 1966 ex
380 1929 595 1978 composito
626 1928 673 1964 ab
704 1929 817 1964 sociis
851 1929 888 1964 in
920 1928 1052 1964 urbem
1083 1933 1270 1978 receptuS,
1300 1938 1416 1975 quum

305 2005 452 2030 summa
471 1992 573 2029 urbis
593 1991 773 2028 Romano
796 1993 916 2029 milite
941 1992 1135 2042 inplesset,
1166 1990 1250 2027 tolli
1272 1989 1414 2025 clamo-

305 2068 384 2093 rem
406 2054 545 2105 jussit:
579 2055 625 2091 ad
649 2068 759 2104 quem
787 2055 925 2098 Graeci,
953 2056 1064 2103 signo
1091 2060 1247 2103 accepto
1271 2065 1292 2089 a
1311 2054 1415 2102 prin-

305 2115 468 2169 cipibuS,
489 2120 673 2168 quievere.
730 2119 872 2155 Nolani
900 2131 965 2169 per
991 2130 1159 2154 aversam
1186 2123 1332 2166 partem
1352 2128 1413 2152 ur-

304 2182 362 2220 bis
392 2183 453 2219 via
484 2182 626 2220 Nolam
656 2183 800 2220 ferente
830 2183 1026 2231 effugiunt.
1084 2180 1318 2218 Samnitibus
1347 2192 1413 2216 ex-

305 2245 417 2286 clusis
447 2247 494 2286 ab
524 2247 630 2292 urbe,
660 2255 701 2285 ut
727 2248 937 2301 expeditior
956 2248 994 2283 in
1014 2246 1215 2301 presentia
1234 2244 1338 2296 fuga,
1359 2244 1414 2284 ita.
