1573 2598
389 101 474 158 580
846 116 892 146 r.
915 115 1047 147 L1v11

196 204 288 236 uc.
304 210 379 237 4³0.
391 204 624 254 nobilitasque
647 205 812 253 magistri
836 208 1006 254 equitum,
1026 220 1048 243 a
1068 212 1103 243 te
1123 208 1198 256 ipso
1222 210 1410 254 nominati,
1428 223 1494 248 va-

192 248 237 280 Α·
250 248 288 280 c·
303 254 380 281 ³⁹²
392 268 454 311 let,
473 280 537 304 nec
551 280 684 317 preces,
705 281 781 317 quae
796 281 887 318 saepe
905 270 1037 307 hostem
1053 273 1275 319 mitigavere,
1296 285 1373 321 quae
1389 275 1493 318 Deo-

185 1159 276 1190 Fabii
288 1168 336 1190 se-

182 1211 231 1233 ms
243 1210 352 1234 oratio.

388 343 469 368 rum
486 333 561 368 iras
574 334 748 381 placant‚·
777 334 932 370 tribunos
959 335 1072 382 plebis
1096 336 1254 383 adpelle,
1283 341 1318 372 et
1337 349 1491 385 provoco

387 396 438 432 ad
451 397 654 445 populum:
682 409 830 445 eumque
849 398 923 441 tibi,
942 398 1109 447 fugienti
1135 401 1304 436 exercitus
1332 403 1398 444 tui,
1416 400 1488 449 fu·

383 461 499 507 gienti
523 465 664 496 senatus
683 459 876 508 judicium,
890 460 1051 508 judicem
1069 462 1170 511 fero,
1199 465 1261 512 qui
1284 469 1376 500 certe
1404 476 1491 501 unus

381 524 478 572 plus,
506 536 612 572 quam
641 529 704 560 tua
727 527 922 568 dictatura,
949 531 1067 575 potest
1091 528 1285 575 polletque.
1346 527 1488 572 Videre,

383 598 584 624 cessurusne
611 591 856 636 provocationi
879 591 939 632 sis,
964 593 1021 627 cui
1047 591 1123 627 Rex
1153 590 1337 628 Romanus
1366 592 1490 629 Tullus

381 651 558 688 Hostilius
580 653 692 689 cessit.
747 653 808 690 Ex
837 653 941 690 curia
962 654 1002 690 in
1029 655 1252 691 concionem
1283 655 1380 690 itur:
1413 667 1488 704 quo

380 725 466 749 cum
493 714 621 764 paucis
651 715 828 760 dictator,
848 729 934 752 cum
959 717 1062 753 omni
1092 717 1242 765 agmine
1275 717 1487 767 principum

379 778 560 825 magister
578 778 749 826 equitum.
766 791 882 827 quum
904 780 1129 816 escendisset
1141 796 1152 825 3
1183 779 1315 816 deduci
1335 792 1421 816 eum
1443 781 1487 817 de

378 841 509 877 rostris
542 841 715 891 Papirius
747 843 787 878 in
820 848 967 892 partem
995 842 1212 880 inferiorem
1233 841 1362 891 jussit.
1419 843 1486 880 Se-

377 910 485 939 cutus
511 909 631 954 pater,
659 906 756 942 Bene
781 907 872 953 agis,
903 905 1042 954 inquit,
1063 918 1172 953 quum
1199 918 1240 942 eo
1266 918 1330 942 nos
1361 907 1488 944 deduci

366 966 518 1013 jussisti,
537 969 631 1004 unde
654 973 690 1004 et
710 969 849 1016 privati
875 981 995 1004 vocem
1020 970 1161 1005 mittere
1178 981 1369 1018 possemus.
1424 969 1486 1006 Ibi

375 1032 499 1080 primo
518 1044 595 1067 non
612 1038 689 1067 tam
705 1037 896 1082 perpetuae
917 1032 1123 1075 orationes,
1139 1045 1253 1081 quam
1271 1032 1481 1077 altercatio,

376 1096 686 1134 exaudiebantur.
742 1096 846 1132 Vicit
873 1096 1008 1132 deinde
1037 1097 1235 1146 strepitum
1261 1109 1336 1133 vox
1358 1104 1396 1134 et
1423 1098 1483 1134 in-

377 1160 548 1209 dignatio
567 1160 675 1197 Fabii
703 1161 816 1204 senis,
836 1161 1064 1210 increpantis
1091 1160 1305 1210 superbiam
1324 1161 1483 1198 crudeli-

377 1230 570 1274 tatemque
584 1224 726 1274 Papirii
742 1241 748 1261 :
773 1224 821 1260 Se
839 1237 975 1273 quoque
993 1227 1206 1262 dictatorem
1220 1226 1482 1275 Romaefuisse‚

370 1300 434 1325 nec
462 1301 486 1324 a
512 1300 549 1324 se
577 1300 801 1337 quemquam,
828 1301 871 1324 ne
895 1289 1010 1337 plebis
1039 1291 1180 1338 quidem
1205 1290 1392 1333 hominem,
1412 1303 1484 1327 non
1518 1328 1530 1341 f

371 1354 624 1394 centurionem,
650 1364 721 1388 non
748 1354 913 1396 militem,
933 1354 1107 1390 violatum
1120 1370 1132 1398 ,-
1163 1354 1368 1402 Papirium,
1389 1359 1483 1390 tam·
1512 1344 1515 1347 ¹

369 1428 480 1464 quam
503 1427 545 1452 eu:
566 1416 718 1452 hostium
743 1417 901 1460 ducibus,
927 1419 978 1453 sic
1005 1429 1048 1454 ex
1077 1418 1240 1454 Romano
1266 1419 1482 1466 imperatore

368 1479 557 1515 victoriam
584 1483 621 1513 et
649 1479 869 1526 triumphum
897 1485 1031 1528 petere.
1091 1480 1273 1521 Quantum
1301 1481 1482 1518 interesset

369 1545 464 1580 inter
487 1544 765 1580 moderationem
793 1544 1036 1592 antiquorum,
1063 1550 1097 1581 et
1125 1557 1255 1581 novam
1278 1546 1481 1593 superbiam

371 1608 696 1656 crudelitatemque.
752 1607 983 1644 Dic-latorem
1003 1609 1208 1649 Quinctium
1228 1608 1480 1646 Cincinnatum

368 1673 407 1708 in
428 1671 473 1707 L.
493 1671 697 1707 Minucium
715 1673 905 1715 consulem,
925 1684 968 1708 ex
992 1672 1168 1709 obsidione
1195 1686 1218 1709 a
1243 1685 1281 1710 se
1305 1678 1477 1722 ereptum,

369 1746 441 1771 non
460 1735 559 1770 ultra
577 1735 723 1777 soevisse,
745 1746 851 1782 quam
870 1739 911 1770 ut
931 1736 1088 1783 legatum
1113 1748 1191 1771 eum
1214 1737 1264 1772 ad
1289 1738 1480 1774 exercitum

364 1810 436 1846 pro
455 1798 594 1834 consule
621 1798 845 1845 relinqueret.
901 1798 956 1835 M.
977 1799 1124 1835 Furiam
1154 1799 1347 1836 Camillum
1367 1801 1406 1837 in
1432 1800 1477 1837 L.

368 1861 489 1904 Furio,
511 1862 586 1909 qui,
606 1866 782 1897 contemta
809 1874 874 1898 sua
901 1867 1076 1898 senectute
1103 1867 1139 1900 et
1166 1865 1393 1907 auctoritate,
1403 1863 1479 1913 soe·

369 1926 511 1961 dissimo
527 1937 607 1960 cum
625 1930 748 1961 eventu
776 1931 978 1973 pugnasset,
1000 1939 1070 1962 non
1087 1928 1201 1963 solum
1226 1929 1263 1963 in
1286 1929 1480 1975 praesentia

367 1989 591 2024 moderatum
619 1989 682 2023 iroe
709 1999 792 2030 esse,
815 2000 858 2023 ne
876 1990 962 2036 quid
991 1991 1033 2026 de
1061 1990 1197 2037 collega
1221 2002 1318 2025 secus
1343 1990 1479 2037 populo

369 2056 434 2088 aut
451 2052 589 2087 senatui
602 2051 764 2086 scriberet
776 2067 788 2094 ‚-
816 2053 890 2094 sed,
909 2065 1015 2099 quum
1032 2054 1239 2094 revertisset,
1255 2053 1477 2099 potissimum

370 2127 412 2151 ez:
430 2114 579 2151 tribunis
598 2115 836 2151 consularibus
855 2115 1025 2158 habuisse,
1047 2127 1150 2163 quem
1174 2127 1216 2151 ex
1235 2115 1391 2162 collegis,
1411 2127 1477 2163 op-

369 2179 464 2215 tione
495 2177 538 2213 ab
569 2183 694 2214 senatu
727 2179 829 2222 data,
860 2169 993 2215 socium
1023 2179 1089 2216 sibi
1120 2180 1260 2227 imperii
1291 2179 1476 2226 delegerit.

369 2242 468 2283 Nam
490 2243 621 2293 populi
639 2243 792 2294 quidem,
810 2255 917 2294 penes
937 2255 1038 2293 quem
1062 2248 1222 2293 potestas
1240 2244 1396 2281 omnium
1419 2253 1476 2280 ro-
