1573 2598
317 170 407 227 526
778 183 823 212 T.
847 181 980 215 mvn

128 272 559 325 U.C.413.adpellatus:
609 272 847 324 Insigniaque
882 274 1042 312 honoris
1079 275 1265 313 exterrito
1300 275 1433 316 subita

125 325 166 356 A·
182 324 220 355 C·
236 330 312 357 3³⁹·
324 338 378 375 rei
406 336 588 374 miraculo
616 337 807 381 deferunt,
834 344 873 374 et
899 339 946 375 ad
972 337 1105 376 urbem
1127 339 1263 378 ducere
1281 339 1435 391 jubent.

322 402 401 439 Suo
420 401 540 451 mag1s
560 401 646 438 inde
664 402 809 452 inpetu,
827 415 941 452 quam
957 403 1118 441 consilio
1137 404 1257 449 ducis,
1277 404 1435 443 convul-

320 465 371 503 sis
391 466 522 516 signis,
544 465 684 502 infesto
704 467 855 516 agmine
884 467 932 505 ad
959 467 1124 519 lapidem
1153 475 1330 506 octavum
1349 469 1435 514 viae,

320 544 404 580 quae
423 542 525 568 nunc
544 530 670 582 Appia
688 536 760 574 est,
788 533 1035 584 perveniunt:
1068 533 1260 584 issentque
1285 533 1435 571 confes-

319 595 391 631 tim
426 595 475 632 ad
511 594 656 638 urbem,
686 595 727 631 ni
754 597 882 634 venire
911 603 1046 634 contra
1077 598 1286 634 exercitum
1314 598 1436 635 dicta-

127 667 273 700 VaIerius
321 664 520 709 toremque
538 660 714 697 adversus
734 672 774 698 se
798 660 856 698 M.
876 661 1071 699 Valerium
1097 661 1264 699 Corvum
1292 663 1436 701 dictum

126 712 272 787 3223,
323 725 530 768 audissent,
550 731 589 761 et
607 725 833 774 magistrum
858 727 1030 777 equitum
1056 726 1104 764 L.
1124 726 1326 765 AEmilium
1346 726 1436 765 Ma·

319 801 542 827 merentum.
1015 838 1019 841 ι

373 853 463 892 XL.
493 853 571 891 Ubi
591 853 754 904 primum
781 854 822 891 in
841 861 1088 905 conspectum
1107 861 1263 892 ventum
1285 860 1356 900 est,
1376 868 1437 892 ar-

319 930 384 957 ma
401 917 584 967 signaque
612 930 800 967 agnovere
816 933 826 963 5
861 918 1054 969 extemplo
1082 919 1260 956 omnibus
1289 931 1435 956 memo-

319 989 378 1025 ria
404 987 536 1038 patriae
557 986 630 1023 iras
650 985 859 1037 permulsit.
916 986 1102 1024 Nondum
1125 994 1233 1024 erant
1258 994 1338 1025 tam
1356 988 1436 1026 for·

320 1059 378 1089 tes
407 1052 455 1089 ad
480 1051 704 1100 sanguinem
723 1050 886 1095 civilem,
906 1064 990 1096 nec,
1017 1058 1155 1103 praeter
1174 1059 1344 1097 externa,
1364 1066 1436 1090 no-

319 1123 453 1153 verant
481 1115 604 1152 bella:
636 1114 846 1164 ultimaque
865 1115 987 1152 rabies
1018 1118 1180 1153 secessio
1203 1116 1251 1154 ab
1271 1117 1347 1154 suis
1366 1118 1436 1155 ha·

311 1181 506 1218 bebatur:
538 1180 667 1229 itaque
687 1179 773 1230 jam
799 1180 927 1225 duces,
950 1179 1034 1232 jam
1063 1180 1201 1218 milites
1231 1182 1434 1232 utrimque,

319 1256 543 1295 congressus
564 1257 730 1294 quaercre
749 1245 796 1282 ad
817 1245 1032 1295 conloquia.
1084 1246 1301 1291 Quinctius,
1323 1259 1434 1296 quem

319 1322 512 1347 armorum
539 1309 652 1345 ctiam
679 1321 749 1358 pro
778 1309 902 1359 patria
930 1310 1083 1346 satietas
1113 1316 1274 1354 teneret,
1294 1311 1434 1347 nedum

319 1375 495 1412 adversus
530 1375 691 1425 patriam
707 1390 718 1420 3
765 1375 926 1418 Corvus,
961 1387 1092 1411 omncs
1127 1376 1286 1412 caritate
1318 1376 1432 1420 cives,

318 1441 508 1490 praecipue
543 1438 696 1482 milites,
736 1444 774 1475 et
810 1445 898 1475 aute
936 1439 1030 1475 alios
1067 1452 1178 1476 suum
1209 1440 1430 1484 exercitum,

318 1503 552 1553 complexu8‚
586 1504 633 1539 ad
667 1503 913 1553 conloquium
942 1504 1140 1553 processit.
1197 1504 1366 1553 Cognito
1394 1505 1430 1540 ei

306 1567 511 1617 „extemplo
548 1567 648 1603 haud
684 1568 808 1603 minor
845 1567 892 1603 ab
932 1567 1154 1604 adversariis
1191 1567 1430 1611 verecundia,

122 1635 293 1668 Dictatoris
320 1643 433 1680 quam
462 1630 510 1667 ab
539 1631 616 1666 suis
646 1630 853 1674 silentium,
885 1631 1037 1667 datum:
1070 1631 1184 1674 Deos,
1210 1631 1348 1680 inquit,
1376 1634 1431 1668 in·-

123 1681 162 1710 ad
180 1681 307 1710 seditio-

123 1731 173 1753 *os
197 1725 307 1755 oratio·
319 1696 503 1738 mortales,
532 1697 676 1739 milites,
705 1700 836 1732 vestros
860 1696 1036 1744 publicos,
1065 1707 1239 1744 meosque,
1271 1696 1315 1732 ab
1346 1695 1432 1733 urbe

312 1760 537 1808 proficiscens
567 1761 620 1795 ita
653 1760 815 1802 adoravi,
847 1761 1056 1807 veniamque
1086 1759 1236 1808 supplex
1267 1761 1429 1808 poposci,

316 1829 359 1860 ut
384 1823 473 1860 mihi
494 1824 538 1860 (le
563 1823 660 1859 vobis
678 1825 876 1860 concordiae
898 1829 1017 1872 partce
1042 1823 1212 1871 gloriam,
1231 1835 1302 1860 non
1321 1825 1431 1860 victo-

317 1888 424 1930 riam,
442 1888 586 1935 darent.
643 1880 744 1924 Satis
758 1887 843 1937 ficit
862 1890 1009 1937 eritque,
1029 1888 1122 1924 unde
1141 1887 1223 1924 belli
1242 1889 1346 1924 decus
1360 1901 1431 1937 pa-

316 1953 435 1988 riatur
447 1968 459 1988 .·
487 1951 570 1988 hinc
592 1964 666 2000 pax
686 1953 845 2000 petenda
864 1957 927 1989 est.
985 1953 1088 1994 Quod
1106 1952 1208 1988 Deos
1227 1945 1433 1997 inmortales

318 2017 411 2051 inter
438 2016 683 2063 nuncupanda
710 2020 795 2052 vota
822 2018 1021 2064 expoposci‚
1050 2014 1124 2062 ejus
1151 2027 1208 2051 me
1235 2019 1432 2063 compotem

316 2079 391 2114 roffi
409 2090 469 2114 vos
481 2077 612 2127 facere
626 2080 776 2127 potestis
786 2095 799 2123 ‚·
826 2081 857 2115 si
876 2080 1073 2115 meminisse
1089 2079 1210 2121 vultis,
1230 2090 1300 2114 non
1316 2091 1376 2115 vos
1392 2080 1431 2115 in

317 2142 481 2195 Sammo,
501 2154 566 2178 nec
584 2143 621 2179 in
645 2143 790 2184 Volscis,
810 2144 872 2179 sed
894 2144 930 2179 ἱιι
951 2143 1115 2179 Romano
1132 2143 1207 2179 solo
1226 2148 1345 2180 castra
1363 2143 1429 2180 ha·

315 2205 419 2241 bere:
448 2207 479 2242 sz'
506 2206 585 2242 illos
610 2206 728 2249 colles,
756 2218 841 2254 quos
870 2208 1027 2250 cernitis,
1054 2209 1187 2256 patria?
1203 2211 1326 2243 vestrae
1343 2219 1428 2251 esse,

313 2269 342 2303 si
372 2268 465 2304 hunc
493 2271 684 2306 exercitant
715 2271 844 2306 civium
870 2274 1093 2307 vestrorum:
1121 2272 1226 2306 sime
1252 2271 1428 2307 consulem

312 2337 481 2376 vestrum,
502 2332 602 2381 cujus
621 2335 731 2372 ductu
753 2336 981 2385 auspicioque
997 2337 1120 2384 priore
1137 2347 1230 2372 mmo
1248 2335 1300 2372 bis
1319 2335 1427 2383 legio-
