1573 2598
382 140 541 171 LIBER
566 139 648 170 111.
681 138 790 169 eAz’.
813 140 939 169 Lvu.
1140 138 1222 183 239

104 233 182 268 tum
211 241 249 267 se
279 234 519 278 experturum.
576 228 622 264 In
648 230 842 277 praesentia
872 240 909 264 se
937 231 1115 266 communi
1137 228 1224 276 jure
1235 227 1277 258 U.
1293 225 1332 257 C·
1347 230 1437 258 ³⁰⁶?

103 295 260 332 civitatis
287 295 396 331 civem
425 293 630 330 Romanum
657 294 716 329 die
744 294 844 329 dicta
869 295 1066 342 postulare,
1095 299 1140 331 ut
1166 296 1222 331 di·
1233 271 1274 302 A‘
1291 269 1442 303 0446„

103 372 182 397 cere
197 360 317 402 liceat,
332 364 375 396 ut
383 357 562 407 judicium
576 358 706 407 populi
718 357 874 394 Romani
890 360 1044 407 experiri
1056 375 1067 395 .·
1086 371 1156 396 non
1171 361 1226 396 ita

102 436 142 461 se
159 426 333 461 invidiam
353 424 591 473 pertimuisse,
610 427 653 459 ut
680 422 771 459 nihil
798 424 835 459 in
864 424 1032 471 aequitate
1059 428 1095 460 et
1121 425 1226 461 mise-

105 490 265 526 ricordia
283 490 413 526 civium
430 499 576 524 suorum
601 488 675 536 spei
702 487 843 524 habeat.
902 488 1009 530 Quod
1033 490 1065 525 si
1088 489 1229 525 indicta

107 565 233 590 caussa
262 554 301 589 in
326 553 472 589 vincula
503 552 670 594 ducatur,
700 553 831 588 iterum
861 564 897 588 se
929 552 1087 589 tribunos
1111 553 1228 602 plebei

107 618 307 666 adpellare,
328 621 364 653 et
381 628 535 659 monere,
555 628 600 652 ne
618 617 818 659 imitentur,
836 629 921 665 quos
939 604 1091 653 oderint.
1123 617 1230 659 Quod

104 683 137 718 si
155 681 287 718 tribuni
304 681 425 717 eodem
441 680 583 730 foedere
601 680 775 728 obligatos
791 692 827 716 se
845 680 1044 729 fateantur
1062 681 1231 718 tollendae

105 746 361 795 adpellationis
396 758 533 788 caussa,
563 747 600 782 in
637 757 746 793 quam
773 747 990 793 conspirasse
1018 746 1231 783 decemviros

104 811 290 848 criminati
315 812 411 856 sint,·
440 812 493 847 ait
518 822 555 846 se
583 822 780 858 provocare
808 811 857 846 ad
881 811 1083 858 populum:
1110 810 1230 859 inplo-

106 887 191 913 rare
218 876 310 925 leges
337 877 381 913 de
407 876 673 925 provocatione,
703 880 738 911 et
767 875 981 919 consulares,
1011 880 1047 911 et
1078 875 1230 912 tribuni·

105 940 196 983 cias,
215 952 256 976 eo
275 941 351 989 ipso
370 952 465 976 anno
485 940 590 976 latas.
647 939 761 980 Quem
780 940 873 975 enim
890 944 1182 987 provocaturum,
1201 940 1234 976 si

111 1004 176 1041 hoc
202 1006 408 1042 indemnato
439 1006 578 1042 indicta
615 1016 740 1040 caussa
774 1016 846 1040 non
884 1004 1027 1040 liceat.9
1061 1005 1120 1040 cui
1150 1004 1233 1053 ple·

112 1069 187 1105 beio
209 1073 245 1105 et
266 1069 391 1106 humili
412 1070 622 1118 praesidium
648 1069 686 1104 in
711 1067 843 1116 legibus
859 1067 962 1117 fore,
980 1069 1012 1104 si
1030 1068 1101 1117 Ap.
1121 1067 1232 1105 Clau·

112 1133 172 1169 dio
199 1145 270 1169 non
295 1134 376 1169 sit?
401 1145 438 1169 se
464 1134 675 1169 documento
692 1130 883 1181 futurum,
905 1137 1027 1168 utrum
1055 1134 1153 1168 novis
1180 1133 1233 1168 le·

108 1196 210 1244 gibus
235 1197 444 1244 dominatio,
465 1208 514 1232 an
539 1196 683 1233 libertas
698 1196 855 1245 firmata
872 1197 946 1232 sit:
974 1200 1010 1232 et
1033 1197 1232 1244 adpellatio

108 1262 384 1310 provocatioque
411 1262 578 1297 adversus
604 1258 775 1307 injuriam
809 1261 1088 1307 magistratuum
1116 1265 1232 1297 osten·

113 1329 194 1361 tata
212 1330 353 1362 tantum
372 1325 534 1361 inanibus
553 1326 679 1369 literis,
700 1337 747 1361 an
765 1336 844 1361 vere
863 1325 952 1361 data
969 1326 1026 1361 sit.

166 1388 293 1426 LVII.
324 1389 470 1425 Contra
498 1401 543 1426 ea
562 1389 773 1438 Virginius,
797 1401 916 1425 unum
938 1389 1011 1439 Ap.
1033 1387 1235 1425 Claudium

111 1459 153 1489 et
174 1452 302 1502 legum
321 1460 514 1504 expertem
533 1459 571 1489 et
590 1453 710 1489 civilis
731 1459 770 1489 et
786 1453 946 1489 humani
964 1452 1117 1489 foederis
1138 1465 1233 1496 esse,

115 1516 253 1555 aiebat.
310 1518 539 1567 Respicerent
567 1518 724 1554 tribunal
754 1517 922 1560 homines,
947 1517 1133 1554 castellum
1161 1530 1263 1561 orn-s

114 1582 214 1618 nium
229 1583 425 1619 scelerum:
452 1582 513 1618 ubi
534 1583 709 1618 decemvir
727 1582 788 1617 ille
809 1586 1014 1630 perpetuus,
1036 1581 1144 1624 bonis,
1165 1586 1236 1617 ter-

114 1657 174 1693 go,
194 1647 360 1693 sanguini
381 1647 510 1683 civium
531 1644 692 1695 infestus,
711 1647 831 1693 virgas
852 1656 1056 1693 securesque
1079 1645 1239 1681 omnibus

117 1711 298 1753 minitans,
315 1710 496 1747 ‘Deorum
530 1711 782 1758 hominumque
813 1714 1008 1746 contemtor
1020 1726 1032 1752 ,-
1061 1710 1238 1759 carnifici-

119 1774 191 1818 bus,
212 1787 283 1811 non
302 1775 493 1818 lictoribus,
512 1777 678 1824 stipatus,
696 1774 780 1822 jam
805 1775 850 1810 ab
867 1776 1006 1822 rapinis
1030 1778 1064 1810 et
1088 1774 1240 1811 ccedilms

119 1840 238 1875 animo
262 1840 312 1875 ad
331 1840 511 1876 libidinem
528 1851 640 1882 verso,
660 1840 832 1887 virginem
857 1839 1049 1886 ingenuam
1073 1838 1112 1874 in
1130 1838 1241 1875 oculis

115 1903 244 1952 populi
263 1903 432 1946 Romani,
451 1904 549 1940 velut
570 1903 660 1940 bello
679 1907 837 1952 captam,
859 1902 901 1938 ab
920 1903 1104 1950 complexu
1122 1902 1240 1950 patris

121 1967 318 2016 abreptam,
356 1968 518 2004 ministro
547 1968 700 2004 cubiculi
735 1969 789 2003 sui
818 1968 941 2003 clienti
968 1968 1061 2003 dono
1090 1967 1240 2003 dederit.

126 2031 195 2068 Ubi
213 2033 350 2068 crudeli
368 2033 507 2068 decreto
525 2032 760 2081 nefandisque
780 2033 940 2068 vindiciis
966 2032 1147 2068 dexteram
1168 2044 1240 2080 pa-

124 2096 187 2132 tris
217 2097 255 2132 in
273 2097 398 2146 filiam
426 2098 645 2134 armaverit:
672 2097 745 2139 ubi,
781 2097 943 2132 tollentes
975 2108 1103 2146 corpus
1134 2097 1240 2132 semi-

123 2162 241 2198 anime
274 2164 433 2210 virginis,
466 2175 634 2212 sponsum
669 2163 954 2211 avunculumque
989 2164 1027 2198 in
1064 2174 1242 2199 carcerem

124 2225 208 2262 duci
225 2224 396 2272 jusserit3
427 2232 551 2276 stupro
580 2227 810 2276 interpellato
837 2229 966 2275 magis,
997 2239 1105 2274 quam
1133 2228 1240 2268 ccede,

124 2294 241 2328 motus
255 2306 268 2327 .·
296 2295 331 2328 et
351 2292 409 2328 illi
431 2304 608 2330 carcerem
630 2293 846 2342 <edificatum
869 2304 953 2336 esse,
977 2291 1073 2341 quod
1095 2292 1240 2328 domic&
