1573 2598
331 200 413 261 298
781 211 829 251 τ’.
852 219 987 253 mvn

329 303 444 352 libus,
464 311 506 344 ut
528 304 883 354 animadverterent,
906 323 955 347 ne
974 309 1052 360 qui,
1072 309 1147 348 nisi
1170 310 1338 351 Romani
1355 306 1439 360 Dii,

116 375 214 407 uc.
231 382 304 408 328.
331 383 405 408 neu
425 383 501 420 quo
529 371 604 408 alio
633 385 752 418 more,
781 387 893 423 quam
918 375 1057 425 pan-lo,
1089 375 1313 415 colerentur.
1367 378 1441 416 Irae

116 420 157 454 A·
175 420 302 453 0⁶424·
333 435 508 473 adversus
537 432 715 473 Veientes
745 438 784 474 in
812 439 1073 489 insequentem
1102 453 1258 486 annum,
1289 442 1332 480 C.
1353 442 1440 480 Ser-

331 499 463 537 vilium
487 499 665 544 Ahalam,
690 500 736 538 L.
756 501 949 553 Papirium
975 504 1232 554 Mugillanum
1251 505 1441 551 consules,

331 563 457 601 dilatae
490 569 591 600 sunt.
645 563 754 601 Tunc
787 579 950 616 quoque,
985 579 1034 604 ne
1067 568 1268 606 confestim
1299 570 1441 607 bellum

330 627 574 671 indiceretur,
603 639 697 664 neve
725 631 910 667 exercitus
936 633 1190 678 mitterentur,
1217 633 1351 684 religio
1371 633 1443 673 01)·Δ

332 693 455 730 stitit:
498 692 648 730 feciales
679 694 781 744 prius
813 696 1018 733 mittendos
1053 699 1098 735 ad
1127 711 1184 735 res
1217 699 1442 750 repetendas

332 770 523 797 censuere.
580 760 676 796 Cum
708 760 931 798 Veientibus
960 776 1082 814 nuper
1113 766 1192 801 acie
1221 765 1442 802 dimicatum

306 830 311 835 “
332 823 380 860 ad
397 823 634 861 Nomentum
654 830 691 861 et
709 824 870 862 Fidenas
897 826 1046 864 fuerat:
1079 828 1312 879 induciaeque
1337 829 1440 873 inde,

329 899 409 925 non
437 902 526 940 pax,
556 889 680 926 facta:
726 902 884 939 quarum
918 896 956 927 et
988 891 1065 928 dies
1096 894 1251 936 exierat,
1286 898 1322 929 et
1353 900 1445 930 ante

330 952 430 990 diem
458 953 745 990 rebellaverant.
800 954 910 991 Missi
931 961 1058 992 tamen
1078 956 1254 993 feciales:
1285 969 1356 995 nec
1375 970 1443 995 eo-

330 1030 428 1062 rum,
445 1031 561 1068 quum
578 1031 684 1056 more
704 1024 854 1069 patrum
866 1019 987 1070 jurati
1006 1026 1220 1070 repeterent
1239 1033 1311 1065 res,
1327 1020 1443 1059 verba

114 1095 303 1127 Veientibus
332 1088 420 1119 sunt
449 1083 587 1119 audita.
645 1082 915 1120 Controversia
933 1084 1020 1120 inde
1045 1084 1131 1129 fuit,
1159 1090 1284 1122 utrum
1309 1085 1442 1137 populi

115 1140 239 1215 Εξέἐὲἓιῑ
259 1141 308 1171 in·
325 1145 438 1199 jussu
455 1147 684 1184 indiceretur
701 1147 857 1191 bellum,
885 1162 933 1185 an
959 1150 1050 1186 satis
1077 1156 1175 1186 esset
1194 1156 1442 1187 senatuscon-

242 1204 251 1215 ⁸
332 1210 486 1249 sultum.
531 1211 728 1248 Pervicere
746 1211 903 1256 tribuni,
925 1213 1188 1250 denunciando
1207 1214 1440 1264 inpedituros

330 1286 370 1312 se
399 1275 600 1320 delectum,
623 1281 666 1312 ut
691 1276 864 1314 consules
895 1278 940 1314 de
967 1277 1069 1315 bello
1093 1278 1139 1314 ad
1164 1277 1346 1329 populum
1364 1278 1443 1315 fer-

329 1346 437 1378 rent:
470 1353 599 1377 omnes
621 1342 799 1378 centuriae
816 1341 977 1392 jussere.
1033 1341 1080 1379 In
1101 1355 1145 1379 eo
1166 1355 1315 1392 quoque
1334 1341 1442 1393 plebs

329 1405 500 1455 supelior
518 1405 605 1449 fuit,
627 1405 728 1455 quod
746 1406 883 1450 tenuit,
903 1418 952 1443 ne
973 1405 1145 1443 consules
1164 1407 1204 1443 in
1223 1407 1441 1457 proximum

330 1482 471 1506 annum
491 1476 720 1507 crearentur.

136 1536 179 1571 U.
191 1540 228 1573 C.
244 1545 320 1574 329.
383 1534 543 1571 XXXI.
571 1533 733 1570 Tribuni
750 1533 913 1571 militum
929 1533 1118 1571 consulari
1137 1540 1328 1584 potestate
1347 1548 1445 1585 qua·

134 1585 176 1615 Α·
190 1585 228 1617 C·
243 1590 418 1636 ⁴2³·tuor
438 1599 554 1636 creati
575 1606 676 1643 sunt,
696 1598 742 1636 T.
764 1599 966 1639 Quinctius
987 1599 1139 1635 Pennus
1160 1611 1206 1636 ex
1226 1599 1440 1644 consulatu,

330 1664 374 1702 C.
398 1663 548 1708 Furius,
574 1663 632 1702 M.
647 1663 880 1708 Postumius,
907 1665 956 1701 A.
978 1663 1176 1700 Cornelius
1197 1664 1362 1701 Cossus:
1396 1677 1444 1702 ex

326 1728 374 1767 iis
403 1728 543 1765 Cossus
573 1727 726 1778 praefuit
751 1727 858 1764 urbi:
889 1734 980 1772 tres,
1008 1727 1156 1764 delectu
1177 1728 1325 1772 habito,
1351 1739 1440 1779 pro-

328 1796 421 1835 fecti
452 1801 540 1832 sunt
568 1794 699 1839 Veios,
733 1794 1038 1844 documentoque
1066 1795 1184 1838 fuere,
1216 1807 1329 1844 quam
1356 1795 1441 1845 plu-

329 1860 430 1898 rium
459 1859 658 1910 imperium
688 1858 792 1895 bello
823 1858 958 1895 inutile
988 1865 1098 1895 esset.
1155 1857 1363 1894 Tendendo
1393 1858 1442 1895 ad

331 1936 400 1960 sua
419 1924 576 1974 quisque
596 1923 767 1967 consilia,
789 1936 904 1972 quum
924 1922 1025 1959 aliud
1047 1922 1111 1959 alii
1130 1923 1331 1967 videretur,
1352 1935 1442 1974 ape-

331 1993 490 2026 ruerunt
509 1987 556 2023 ad
575 1987 815 2023 occasionem
834 1986 960 2023 locum
979 1987 1101 2023 hosti:
1130 1987 1313 2023 incertam
1332 1999 1441 2023 nam-

331 2064 404 2103 que
427 2053 561 2095 aciem,
583 2051 733 2100 siguum
753 2049 834 2087 aliis
859 2051 938 2087 dari
964 2052 1145 2101 receptui,
1166 2050 1248 2087 aliis
1269 2052 1352 2087 cani
1375 2050 1441 2102 ju-

328 2115 525 2160 bentibus,
545 2116 715 2152 invasere
740 2122 954 2166 opportune
974 2115 1177 2152 Veientes:
1211 2122 1334 2152 castra
1352 2128 1443 2166 pro-

331 2181 475 2234 pinqua
492 2180 665 2218 turbatos
686 2193 729 2216 ac
748 2187 856 2229 terga
875 2181 1006 2217 dantes
1027 2193 1204 2231 accepere
1224 2195 1232 2216 :
1264 2180 1347 2230 plus
1367 2178 1441 2217 itass

333 2257 406 2295 que
426 2244 659 2294 ignominiae,
680 2257 791 2293 quam
813 2243 942 2287 cladis,
964 2251 1021 2280 est
1041 2250 1250 2294 acceptum.
1296 2243 1441 2281 Moesta

334 2309 465 2346 civitas
491 2308 578 2353 fuit,
605 2308 704 2345 vinci
730 2310 900 2346 insueta:
934 2309 1056 2346 odisse
1075 2309 1263 2352 tribunos,
1283 2321 1441 2359 poscere

332 2370 572 2420 dictatorem,
598 2372 639 2412 in
664 2385 710 2412 eo
736 2374 831 2412 verti
857 2385 940 2428 spes
968 2374 1159 2412 civitatis:
1191 2380 1228 2411 et
1251 2383 1366 2425 quum
1385 2370 1439 2411 ibi
