1573 2598
297 137 350 180 23
748 153 794 183 T.
819 155 951 186 L1v11

291 237 462 275 manavit
490 237 590 275 enim
617 238 699 276 haec
729 253 892 292 quoque,
922 244 988 281 sed
1022 244 1264 295 perobscura,
1293 248 1406 288 fama.

292 301 404 339 Illam
422 301 579 339 alteram
598 304 797 352 admiratio
817 307 886 343 viri
905 315 943 344 et
967 321 1086 359 pavor
1110 322 1272 361 praesens
1293 314 1403 351 nobi-

291 365 426 403 litavit.
483 367 654 404 Consilio
692 369 806 407 etiam
839 371 948 408 unius
986 372 1150 411 hominis
1188 376 1316 413 addita
1350 379 1405 414 rei

290 431 428 467 dicitur
455 431 568 467 fides:
599 444 762 482 namque
789 433 971 472 Proculus
994 437 1132 482 Julius,
1160 439 1322 476 sollicita
1351 442 1403 477 ci-

288 496 405 532 vitate
435 493 620 532 desiderio
652 498 765 546 regis,
799 505 838 535 et
865 500 1013 538 infensa
1041 502 1232 547 Patribus,
1264 505 1402 554 gravis,

286 565 329 596 ut
357 560 533 602 traditur,
559 562 728 609 quamvis
757 575 904 613 magnae
930 566 987 602 >rei
1016 574 1161 611 auctor,
1186 569 1225 605 in
1247 570 1402 606 concio-

285 635 374 660 nem
402 623 540 674 prodit.
598 625 783 670 Romulus,
810 628 946 677 inquit,
970 631 1136 675 Quirites,
1161 645 1288 680 parens
1310 634 1404 670 urbis

286 686 400 734 hujus,
434 689 555 736 prima
584 687 752 726 hodierna
779 691 854 727 luce
882 694 964 729 coelo
992 700 1132 742 repente
1163 697 1337 744 (lelapffls,
1368 708 1404 732 se

283 751 373 787 mihi
391 751 527 787 obvium
547 753 654 789 dedit.
705 755 833 798 Quum,
850 756 1014 805 perfusus
1033 758 1175 794 horrore
1189 759 1402 795 venerabun-

284 817 427 865 dusque,
457 817 681 861 adstitissem,
707 825 829 867 petens
851 822 1024 869 precibus,
1056 828 1095 858 ut
1123 828 1246 860 coyzt'ra
1275 825 1403 860 intueri

271 880 340 930 sas
367 886 478 925 esset5
507 882 577 925 abi,
609 885 750 926 nuncia,
780 884 916 933 inquit,
948 885 1131 930 Romanis,
1165 888 1322 924 Caelestes·
1350 890 1402 924 ita

281 947 383 988 velle,
405 950 446 982 ut
466 958 545 982 mea
564 946 681 983 Roma
707 953 814 996 caput
838 949 929 985 orbis
959 955 1133 988 terrarum
1153 954 1224 988 sit:
1250 954 1401 1001 proinde

279 1022 355 1047 rem
382 1011 574 1046 militarem
603 1013 748 1048 colant:
777 1015 969 1061 sciantque,
1000 1020 1035 1051 et
1064 1018 1114 1051 ita
1145 1018 1292 1064 posteris
1324 1022 1399 1052 tra-

279 1074 382 1116 dant,
419 1075 538 1109 nullas
573 1086 653 1122 opes
689 1076 860 1112 humanas
893 1079 1001 1113 armis
1037 1078 1210 1115 Romanis
1245 1081 1401 1115 resistere

278 1146 387 1185 posse.
444 1137 544 1179 Haec,
570 1137 706 1186 inquit,
734 1140 881 1182 locutus,
903 1141 1060 1177 sublimis
1085 1142 1183 1178 abiit.
1239 1142 1396 1186 Mirum,

280 1207 463 1251 quantum
482 1201 538 1237 illi
556 1201 651 1244 viro,
672 1204 869 1239 nuncianti
888 1205 982 1248 haec,
1004 1205 1088 1242 fidei
1108 1206 1241 1252 fuerit3
1265 1219 1395 1256 quam-

279 1278 352 1314 que
371 1265 596 1301 desiderium
614 1264 771 1302 Romuli
798 1267 895 1317 apud
924 1267 1074 1318 plebem
1100 1270 1395 1320 exercitumque,

275 1330 382 1368 facta
403 1329 475 1366 fide
492 1330 793 1374 inmortalitatis,
814 1331 972 1368 lenitum
991 1333 1051 1369 sit.

331 1393 465 1431 XVII.
501 1394 660 1431 Parrum
696 1395 848 1432 interim
881 1396 1027 1433 animos
1061 1403 1251 1434 ‘certamen
1288 1398 1395 1448 regni

279 1471 322 1496 ac
348 1458 487 1509 cupido
504 1458 681 1496 versabat
700 1474 707 1495 :
737 1470 810 1497 'nec
836 1460 924 1497 dum
944 1475 965 1498 a
984 1461 1156 1511 sing-ulis,
1177 1463 1266 1511 quia
1283 1474 1395 1500 nemo

276 1533 509 1574 magnopere
533 1524 730 1560 eminebat
758 1525 796 1561 in
829 1537 931 1562 novo
960 1526 1116 1576 populo,
1147 1534 1396 1576 pervenerant

277 1587 494 1626 factionest
542 1589 643 1625 inter
679 1589 828 1625 ordines
867 1590 1094 1627 certabatur.
1150 1590 1310 1627 Oriundi
1348 1591 1396 1628 ab

279 1650 443 1695 Sabinis,
474 1664 535 1695 ne,
566 1652 655 1701 quia
682 1658 771 1702 post
794 1653 896 1689 Tatii
926 1660 1089 1689 mortem
1117 1653 1164 1690 ab
1194 1666 1261 1690 sua
1288 1661 1396 1704 parte

276 1727 356 1752 non
393 1721 474 1752 erat
510 1722 724 1765 regnatum,
757 1717 797 1753 in
834 1718 1016 1754 societate
1046 1731 1151 1768 aequa
1188 1719 1396 1769 possessio-

278 1792 366 1817 nem
394 1780 542 1830 imperii
571 1781 802 1824 amitterent,
834 1782 889 1818 sui
920 1783 1087 1832 corporis
1118 1784 1235 1819 creari
1269 1796 1396 1833 regem

278 1843 471 1880 volebant.
526 1843 695 1881 Romani
724 1851 867 1881 veteres
897 1846 1138 1895 peregrinum
1173 1857 1300 1895 regem
1329 1847 1395 1883 ad—

279 1907 567 1958 spernabantur.
624 1908 670 1945 In
703 1910 815 1945 variis
852 1910 1112 1946 voluntatibus
1149 1910 1300 1960 regnari
1335 1917 1393 1947 ta-

280 1985 368 2009 men
411 1984 545 2008 omnes
582 1971 775 2015 volebant,
820 1973 1006 2009 libertatis
1054 1973 1251 2010 dulcedine
1297 1987 1394 2011 non-

281 2037 371 2074 dum
396 2043 564 2087 experta.
618 2036 752 2073 Timor
777 2037 911 2074 deinde
929 2037 1061 2074 Patres
1087 2038 1255 2082 incessit,
1275 2051 1322 2074 ne
1343 2040 1395 2075 ci-

279 2103 438 2140 vitatem
465 2102 547 2139 sine
574 2103 748 2152 imperim
775 2104 982 2140 exercitum
1011 2104 1092 2140 sine
1120 2103 1227 2146 duce,
1258 2104 1395 2140 multa-

280 2179 365 2203 rum
387 2167 486 2202 circa
511 2166 720 2202 civitatium
746 2167 902 2203 irritatis
929 2167 1078 2210 animis,
1099 2167 1152 2203 vis
1180 2166 1303 2217 aliqua
1330 2181 1395 2205 ex-

280 2237 391 2267 terna
415 2230 650 2266 adoriretur:
683 2236 721 2266 et
740 2243 820 2266 esse
848 2231 965 2280 igitur
993 2230 1144 2280 aliquod
1174 2239 1287 2282 caput
1314 2231 1396 2283 pla-

280 2294 393 2331 cebat
408 2311 419 2341 3
452 2301 490 2331 et
517 2307 630 2332 nemo
652 2294 760 2332 alteri
788 2296 994 2333 concedere
1022 2296 1061 2332 in
1090 2296 1257 2333 animum
1286 2296 1395 2333 indu·
