1573 2598
62 223 106 256 U.
122 223 161 255 C.
177 229 252 257 305.

65 268 105 298 Α.
122 268 160 298 C.
177 273 253 303 447.

60 309 226 350 Virginius

59 353 163 385 filiam
178 362 234 384 oc-

62 397 148 429 cidit.

69 1333 147 1362 Orta
167 1331 240 1381 inde

70 1381 256 1407 certamina.

279 127 360 171 228
725 138 772 168 τ.
797 139 932 170 mvn

279 228 397 271 modo,
405 228 506 278 filia,
526 227 565 263 z‘n
584 225 782 264 libertatem
798 229 949 265 vindico.
1004 226 1143 265 Pectus
1165 229 1301 267 deinde
1328 226 1415 281 pu?

281 291 363 329 ellae
391 290 605 339 transfigit5
636 297 930 342 respectansque
958 291 1006 328 ad
1033 293 1216 338 tribunal,
1249 295 1310 337 Te,
1340 295 1398 330 in-

278 357 377 407 quit,
413 358 528 406 Appi,
568 360 737 405 tuumque
771 363 882 407 caput
921 361 1092 407 sanguine
1129 359 1195 397 hoc
1229 372 1401 398 comeare.

283 426 460 463 Clamore
482 426 529 462 ad
550 431 630 462 tam
653 432 764 463 atrox
787 425 934 465 facinus
963 434 1049 465 orto
1072 430 1218 466 excitus
1237 430 1400 480 AppiuS,

282 489 554 542 comprehendi
574 489 792 539 Virginium
813 491 952 542 jubet:
984 493 1048 531 ille
1075 494 1192 538 ferro,
1221 506 1404 543 quacum-

282 568 356 606 que
391 554 486 598 ibat,
517 555 617 591 viam
651 554 802 592 facere:
842 557 976 601 donec,
1007 557 1250 595 multitudine
1287 559 1403 594 etiam

282 619 593 670 prosequentium
616 625 762 663 tuente,
783 619 831 656 ad
857 626 1009 670 portam
1036 623 1215 671 perrexit.
1271 621 1402 658 Icilius

282 683 601 733 Numitoriusque
620 696 812 734 exsangue
832 698 967 736 corpus
994 685 1187 722 sublatum
1207 692 1403 722 ostentant

281 748 453 799 populo:
485 748 605 785 scelus
625 749 754 799 Appii,
775 749 909 800 puellae
929 750 1119 788 infelicem
1138 751 1314 794 formam,
1335 763 1403 787 ne-

283 814 499 850 cessitatem
534 813 653 863 patris
689 813 901 864 deplorant.
959 815 1167 864 Sequentes
1205 815 1404 852 clamitant

282 883 484 921 matronae,
511 878 652 915 Eamne
680 879 867 915 liberorum
898 881 1203 928 procreandorum
1231 881 1404 916 conditio-

282 943 399 979 nem?
425 954 468 978 ea
490 944 678 992 pudicitiae
701 945 853 991 praemia
878 945 983 980 esse?
1011 949 1223 993 ceteraque,
1254 935 1336 992 quae
1364 943 1405 979 in

284 1005 352 1043 tali
377 1017 418 1042 re
442 1006 636 1043 muliebris
666 1005 788 1051 dolor,
820 1020 896 1056 quo
926 1012 984 1043 est
1011 1008 1185 1044 moestior
1213 1006 1406 1044 imbecillo

285 1071 428 1115 animo,
458 1083 504 1108 eo
537 1071 769 1108 miserabilia
803 1072 924 1120 magis
954 1071 1198 1120 querentibus
1237 1070 1404 1122 subjicit.

283 1134 463 1172 Virorum
493 1142 531 1172 et
555 1135 719 1172 maxime
744 1135 844 1172 Icilii
862 1148 937 1171 vox
964 1141 1062 1179 tota,
1091 1134 1306 1172 tribuniciae
1334 1148 1404 1185 po-

285 1199 434 1236 testatis
454 1212 498 1236 ac
517 1199 800 1250 provocationis
827 1199 876 1235 ad
903 1198 1086 1249 populum
1106 1205 1259 1249 ereptae,
1278 1198 1406 1250 publi-

288 1275 492 1313 carumque
511 1263 833 1311 indignationum,
854 1269 949 1300 erat.

341 1326 494 1365 XLIX.
525 1327 751 1363 Concitatur
786 1325 992 1362 multitudo
1028 1327 1166 1376 partim
1203 1326 1406 1363 atrocitate

287 1392 451 1436 sceleris,
471 1392 609 1442 partim
629 1403 694 1442 spe
713 1403 781 1442 per
799 1391 1040 1437 occasionem
1058 1390 1271 1440 repetendae
1291 1389 1406 1426 liber-

286 1457 389 1494 tatis.
445 1456 592 1506 Appius
619 1467 721 1491 nunc
740 1455 868 1490 vocari
887 1453 1052 1497 Icilium,
1071 1466 1173 1490 nunc
1196 1460 1405 1490 retractan-

287 1527 364 1556 tem
393 1520 508 1571 arripi
524 1536 535 1565 3
571 1524 781 1569 postremo,
811 1530 927 1567 quum
962 1517 1068 1553 locus
1099 1517 1261 1554 adeundi
1289 1517 1405 1570 adpa-

287 1584 468 1621 ritoribus
496 1596 575 1621 non
605 1583 770 1627 daretur,
804 1583 898 1633 ipse,
925 1595 1012 1618 cum
1043 1583 1194 1631 agmine
1225 1582 1406 1632 patricio-

286 1660 371 1684 rum
392 1647 579 1698 juvenum
614 1660 683 1697 per
709 1646 862 1683 turbam
889 1647 1044 1690 vadens,
1074 1647 1114 1682 in
1142 1645 1292 1682 vincula
1320 1646 1407 1682 duci

281 1711 406 1762 jubet.
462 1711 550 1747 Jam
571 1711 671 1747 circa
690 1710 841 1746 Icilium
858 1723 939 1746 non
959 1709 1082 1746 solum
1101 1708 1320 1752 multitudo,
1342 1709 1407 1745 sed

288 1776 400 1811 duces
430 1787 580 1824 quoque
608 1773 861 1810 multitudinis
892 1781 999 1810 erant
1024 1773 1070 1810 L.
1091 1773 1263 1809 Valerius
1293 1779 1331 1808 et
1348 1771 1407 1810 M.

287 1838 498 1875 Horatius:
531 1839 609 1888 qui,
633 1837 785 1888 repulso
813 1837 962 1881 lictore,
991 1839 1022 1873 si
1045 1837 1133 1888 jure
1162 1843 1304 1885 ageret,
1323 1837 1407 1872 vin-

289 1903 414 1938 dicare
439 1914 478 1937 se
504 1914 525 1937 a
550 1903 698 1951 privato
718 1901 869 1937 Icilium
898 1902 1075 1947 aiebant,
1107 1901 1138 1937 si
1156 1901 1232 1936 vim
1261 1899 1407 1936 adferre

236 1998 239 1999 γ
290 1975 505 2012 conaretur,
526 1967 578 2004 ibi
605 1981 755 2017 quoque
781 1980 820 2004 se
848 1968 949 2003 haud
977 1969 1126 2017 inpares
1152 1967 1245 2003 fore.
1302 1965 1407 2002 Hinc

290 2038 402 2069 atrox
438 2033 521 2069 rixa
557 2033 688 2069 oritur.
754 2033 947 2069 Valerium
985 2033 1264 2081 Horatiumque
1297 2031 1409 2068 lictor

291 2097 492 2134 decemviri
528 2098 698 2134 invadit:
730 2097 959 2146 franguntur
995 2111 1017 2134 a
1053 2097 1295 2134 multitudine
1331 2096 1421 2133 fas*

278 2174 365 2198 ces.
422 2161 469 2198 In
498 2163 721 2199 concionem
748 2163 895 2213 Appius
930 2162 1136 2198 adscendit.
1194 2161 1411 2210 Sequuntur

291 2227 477 2264 Horatius
511 2228 786 2278 Valeriusque:
819 2240 884 2264 eos
921 2228 1056 2264 concio
1093 2226 1223 2262 audit:
1260 2225 1409 2262 decem·

290 2291 373 2327 viro
409 2291 653 2344 obstrepitur.
709 2293 795 2330 Jam
832 2305 902 2343 pro
935 2291 1094 2343 imperio
1127 2289 1300 2328 Valerius
1333 2287 1408 2325 dis-
