1573 2598
404 149 562 179 LIBER
588 148 659 178 lv.
690 147 798 177 cAP.
819 147 940 177 vul.
1152 144 1231 189 271

124 245 188 278 tot·
216 249 378 277 terrores
412 251 435 275 a
469 237 638 275 finitimis
674 236 860 273 ostentati
891 240 1031 279 essent,
1065 241 1105 272 et
1135 235 1238 273 domi

125 306 247 342 otium
265 303 351 340 fuit.

178 368 291 405 VIII.
321 367 438 404 Hunc
462 377 603 402 anmun
625 367 708 412 (seu
729 364 905 401 tribunos
929 363 1059 407 modo,
1080 375 1146 400 seu
1167 363 1236 399 tri·
1250 355 1349 432 gg
1361 361 1440 433 2ὲέ-

125 433 237 471 bunis
270 431 461 469 subfectus
495 428 668 466 consules
698 441 850 478 quoque
880 428 1033 476 habuit)
1069 428 1241 477 sequitur
1282 421 1290 429 “
1336 422 1347 433 “
1404 419 1441 433 ’“

126 509 247 534 annus
275 495 377 533 haud
405 494 528 531 dubiis
557 493 792 536 consulibus,
821 493 879 530 M.
900 493 1077 542 Geganio
1104 491 1239 529 Mace-

126 562 212 598 rino
241 561 392 602 iterum,
418 558 464 594 T.
484 558 668 597 Quinctio
692 557 913 607 Capitolino
942 558 1118 606 quintum
1146 568 1238 592 con-

127 624 283 661 sulibus.
340 623 446 659 Idem
474 623 536 658 hic
565 635 686 658 annus
712 635 880 658 censurae
902 622 1053 658 initium
1074 620 1162 663 fuit,
1186 620 1241 656 rei

127 701 151 725 a
168 700 284 738 parva
301 687 449 735 origine
470 692 585 722 ortae:
618 699 701 735 quae
721 686 856 723 deinde
875 691 985 722 tanto
1005 687 1241 721 incremento

128 758 242 788 aucta
265 757 336 794 est,
363 756 405 786 ut
429 762 579 786 morum
604 749 889 800 disciplinaeque
910 749 1099 786 Romanae
1126 760 1242 799 penes
1255 756 1413 788 Censura

128 827 213 851 eam
234 814 418 863 regimen,
442 819 610 856 senatus,
634 814 879 863 equitumque
905 813 1102 855 centuriae,
1129 812 1244 848 deco·
1256 800 1398 832 initium.

128 879 179 916 ris
213 878 482 926 dedecorisque
511 866 713 913 discrimen
743 877 812 913 sub
843 877 988 913 ditione
1010 875 1090 926 ejus
1121 875 1243 924 magi-

130 949 284 984 stratus,
299 941 539 992 publicorum
550 940 615 991 jus
634 942 943 992 privatorumque
957 940 1145 983 locorum,
1157 952 1246 976 vec-

130 1005 264 1054 tigalia
292 1004 425 1055 populi
446 1004 617 1041 Romani
643 1005 713 1041 sub
739 1012 837 1041 nutu
862 1012 976 1054 atque
1004 1004 1164 1040 arbitrio
1188 1015 1247 1039 es-

131 1076 228 1105 sent.
285 1067 424 1104 Ortum
456 1075 584 1105 autem
612 1069 763 1105 initium
793 1069 849 1104 rei
875 1074 946 1112 est,
977 1067 1079 1116 quod
1109 1067 1148 1102 in
1177 1079 1248 1116 po-

131 1132 236 1182 pulo,
260 1145 326 1182 per
347 1132 488 1168 multos
512 1145 632 1168 annos
656 1133 828 1176 incenso,
852 1145 976 1181 neque
999 1131 1140 1168 differri
1159 1143 1248 1167 cen-

131 1208 194 1231 sus
213 1201 377 1244 poterat,
398 1208 522 1245 neque
540 1195 775 1238 consulibus,
797 1208 913 1244 quum
931 1201 992 1231 tot
1019 1194 1249 1244 populorum

130 1259 232 1296 bella
263 1260 506 1302 inminerent,
536 1272 662 1309 operae
696 1266 778 1296 erat
814 1260 853 1295 id
888 1260 1087 1308 negotium
1124 1271 1250 1307 agere.

130 1323 283 1360 Mentio
312 1323 433 1359 inlata
461 1323 508 1360 ab
539 1330 674 1360 senatu
702 1330 774 1368 est,
796 1323 888 1360 Rem
915 1336 1097 1372 operosam
1122 1335 1165 1360 ac
1182 1325 1251 1360 mi-

132 1392 228 1426 nime
262 1391 482 1426 consularem
516 1402 579 1427 suo
612 1392 761 1439 proprio
788 1392 1003 1438 magistrata
1032 1403 1160 1439 egere:
1196 1391 1254 1427 cui

131 1455 326 1490 scribarum
353 1457 602 1498 ministerium,
628 1457 864 1503 custoditeque
891 1460 928 1491 et
960 1456 1160 1491 tabularum
1190 1468 1253 1492 cu·-

130 1531 189 1561 τα,
210 1520 268 1554 cui
286 1519 475 1555 arbitrium
492 1519 668 1568 formula!
700 1520 861 1555 censendi
896 1518 1139 1565 subjiceretur.
1199 1519 1254 1565 Et

133 1581 280 1625 Patres,
305 1595 534 1632 quamquam
560 1596 640 1619 rem
665 1596 835 1632 parvam,
860 1589 1004 1627 tamen,
1026 1597 1101 1633 quo
1128 1583 1253 1634 plures

133 1645 285 1694 patricii
313 1646 559 1693 magistratus
589 1647 628 1682 in
657 1646 853 1696 republica
871 1653 1012 1690 essent,
1040 1647 1119 1683 laeti
1147 1660 1254 1683 acce-

135 1720 250 1757 pere:
283 1709 335 1751 id,
372 1709 477 1757 quod
506 1711 646 1753 evenit,
680 1709 851 1746 futurum
884 1711 996 1746 credo
1026 1712 1141 1746 etiam
1165 1711 1253 1755 rati,

137 1778 179 1807 ut
196 1785 286 1807 mox
310 1785 400 1822 opes
422 1785 567 1816 eorum,
589 1775 653 1822 qui
682 1781 902 1823 praeessent,
929 1775 1002 1824 ipsi
1024 1775 1164 1811 honori
1186 1774 1252 1825 jus

134 1834 447 1885 majestatemque
484 1837 705 1886 adjicerent.
768 1838 822 1874 Et
856 1838 1017 1882 tribuni,
1060 1839 1117 1886 (id
1153 1839 1254 1887 quod

134 1905 226 1935 tunc
259 1901 356 1945 erat)
389 1901 510 1949 magis
542 1902 809 1946 necessariam,
846 1915 959 1951 quam
993 1903 1155 1952 speciosi
1181 1903 1255 1938 mi-

136 1963 281 1998 nisterii
309 1965 618 2013 procurationem
647 1967 855 2009 intuentes,
875 1979 923 2002 ne
952 1967 991 2002 in
1014 1967 1138 2016 parvis
1160 1980 1254 2015 quo-

136 2039 208 2073 que
230 2026 342 2061 rebus
366 2027 608 2064 incommode
631 2029 935 2073 adversarentur,
956 2030 1059 2066 haud
1083 2043 1174 2065 sane
1196 2036 1254 2066 te-

137 2089 303 2126 tendere.
359 2091 487 2130 Quum
512 2105 534 2128 a
559 2093 788 2142 primoribus
815 2094 979 2130 civitatis
1008 2100 1155 2143 spretus
1184 2094 1256 2129 ho-

139 2165 210 2188 nor
246 2162 358 2197 esset,
393 2155 588 2205 Papirium
625 2157 983 2206 Semproniumque,
1022 2170 1183 2206 quorum
1212 2157 1257 2193 de

140 2216 340 2253 consulatu
381 2219 642 2262 dubitabatur,
679 2226 721 2255 ut
763 2232 809 2256 eo
852 2221 1083 2268 magistratu
1125 2233 1257 2270 parum

137 2279 300 2316 solidum
329 2282 567 2320 consulatum
597 2283 809 2332 explerent,
841 2285 974 2320 censui
1005 2284 1157 2332 agendo
1187 2296 1256 2334 po⁶

652 2347 692 2382 N
712 2348 734 2383 4
