1573 2598
129 267 170 298 A.
184 266 222 298 C.
239 272 313 298 322.

308 114 413 174 '574
773 128 818 158 τ.
844 128 982 159 mvn

132 219 224 254 ΠΟ.
240 229 315 255 430.
325 218 448 256 Marsi
475 216 701 267 Pelignique
728 223 768 254 et
793 216 1032 255 Marrucini:
1065 228 1174 268 quos,
1201 216 1234 254 si
1255 216 1435 256 Vestinus

326 283 600 332 adtingeretur,
621 294 753 319 omnes
772 281 970 319 habendos
989 282 1132 319 hostes.
1187 281 1292 319 Vicit
1309 287 1437 319 tamen

326 359 430 399 pars,
451 360 534 397 quae
554 348 593 384 in
613 347 815 398 praesentia
835 347 953 384 videri
971 347 1099 398 potuit
1125 345 1279 398 majoris
1305 345 1436 388 animi,

324 423 439 461 quam
458 410 631 448 consilii:
663 411 730 448 sed
757 416 913 448 eventus
941 410 1085 454 docuit,
1104 410 1223 447 fortes
1242 410 1437 447 fortunam

318 474 466 525 juvare.
522 475 673 512 Bellum
693 488 740 512 ex
759 475 988 512 auctoritate
1013 475 1171 512 Patrum
1189 472 1350 526 populus
1369 472 1436 510 ad-

131 534 274 586 Vestinis·
316 549 453 576 >versus
473 539 654 575 Vestinos
678 537 808 589 jussit.
862 538 1070 576 Provincia
1095 550 1140 575 ea
1163 538 1302 582 Bruto,
1329 537 1437 574 Sam-

129 578 432 654 35333m'nium
451 602 613 639 Camillo
633 608 736 639 sorte
755 602 893 640 evenit.
939 602 1140 639 Exercitus
1165 607 1328 651 utroque
1344 600 1438 638 duc-

325 667 370 710 ti,
397 673 436 702 et
461 678 552 703 cura
578 667 806 703 tuendorum
831 666 963 703 finium
986 666 1116 702 hostes
1142 665 1327 718 prohibiti
1345 677 1439 702 con·

317 729 483 780 jungere
512 743 628 767 arma.
686 731 867 767 Ceterum
889 730 1050 767 alterum
1075 728 1271 766 consulem
1294 727 1342 766 L.
1360 727 1437 765 Fu-

323 795 436 837 rium,
466 795 527 830 eui
556 792 679 844 major
707 793 826 831 moles
852 806 978 830 rerum
998 793 1167 843 inposita
1185 798 1280 836 erat,
1300 791 1436 829 morbo

324 858 431 906 gravi
450 857 664 907 inplicitum
687 857 844 893 fortuna
864 855 969 892 bello
995 856 1206 892 subtraxit:
1231 855 1437 906 jussusque

324 920 548 956 dictatorem
570 921 695 956 dicere
723 920 777 956 rei
806 920 981 969 gerendae
1007 932 1152 963 caussa,
1172 919 1288 968 longe
1307 918 1435 956 claris-

127 990 313 1030 LPapirius
325 984 462 1021 simum
487 983 588 1020 bello
616 997 661 1020 ea
682 989 910 1034 tempestate
939 984 1036 1020 dixit
1062 983 1108 1020 L.
1125 983 1319 1034 Papirium
1341 983 1437 1020 Cur-

123 1035 266 1066 dictator.
325 1061 473 1094 soren13
506 1061 528 1084 a
556 1061 632 1097 quo
661 1048 710 1087 Q.
737 1046 876 1084 Fabius
905 1047 1098 1084 Maximus
1126 1047 1328 1084 Rullianus
1357 1060 1437 1084 ma-

325 1113 443 1162 gister
473 1113 642 1161 equitum
671 1118 729 1148 est
757 1112 905 1149 dictus:
938 1125 1006 1163 par
1030 1111 1159 1149 nobile
1186 1111 1297 1149 rebus
1323 1112 1362 1148 in
1391 1124 1437 1148 eo

324 1177 551 1225 magistratu
582 1176 712 1224 gestis,
743 1176 932 1212 discordia
964 1182 1105 1219 tamen,
1139 1189 1214 1225 qua
1241 1188 1359 1226 prope
1389 1174 1437 1212 ad

324 1240 500 1277 ultimum
519 1240 776 1277 dimicationis
796 1246 952 1277 ventum
971 1246 1041 1283 est,
1063 1239 1241 1277 nobilius.
1297 1239 1358 1276 Ab
1382 1239 1436 1276 al-

295 1334 297 1337 .
322 1312 406 1342 tero
436 1305 593 1342 consule
621 1305 661 1341 in
690 1305 858 1341 Vestinis
888 1304 1088 1355 multiplex
1107 1303 1264 1348 bellum,
1283 1316 1354 1341 nec
1376 1316 1436 1341 us-

323 1382 437 1419 quam
456 1370 561 1406 vario
581 1376 733 1414 eventu,
755 1376 903 1420 gestum
922 1377 979 1407 est
997 1384 1005 1405 ε
1038 1383 1126 1406 nam
1146 1375 1184 1407 et
1208 1370 1437 1421 pervastavit

322 1445 452 1483 agros,
484 1440 536 1477 et,
567 1434 785 1484 populando
816 1441 928 1483 atque
963 1435 1105 1471 urendo
1134 1441 1237 1471 tecta
1268 1434 1435 1470 hostium

322 1503 497 1547 sataque,
524 1498 564 1533 in
597 1499 717 1534 aciem
748 1499 886 1534 invitos
921 1499 1109 1535 extraxit:
1151 1505 1190 1534 et
1218 1499 1272 1534 ita
1299 1497 1436 1548 proelio

323 1573 401 1598 uno
431 1561 574 1598 adcidit
603 1561 852 1598 Vestinorum
881 1575 953 1605 rcS‚
987 1562 1279 1612 haudquaquam
1307 1568 1435 1598 tamen

323 1627 525 1662 incruento
545 1625 667 1663 milite
686 1639 770 1670 suo,
802 1633 843 1663 ut
871 1639 948 1663 non
977 1628 1016 1663 in
1045 1633 1169 1663 castra
1193 1626 1316 1663 solum
1335 1626 1436 1663 refu·

324 1694 457 1738 gerent
484 1689 629 1733 hostes,
657 1691 736 1734 sed,
761 1689 845 1740 jam
875 1703 922 1726 ne
952 1690 1050 1727 vallo
1078 1690 1229 1739 quidem
1256 1703 1299 1727 ac
1324 1690 1434 1727 fossis

323 1752 426 1796 freti,
447 1752 705 1790 dilaberentur
725 1755 762 1790 in
783 1755 936 1805 oppida,
965 1756 1038 1791 situ
1059 1754 1208 1791 urbium
1227 1755 1436 1792 moenibus-

322 1829 396 1866 que
424 1829 464 1854 se
493 1817 697 1856 defensuri.
753 1818 954 1856 Postremo
980 1818 1120 1870 oppida
1145 1832 1294 1868 quoque
1313 1820 1351 1856 vi
1370 1832 1436 1857 ex-

321 1892 493 1930 pugnare
530 1881 701 1925 adortus,
739 1883 863 1932 primo
900 1882 1081 1918 Cutinam
1119 1883 1266 1931 ingenti
1303 1883 1435 1920 ardore

321 1943 486 1980 militum
506 1950 572 1980 aut
589 1944 788 1982 vulnerum
808 1947 877 1989 ira,
899 1946 1001 1995 quod
1019 1946 1121 1982 haud
1139 1945 1217 1982 fere
1237 1947 1434 1995 quisquam

321 2009 470 2057 integer
486 2008 624 2059 proelio
644 2018 871 2054 excesserat,
899 2011 1008 2047 scalis
1028 2012 1128 2060 cepit
1147 2025 1154 2046 :
1187 2010 1322 2047 deinde
1342 2011 1435 2047 Cin·

323 2071 472 2121 giliam:
505 2072 702 2121 utriusque
721 2073 823 2110 urbis
843 2074 1009 2123 praedam
1028 2073 1226 2117 militibus,
1248 2075 1349 2123 quod
1369 2087 1433 2112 eos

321 2148 445 2185 neque
472 2142 608 2187 portae,
638 2149 761 2186 neque
783 2139 880 2174 muri
907 2138 1075 2175 hostium
1101 2145 1313 2184 arcuerunt,
1340 2151 1431 2176 con-

320 2200 447 2236 cessit.

375 2263 512 2303 XXX.
542 2263 590 2302 In
619 2263 817 2303 Samnium
846 2265 999 2304 incertis
1029 2266 1125 2305 itum
1150 2267 1325 2319 auspiciis
1349 2274 1428 2303 este
