1573 2598
80 266 123 297 U.
141 267 178 298 C.
195 273 255 298 288

79 311 119 341 A.
136 310 265 344 C..469.

83 1051 221 1083 Tribuni

82 1095 208 1126 tributis

84 1138 223 1168 comitiis

81 1181 190 1212 arenti.

299 176 380 217 160
748 191 793 219 T.
818 191 950 220 mvn

297 275 376 326 ejus
396 289 512 327 opera
535 277 710 325 mitigata
728 278 914 314 discordia
939 284 1048 314 esset.
1104 276 1166 315 Ab
1184 278 1312 329 Appio
1339 290 1406 329 pe-

295 344 402 385 titur,
443 344 491 380 Ut
520 348 659 379 tantam
694 344 906 379 consularem
939 342 1159 389 majestatem
1190 356 1260 380 esse
1289 345 1407 386 vellet,

297 411 431 454 quanta
452 418 521 441 esse
544 408 581 441 in
609 407 770 441 concordi
798 407 940 442 civitate
964 410 1089 453 posset.
1146 405 1249 440 Dum
1279 404 1409 441 tribuni

297 468 518 515 consulesque
535 469 583 503 ad
599 479 634 503 se
652 470 794 515 quisque
812 470 928 504 omnia
956 468 1115 510 trahunt,
1134 467 1224 504 nihil
1247 467 1409 503 relictum

296 542 367 565 esse
396 532 524 566 virium
556 532 591 566 in
620 532 733 566 medio
749 546 761 567 .·
789 533 997 567 distractum
1029 532 1290 577 laceratamque
1316 540 1408 564 rem·

292 597 473 644 publicam
499 599 624 644 nugis,
645 609 793 645 quornm
820 599 857 633 in
881 609 987 633 manu
1008 598 1067 639 sit,
1088 608 1195 645 quam
1216 599 1257 631 ut
1274 595 1410 630 incolu-

296 661 364 696 mis
391 662 451 703 sit,
486 662 606 708 quaeri.
662 661 806 709 Appius
844 666 990 703 contra,
1026 661 1147 696 testari
1175 659 1275 695 Deos
1306 662 1413 705 atque

298 726 465 769 homines,
485 727 736 775 rempublicam
759 727 865 774 procli
886 738 952 773 per
968 730 1101 761 metum
1119 736 1162 760 ac
1179 724 1290 760 deseri
1302 739 1314 758 .·
1341 733 1411 758 non

298 794 471 829 consulem
498 794 649 835 senatui,
677 793 739 828 secl
762 796 922 828 senatum
945 792 1078 827 consuli
1102 791 1241 826 deesse:
1267 791 1410 836 gravio-

295 869 351 893 res
378 859 493 905 accipi
521 859 623 905 leges,
654 869 760 905 quam
792 858 829 891 in
859 856 970 892 Sacro
998 860 1115 892 monte
1146 861 1299 904 acceptae
1327 857 1410 893 sint.

297 919 430 955 Victus
460 925 588 955 tamen
610 919 766 955 Patrum
794 930 981 954 consensu
1007 918 1149 967 quievit
1170 930 1178 952 ε
1209 917 1271 954 lex
1295 917 1410 954 silen-

296 984 355 1019 tio
374 982 571 1032 perfertur.

351 1049 501 1087 LVIII.
529 1048 628 1084 Tum
656 1048 819 1098 primum
843 1046 996 1083 tributis
1017 1046 1179 1082 comitiis
1203 1045 1318 1082 creati
1342 1046 1410 1082 tri-

298 1113 392 1150 buni
421 1118 533 1148 sunt:
566 1124 724 1147 numero
753 1111 867 1146 etiam
896 1109 1039 1152 addito,
1067 1116 1155 1152 tres,
1185 1108 1340 1159 perinde
1369 1120 1412 1144 ac

301 1176 376 1212 duo
405 1181 517 1212 antea
544 1174 698 1217 fuerint,
718 1173 809 1210 Piso
828 1179 961 1209 auctor
978 1178 1047 1208 est.
1102 1171 1289 1207 Nominat
1318 1182 1413 1218 quo-

301 1253 374 1289 que
416 1239 604 1281 tribunos,
643 1239 686 1275 C.
725 1239 921 1280 Sicinium,
960 1237 1006 1273 L.
1042 1236 1317 1279 Numitorium,
1354 1235 1413 1273 Μ.

300 1302 488 1345 Duilium,
516 1303 579 1351 Sp.
600 1301 762 1343 Icilium,
790 1300 836 1336 L.
856 1299 1074 1336 Maecilium.
1132 1298 1312 1335 Volscum
1339 1298 1412 1335 AE-
1436 1330 1442 1336 .

300 1366 526 1415 quicumque
558 1366 656 1401 inter
685 1364 908 1400 seditionem
937 1363 1152 1399 Romanam
1186 1367 1242 1397 est
1271 1359 1412 1397 bellum

300 1435 497 1464 coortum:
528 1433 767 1463 vastaverant
786 1438 911 1474 agros,
932 1433 987 1468 ut,
1009 1425 1040 1460 si
1060 1437 1134 1473 qua
1153 1423 1313 1459 secessio
1333 1423 1414 1474 ple-

299 1491 358 1527 bis
379 1491 497 1533 fieret,
518 1490 564 1526 ad
583 1502 622 1526 se
645 1495 836 1539 receptum
864 1488 1032 1524 haberet.
1090 1485 1321 1534 Compositis
1348 1485 1413 1521 de·

301 1558 388 1594 inde
416 1557 541 1601 rebus,
572 1564 694 1593 castra
722 1562 824 1591 retro
852 1566 1015 1591 movere.
1070 1553 1143 1602 Ap.
1165 1550 1343 1587 Claudius
1374 1550 1413 1586 in

301 1623 461 1659 Volscos
492 1623 637 1658 missus.
694 1622 876 1660 Quinctio
905 1620 1024 1668 AEqui
1052 1618 1247 1668 provincia
1275 1617 1413 1653 evcnit.

301 1684 445 1722 Eadtm
471 1686 508 1720 in
539 1685 675 1721 militia
699 1685 841 1720 saevitia
859 1684 989 1733 Appii,
1011 1695 1092 1731 quae
1120 1681 1236 1723 domi,
1258 1691 1338 1716 esse
1367 1679 1414 1715 li-

302 1751 442 1794 berior,
472 1750 573 1799 quod
601 1751 681 1785 sine
709 1749 921 1785 tribuniciis
944 1748 1102 1784 vinculis
1131 1754 1223 1782 erat.
1279 1745 1416 1783 Odisse

301 1814 451 1863 plebem
478 1813 561 1862 plus
587 1825 699 1861 quam
729 1819 887 1862 paterno
909 1812 1022 1847 odio:
1054 1823 1093 1846 se
1112 1810 1253 1846 victum
1272 1808 1319 1845 ab
1339 1821 1383 1844 ea
1402 1823 1410 1845 :

301 1888 339 1911 se
369 1876 482 1911 unico
512 1875 665 1911 consule
694 1875 847 1924 objecto
877 1875 1049 1911 adversus
1075 1873 1316 1909 tribuniciam
1343 1882 1414 1920 po·
1450 1869 1454 1871 ⁴

298 1948 490 1981 testatem,
524 1939 706 1989 perlatam
744 1940 864 1988 legem
893 1952 973 1975 esse
989 1956 1000 1985 ;
1033 1951 1144 1988 quam
1173 1939 1318 1974 minore
1346 1950 1413 1974 co-

298 2010 406 2047 natu,
436 2015 672 2052 nequaquam
702 2010 808 2038 tanta
836 2003 993 2038 Patrum
1021 2013 1100 2051 spe,
1133 2002 1275 2051 priores
1306 2001 1412 2051 inpe-

297 2069 438 2105 dierint
465 2067 649 2104 consules.
706 2067 802 2103 Haec
838 2068 894 2103 ira
926 2067 1212 2116 indignatioque
1248 2066 1413 2104 ferocem

300 2132 468 2167 animum
497 2131 543 2166 ad
562 2129 773 2165 vexandum
802 2142 902 2165 saevo
930 2130 1089 2180 imperio
1115 2131 1322 2166 exercitum
1345 2131 1414 2166 sti-

298 2198 495 2236 mulabat:
528 2209 597 2233 nec
623 2195 698 2231 ulla
718 2197 751 2230 vi
779 2195 923 2231 domari
952 2201 1127 2245 poterat:
1160 2202 1309 2231 tantum
1332 2207 1414 2232 cer-

83 2259 186 2300 Appio
203 2267 266 2290 ⁰0³·
298 2272 428 2302 tamen
461 2263 594 2299 animis
623 2261 851 2297 inhiberant.
910 2261 1095 2311 Segniter,
1126 2263 1262 2305 otiose,
1293 2262 1414 2312 negli-

84 2303 228 2332 infensus

81 2352 252 2376 exercitus.

301 2317 448 2376 genter,
470 2324 744 2363 contumaciter
762 2325 890 2362 omnia
914 2336 1051 2374 agere:
1083 2336 1153 2362 nec
1181 2325 1316 2376 pudor,
1341 2331 1412 2361 nec
