1573 2598
390 199 544 228 LIBER
569 198 663 227 vn.
696 198 803 227 CAP.
829 199 911 227 111.
1122 196 1208 243 475

100 286 199 325 forte
228 287 335 324 ludos
359 288 478 325 circus
501 287 631 325 Tiberi
660 287 857 339 superfuso
886 287 1070 336 inrigatus
1101 288 1209 338 inpe-

100 352 230 394 disset,
252 352 289 387 id
307 363 411 394 vero,
431 352 534 387 velut
559 353 698 388 aversis
720 351 804 402 jam
830 351 914 387 Diis
945 351 1211 401 adspernanti-

98 413 244 462 busque
285 414 496 464 placamina
530 415 608 457 irae,
652 421 837 451 terrorem
873 416 1068 463 ingentem
1103 413 1207 450 fecit.

98 475 233 526 Itaque
264 477 334 513 Cn.
355 478 542 521 Genucio,
564 478 609 514 L.
629 478 790 514 AEmilio
815 477 1053 514 Mamercino
1073 489 1206 513 secun·
1220 481 1262 511 U.
1275 481 1312 512 C.
1328 487 1403 515 33¹2,

99 540 188 576 dum
207 540 439 583 consulibus,
460 554 575 590 quum
601 541 837 591 piaculorum
866 543 985 590 magis
1016 542 1208 591 conquisi-
1220 526 1260 555 A·
1275 525 1313 556 Ο·
1329 530 1406 557 ³⁶⁰⁸

99 605 154 640 tio
174 604 335 647 animos,
356 616 469 653 quam
499 617 659 655 corpora
683 606 822 648 morbi,
853 605 1069 648 adficerent,
1100 617 1208 655 repe-

98 668 212 703 titum
247 679 294 703 ex
326 667 516 703 seniorum
551 670 735 705 memoria
767 669 918 712 dicitur,
952 668 1209 718 pestilentiam

98 731 290 781 quondam
309 730 416 768 clavo
436 731 484 769 ab
504 732 690 768 dictatore
713 733 789 769 fixo
817 733 998 768 sedatam.
1043 732 1103 768 Ea
1122 731 1210 768 reli-

97 795 212 844 gione
245 795 427 832 adductus
472 802 625 833 senatus
667 797 894 832 dictatorem
935 796 1031 832 clavi
1067 796 1207 844 figendi
1219 791 1367 865 ἓιῐέῑὲξὲἑὸ

97 874 229 899 caussa
243 862 317 898 dici
330 861 465 912 jussit:
499 863 620 899 dictus
640 862 686 899 L.
703 861 872 898 Manlius
894 859 1139 910 Imperiosus,
1158 859 1205 896 L.
1219 878 1352 908 davum

95 925 293 962 Pinarium
323 927 546 975 magistrum
578 928 749 976 equitum
781 926 889 962 dixit.
945 924 1029 961 Lex
1057 929 1207 960 vetusta
1219 920 1343 961 pangit,

96 996 167 1033 est,
196 990 328 1040 priscis
357 989 475 1026 literis
504 990 703 1040 verbisque
723 990 876 1039 scripta,
900 994 956 1031 ut,
977 988 1042 1037 qui
1067 993 1209 1038 praetor

94 1054 281 1090 maximus
311 1053 374 1097 sit,
404 1053 535 1091 Idibus
566 1054 851 1105 Septembribus
879 1053 1025 1089 clavum
1051 1057 1208 1101 pangat.

94 1115 190 1154 Fixa
205 1116 281 1153 fuit
299 1117 433 1154 dextro
453 1116 563 1154 lateri
584 1118 671 1154 aedis
692 1117 715 1153 J
719 1117 799 1153 ovis
816 1116 952 1167 optimi
970 1115 1140 1159 maximi,
1161 1127 1210 1152 ex

95 1193 171 1230 qua
205 1186 313 1231 parte
348 1180 534 1217 Minervae
567 1180 750 1231 templum
786 1186 854 1217 est.
910 1179 1013 1216 Eum
1045 1178 1206 1222 clavum,
1221 1184 1338 1215 Clams
1351 1194 1412 1234 an-

93 1244 184 1295 quia
210 1257 305 1281 rarae
332 1257 400 1295 per
429 1257 473 1281 ea
498 1250 674 1295 tempora
691 1243 812 1280 literae
843 1250 965 1287 erant,
985 1249 1118 1280 notam
1136 1255 1208 1279 nu·
1219 1238 1340 1303 ἔξω
1355 1238 1408 1259 ¹¹²⁸

92 1308 188 1344 meri
215 1320 404 1344 annorum
430 1307 548 1344 fuisse
575 1307 728 1345 ferunt:
762 1320 882 1357 eoque
906 1306 1092 1344 Minervae
1110 1313 1210 1344 tem-

92 1370 158 1423 plo
187 1371 352 1408 dicatam
378 1371 516 1420 legem,
537 1372 627 1422 quia
651 1384 830 1408 numerus
859 1372 1047 1408 Minervae
1075 1372 1210 1408 inven-

93 1440 176 1471 tum
207 1435 269 1472 sit.
315 1433 498 1471 Volsiniis
529 1447 680 1485 quoque
713 1435 855 1479 clavos,
887 1435 1028 1471 indices
1061 1435 1210 1472 numeri

95 1511 282 1536 annorum
313 1498 408 1536 fixos
440 1499 480 1535 in
513 1499 657 1550 templo
690 1500 857 1544 Nortiae,
890 1500 1064 1537 Etruscae
1097 1499 1209 1543 Deae,
1236 1548 1239 1550 ,

94 1574 325 1614 comparere,
356 1562 515 1613 diligens
545 1563 680 1600 talium
709 1572 1046 1601 monumentorum
1075 1569 1212 1600 auctor

93 1628 247 1664 Cincius
268 1626 452 1664 adfirmat.
498 1627 556 1664 M.
577 1627 769 1664 Horatius>
785 1627 919 1665 consul
942 1640 988 1664 ex
1007 1627 1091 1676 lege
1109 1634 1208 1664 tem·

92 1689 198 1742 plum
225 1690 333 1727 Jovis
359 1690 493 1740 optimi
513 1691 670 1727 maximi
691 1691 879 1728 dedicavit
908 1703 1009 1727 anno
1035 1696 1123 1740 post
1147 1703 1208 1726 re-

95 1767 160 1803 ges
180 1760 353 1791 exactos:
382 1767 405 1790 a
423 1754 641 1791 consulibus
661 1760 796 1805 postea
811 1755 859 1791 ad
878 1755 1097 1797 dictatores,
1118 1755 1211 1804 quia

94 1816 216 1868 majus
237 1818 437 1869 imperium
457 1823 552 1862 erat,
571 1818 753 1855 sollemne
773 1818 869 1855 clavi
887 1818 1029 1867 figendi
1043 1818 1213 1855 transla·.

93 1887 176 1918 tum
205 1888 274 1919 est.
331 1881 554 1918 Intermisso
575 1882 709 1918 deiude
728 1895 847 1925 more,
869 1881 985 1930 digna
1006 1883 1121 1918 etiam
1140 1894 1211 1932 per

93 1958 134 1982 se
152 1945 233 1981 visa
250 1958 323 1989 reS,
343 1953 500 1997 propter
515 1959 629 1995 quam
648 1947 811 1982 dictator
830 1952 1039 1982 crearetur:
1067 1958 1141 1995 qua
1160 1946 1210 1982 de

93 2022 227 2046 caussa
260 2016 406 2046 creatus
440 2010 487 2047 L.
514 2010 698 2054 Manlius,
728 2011 884 2060 perinde
913 2023 957 2046 ac
987 2009 1204 2060 reipublicae
1219 2017 1364 2048 Manlius

93 2074 280 2123 gerendae,
311 2087 354 2111 ac
382 2087 462 2110 non
488 2074 676 2111 solvendae
696 2074 894 2124 religione,
915 2075 1038 2123 gratia
1058 2079 1203 2110 creatus
1217 2060 1403 2133 {³13}ssssss-

93 2146 205 2183 esset,
235 2139 378 2176 bellum
408 2140 620 2177 Hernicum
649 2141 858 2184 adfectans,
890 2140 1038 2177 delectu
1067 2139 1204 2176 acerbo
1217 2153 1311 2176 natur
1327 2147 1396 2176 ftu-

88 2199 331 2252 juven'tutem
363 2204 546 2252 agitavit5
587 2206 816 2254 tandemque
845 2204 1020 2241 omnibus
1051 2203 1090 2239 in
1119 2197 1290 2239 eumStffi·

94 2265 257 2302 tribunis
284 2265 405 2316 plebis
435 2268 595 2311 coortis,
622 2281 689 2306 seu
717 2269 768 2312 vi,
797 2281 863 2306 seu
885 2267 1110 2305 verecundia
1128 2267 1206 2304 vic-

95 2335 170 2373 tus,
192 2329 379 2369 dictatrua
397 2330 502 2369 abiit.
