1573 2598
313 147 400 192 392
782 147 829 178 τ.
852 144 986 178 mvn

122 242 212 274 uc.
229 250 304 277 365.
317 239 409 276 sessi
443 244 544 281 sunt,
579 237 680 287 quod
711 237 906 274 interclusi
935 250 958 272 a
984 235 1108 288 patria
1138 235 1421 281 obsidebantur,

123 286 160 316 Α.
175 286 210 318 C.
228 294 303 325 387.

315 303 445 340 omnia
477 314 544 338 sua
574 307 768 338 cernentes
804 303 846 338 in
879 301 1049 338 hostium
1084 306 1284 352 potestate.
1338 301 1424 338 Nec

311 366 553 416 tranquillior
575 379 655 403 nox
676 366 774 403 diem
793 373 872 404 tam
888 366 990 403 foede
1009 372 1136 403 actum
1155 365 1303 416 excepit
1320 379 1330 401 z
1359 363 1425 401 lux

312 431 447 467 deinde
475 437 630 467 noctem
658 431 866 480 inquietam
895 431 1067 467 insecuta
1093 436 1176 467 est:
1207 442 1277 467 nec
1306 428 1424 466 ullum

311 501 393 531 erat
420 501 584 545 tempus,
615 495 716 544 quod
748 508 772 531 a
801 507 910 531 novae
942 507 1089 546 semper
1118 494 1232 532 cladis
1265 491 1424 544 alicujus

312 558 530 608 spectaculo
558 564 734 596 cessaret.
788 558 899 594 Nihil
930 565 1072 603 tamen,
1102 565 1162 595 tot
1190 557 1337 594 onerati
1365 563 1424 593 at-

311 634 385 670 que
403 622 533 658 obruti
550 622 673 666 malis,
693 622 880 659 flexerunt
899 623 1059 666 animos,
1080 622 1186 672 quin,
1206 622 1277 658 etsi
1296 620 1426 666 omnia

309 686 470 723 flammis
491 700 535 723 ac
553 687 671 723 ruinis
692 693 840 736 aequata
858 687 1054 730 vidissent,
1074 686 1243 736 quamvis
1270 686 1424 735 inopem

310 763 558 801 parvumque,
579 764 690 800 quem
718 751 916 794 tenebant,
942 750 1093 794 collem,
1117 748 1286 786 libertati
1314 747 1424 784 relic-

309 822 405 858 tum,
418 816 558 852 virtute
576 815 822 853 defenderent
838 832 848 861 ;
881 814 1023 866 etjam,
1044 827 1160 864 quum
1179 814 1310 851 eadem
1328 825 1426 862 quo-

308 878 400 915 tidie
425 879 654 922 acciderent,
673 878 778 915 velut
802 878 949 914 adsueti
973 877 1096 920 malis,
1117 877 1425 917 abalienaverant

309 942 357 978 ab
377 955 490 979 sensu
515 955 639 979 rerum
665 955 817 979 suarum
836 943 982 979 animos
1000 958 1011 987 3
1044 954 1149 978 arma
1173 946 1322 977 tantum
1347 939 1424 976 fer-

309 1019 466 1056 rumque
494 1007 534 1043 in
563 1007 718 1051 dextris,
748 1005 852 1043 velut
880 1005 978 1043 solas
1011 1005 1188 1056 reliquias
1221 1004 1300 1056 spei
1330 1016 1424 1047 suae,

309 1070 514 1109 intuentes.
1218 1097 1229 1105 ,.

362 1133 517 1172 XLIII.
547 1134 649 1172 Galli
684 1148 849 1186 quoque,
877 1148 946 1186 per
974 1134 1119 1185 aliquot
1147 1134 1224 1171 dies
1253 1134 1294 1170 in
1321 1137 1425 1169 tecta

307 1199 423 1235 modo
441 1198 543 1236 urbis
562 1200 816 1249 nequidquam
833 1199 936 1236 bello
956 1206 1078 1249 gesto,
1099 1211 1216 1248 quum
1235 1198 1335 1234 inter
1360 1197 1421 1233 in-

305 1263 441 1299 cendia
458 1276 502 1300 ac
519 1264 647 1300 ruinas
669 1270 788 1314 captae
809 1263 911 1301 urbis
934 1264 1031 1300 nihil
1055 1276 1263 1315 superesse,
1284 1267 1423 1313 praeter

303 1333 470 1364 armatos
498 1328 643 1372 hostes,
666 1328 852 1372 viderent,
881 1329 1136 1378 nequidquam
1164 1334 1224 1365 tot
1253 1325 1422 1363 cladibus

301 1391 470 1435 territos,
490 1404 561 1428 nec
589 1391 753 1428 flexuros
783 1392 831 1429 ad
859 1392 1092 1429 deditionem
1121 1392 1283 1434 animoe,
1305 1389 1346 1426 ni
1364 1389 1421 1425 vis

302 1454 573 1501 adhibe1·etur;
606 1456 768 1506 experiri
797 1455 944 1500 ultima,
965 1461 1004 1492 et
1030 1457 1203 1506 inpetum
1227 1454 1354 1491 facere
1379 1452 1420 1487 in

302 1530 426 1555 arcem
452 1525 638 1556 statuunt.
694 1519 823 1556 Prima
848 1519 946 1564 luce,
967 1520 1077 1569 sig-no
1097 1520 1187 1556 dato
1213 1516 1420 1556 multitudo

85 1592 171 1623 Galli
184 1602 290 1624 arcem
302 1584 425 1619 omnis
444 1584 484 1619 in
508 1583 595 1620 foro
621 1583 846 1620 instruitur:
878 1583 978 1626 inde,
1005 1583 1170 1620 clamore
1196 1581 1348 1619 sublato
1373 1592 1418 1617 ac

84 1636 199 1666 frustra
213 1637 270 1667 ob·
301 1647 492 1684 testudine
527 1647 643 1692 facta,
683 1648 872 1684 subeunt:
913 1647 1090 1684 adversus
1122 1659 1216 1696 quos
1247 1645 1418 1682 Romani

82 1686 239 1719 pugnant.

300 1711 397 1747 nihil
424 1717 566 1748 temere
594 1724 665 1748 nec
692 1712 853 1762 trepide,
873 1712 921 1748 ad
940 1724 1071 1749 omnes
1091 1712 1214 1748 aditus
1241 1709 1418 1746 stationi-

298 1774 371 1812 bus
396 1775 569 1820 firmatis,
590 1790 666 1827 qua
685 1777 794 1826 signa
811 1776 902 1813 ferri
920 1776 1114 1820 videbant,
1136 1788 1181 1812 ea
1205 1774 1343 1812 robore
1361 1773 1417 1809 vi-

298 1850 427 1875 rorum
447 1839 627 1889 obposito
655 1840 834 1877 scandere
862 1840 1013 1876 hostem
1038 1840 1194 1876 sinunt:
1226 1850 1301 1888 quo
1331 1848 1416 1873 suc-

298 1903 453 1939 cesserit
480 1904 601 1952 magis
631 1905 671 1940 in
700 1904 871 1947 arduum,
902 1917 947 1940 eo
975 1903 1065 1954 pelli
1094 1915 1206 1954 posse
1234 1914 1301 1953 per
1328 1912 1418 1952 pro-

298 1965 393 2002 clive
420 1966 569 2003 facilius
598 1968 684 2004 rati.
740 1968 873 2004 Medio
898 1967 978 2004 fere
1004 1967 1101 2004 clivo
1127 1967 1324 2003 restitere:
1357 1971 1413 2001 at-

297 2041 371 2078 que
390 2029 478 2066 inde
496 2043 543 2067 ex
561 2030 647 2066 loco
668 2031 875 2081 superiore,
897 2031 960 2079 qui
989 2043 1107 2081 prope
1128 2042 1195 2066 sua
1220 2037 1356 2079 sponte
1376 2027 1413 2063 in

296 2093 449 2130 hostem
476 2093 678 2137 inferebat,
700 2095 830 2144 inpetu
859 2094 978 2137 facto,
999 2100 1124 2143 strage
1147 2105 1190 2129 ac
1216 2092 1326 2128 ruina
1354 2091 1413 2127 fu-

298 2155 386 2196 dere
405 2155 558 2193 Gallos:
590 2163 632 2193 ut
651 2170 856 2207 numquam
876 2164 1010 2208 postea
1029 2169 1098 2194 nec
1117 2169 1218 2207 pars,
1239 2167 1309 2191 nec
1330 2154 1413 2190 uni-

297 2219 395 2255 versi
415 2222 644 2258 tentaverint
665 2221 740 2258 tale
763 2234 900 2272 pugnae
920 2234 1051 2270 genus.
1108 2221 1261 2256 Omissa
1285 2220 1413 2267 itaque

299 2295 364 2335 spe
393 2296 459 2335 per
478 2285 555 2322 vim
583 2291 697 2336 atque
725 2298 830 2323 arma
858 2286 1056 2329 subeundi,
1078 2285 1315 2323 obsidionem
1343 2294 1410 2333 pa-
