1573 2598
339 183 421 229 150
800 188 848 218 τ.
872 188 1005 219 mvn

335 287 409 324 que
436 281 476 311 et
503 272 576 311 alia
596 273 751 325 templa,
780 275 961 325 quidquid
986 275 1157 312 Deorum
1180 276 1315 322 oculis,
1338 277 1446 329 quid·-

335 339 426 387 quid
462 340 589 376 animo
626 339 808 383 obcurrit,
850 346 1066 390 precantur,
1104 346 1147 376 ut
1181 340 1273 378 illud
1309 355 1446 392 agmen

335 403 502 440 faustum
534 410 647 453 atque
677 403 767 440 felix
798 404 965 448 mittant,
989 405 1148 454 sospites
1177 404 1282 442 brevi
1311 407 1350 442 in
1379 419 1446 457 pa-

335 467 448 503 triam
468 466 514 503 ad
539 473 713 517 parentes
732 468 944 505 restituant.
1001 467 1195 505 Incassum
1216 468 1339 505 missae
1361 481 1448 520 pre-

335 543 410 568 ces.
466 530 616 568 Infelici
644 532 705 569 via
741 531 874 569 dextro
905 532 1008 570 Jano
1043 540 1163 583 portae
1196 532 1448 571 Carmentalis

335 594 511 646 profecti,
541 596 588 633 ad
616 596 831 635 Cremeram
861 598 1002 636 fiumen
1038 600 1286 650 perveniunt:
1317 600 1348 636 is
1377 612 1447 650 op-

122 661 165 692 U.
183 661 219 693 C.
237 667 310 698 276.
336 664 521 708 portunus
550 659 651 696 visus
687 659 792 698 locus
829 662 1120 700 communiendo
1156 663 1344 713 praesidio.
1398 663 1450 701 L.

122 706 161 735 A'
177 705 214 736 C·
229 710 305 742 ⁴⁷⁶·
334 721 514 760 AEmilius
539 723 627 761 inde
646 730 684 761 et
703 724 747 763 C.
768 725 945 762 Servilius
965 725 1138 763 consules
1156 725 1249 763 facti
1266 740 1275 762 ε
1307 732 1359 770 et,
1379 727 1449 763 do-

334 798 406 824 nec
423 787 520 824 nihil
538 787 639 825 aliud
658 802 770 838 quam
788 790 828 826 in
847 790 1157 841 populationibus
1180 803 1239 827 res
1260 790 1348 835 fuit,
1368 803 1448 828 non

336 851 384 888 ad
411 852 626 902 praesidium
644 854 758 890 modo
777 855 978 892 tutandum
996 854 1104 892 Fabii
1131 855 1221 891 satis
1242 861 1363 899 erant,
1384 855 1449 892 sed

334 922 419 952 tota
444 917 612 965 regione,
633 930 707 967 qua
724 918 870 955 Tuscus
891 932 981 968 ager
998 919 1177 956 Romano
1196 919 1358 970 adjacet,
1379 931 1448 956 sua

334 986 420 1016 tuta
449 981 590 1024 omnia,
620 981 759 1018 infesta
785 982 969 1025 hostium,
999 989 1178 1031 vagantes
1207 995 1275 1033 per
1301 988 1449 1020 utrum-

335 1056 409 1093 que
437 1044 563 1088 finem,
593 1044 727 1082 fecere.
783 1045 1030 1082 Intervallum
1057 1046 1192 1083 deinde
1220 1046 1321 1084 haud
1342 1059 1449 1095 mag-

334 1119 426 1144 num
455 1108 764 1159 populationibus
793 1110 893 1147 fuit:
925 1110 1014 1146 dum
1043 1116 1080 1146 et
1098 1110 1291 1154 Veientes,
1322 1111 1449 1147 adcito

334 1184 382 1209 ex
397 1172 552 1210 Etruria
567 1175 748 1218 exercitu,
769 1174 982 1224 praesidium
999 1174 1184 1211 Cremerae
1200 1173 1424 1225 obpugnant
1434 1190 1447 1220 3

334 1242 374 1273 et
391 1236 577 1274 Romanae
603 1238 787 1286 legiones,
808 1238 855 1275 ab
875 1237 921 1275 L.
940 1238 1101 1275 AEmilio
1120 1238 1287 1275 Consule
1310 1238 1450 1275 adduc·

324 1308 398 1344 tae,
436 1303 607 1338 cominus
645 1315 731 1339 cum
758 1303 930 1339 Etruscis
967 1303 1146 1339 dimicant
1182 1303 1285 1339 acie:
1317 1315 1449 1352 quam-

332 1378 448 1417 quam
466 1368 530 1404 vix
557 1367 743 1417 dirigendi
773 1368 891 1404 aciem
921 1368 1084 1418 spatium
1102 1367 1326 1404 Veientibus
1351 1367 1448 1405 fuit:

335 1432 430 1469 adeo
458 1432 558 1468 inter
585 1433 745 1482 primam
772 1432 1079 1481 trepidationem,
1106 1431 1195 1468 dum
1222 1440 1311 1482 post
1340 1432 1450 1481 signa

335 1496 486 1532 ordines
520 1496 730 1540 inti-oetmt,
760 1496 999 1546 subsidiaque
1035 1496 1178 1540 locant,
1207 1497 1357 1533 invecta
1385 1509 1449 1532 su·-

324 1559 418 1597 -bito
448 1560 495 1597 ab
532 1560 648 1597 latere
674 1559 854 1598 Romana
890 1562 1057 1610 equitum
1093 1561 1165 1604 ala,
1195 1574 1274 1597 non
1309 1573 1448 1612 pugnae

316 1625 451 1662 *modo
487 1626 725 1676 incipiendae,
756 1626 819 1663 sed
849 1626 1093 1669 consistendi,
1133 1626 1273 1662 ademit
1307 1624 1448 1663 locum,

336 1689 412 1734 Ita,
431 1690 506 1728 fusi
526 1698 627 1728 retro
651 1693 697 1728 ad
720 1705 811 1729 saxa
828 1691 976 1735 Rubra,
1000 1691 1070 1740 (ibi
1090 1696 1213 1727 castra
1233 1688 1446 1736 habebant)

336 1767 469 1805 pacem
491 1756 677 1806 supplices
703 1762 839 1807 petunt
857 1771 865 1793 z
898 1754 1004 1806 cujus
1026 1756 1239 1805 inpetratae,
1261 1752 1308 1789 ab
1333 1752 1448 1789 insita

337 1819 472 1856 animis
497 1819 666 1866 levitate,
693 1827 781 1857 aute
807 1820 1006 1857 deductum
1027 1819 1205 1856 Cremera
1228 1817 1448 1854 Romanum

337 1884 566 1935 praesidium,
586 1885 777 1934 poenituit.

122 1950 208 2001 Fabii
224 1949 299 2000 Vei·
390 1948 438 1986 L.
466 1948 613 1985 Rursus
644 1962 729 1985 cum
753 1947 880 1985 Fabiis
905 1954 984 1984 erat
1003 1947 1154 1984 Veienti
1183 1943 1339 1997 populo,
1366 1943 1447 1980 sine

121 2002 249 2026 entium
260 2003 326 2026 Vlc-

119 2045 214 2070 τοῖα.
338 2011 416 2051 ullo
452 2012 605 2063 majoris
635 2012 724 2049 belli
757 2013 954 2063 adparatu,
988 2015 1204 2048 'cei-tamen:
1235 2021 1306 2046 nec
1339 2013 1448 2045 erant

335 2077 570 2115 incursiones
599 2077 713 2114 modo
742 2077 780 2113 in
809 2089 934 2125 agtOS,
965 2082 1030 2113 aut
1058 2075 1174 2112 subiti
1209 2075 1359 2124 inpetus
1389 2073 1447 2108 in-

335 2144 582 2186 cursantium,
605 2142 670 2179 sed
694 2141 892 2191 aliquoties
923 2153 1031 2190 aequo
1056 2151 1190 2190 campo
1213 2137 1448 2186 conlatisque

335 2207 453 2256 signis
473 2213 683 2244 certatum:
715 2217 883 2255 gensque
906 2217 981 2241 una
1005 2203 1135 2255 populi
1154 2202 1321 2239 Romani
1348 2212 1447 2250 saepe

335 2284 383 2309 ex
401 2271 700 2322 opulentissima,
720 2277 763 2307 ut
787 2277 868 2307 tum
895 2282 951 2317 res
972 2276 1092 2312 erant,
1112 2268 1276 2305 Etrusca
1294 2266 1445 2302 civitate

335 2336 533 2374 victoriam
569 2335 670 2374 tulit.
725 2334 770 2373 Id
806 2335 928 2385 primo
962 2333 1138 2371 acerbum
1173 2331 1445 2382 indignumque
