1573 2598
126 215 169 245 U.
187 214 222 245 C.
242 220 314 247 259.

125 260 165 289 Α.
185 258 219 289 C.
239 263 312 291 493.

137 1427 257 1458 Turbae
272 1426 314 1456 ob

139 1479 184 1501 as
200 1470 275 1500 alie-

141 1522 235 1544 num.

344 124 425 164 114
461 106 466 113 ⁶
809 126 854 154 T.
883 126 1016 156 t1v11

340 214 480 263 passim
509 213 717 261 dimittunt,
775 215 848 251 Sed
876 228 1005 252 recens
1035 215 1083 252 ad
1109 215 1304 266 Regillum
1331 217 1454 254 lacum

343 283 498 328 accepta
522 277 643 314 clades
663 278 823 315 Latinos
851 280 907 315 ira
932 280 1095 329 odioque
1115 279 1209 330 ejus,
1231 282 1455 330 quicumque

343 354 448 378 arma
472 341 658 385 suaderet,
685 355 733 378 ne
759 344 805 381 ab
834 344 968 393 legatis
993 346 1143 395 quidem
1163 346 1346 383 violandis
1369 346 1456 383 abs-

342 405 469 441 tinuit.
500 405 803 454 Comprehensos
823 408 983 445 Volscos
1013 409 1178 446 Romam
1207 410 1360 446 duxere.
1396 409 1458 446 lbi

343 468 471 504 traditi
502 467 718 504 consulibus
739 486 745 505 z
778 471 1061 522 indicatumque
1087 479 1157 516 est,
1175 472 1336 509 Volscos
1356 472 1458 509 Her·

343 533 525 580 nicosque
561 544 694 581 parare
730 532 870 570 bellum
906 534 1105 573 Romanis.
1161 535 1301 572 Relata
1335 548 1376 572 re
1412 535 1460 572 ad

345 603 532 641 senatum,
553 597 648 633 adeo
672 597 746 634 fuit
772 606 921 647 gratum
947 600 1139 644 Patribus,
1160 608 1203 637 ut
1228 607 1266 636 et
1289 600 1459 650 captivo-

345 673 427 696 rum
457 672 522 697 sex
554 660 672 697 millia
699 661 848 698 Latinis
881 664 1131 708 remitterent,
1163 669 1199 700 et
1233 664 1278 699 de
1303 662 1460 706 foedere,

346 724 448 773 quod
476 738 593 775 prope
622 726 661 761 in
688 732 911 776 perpetuum
940 734 1121 776 negatum
1149 728 1287 770 fuerat,
1311 739 1391 763 rem
1415 725 1464 762 ad

347 802 466 825 novos
496 791 738 838 magistratus
772 790 983 841 rejicerent.
1040 792 1246 829 Enimvero
1274 798 1357 828 tum
1385 790 1463 827 La-

348 854 419 889 tini
446 855 609 903 gaudere
628 855 745 898 facto,
773 857 874 906 pacis
902 865 1074 893 auctores
1098 858 1137 893 in
1167 857 1311 905 ingenti
1343 855 1465 904 gloria

349 930 442 954 esse.
499 918 692 954 Coronam
722 933 874 956 auream
893 921 979 956 Jovi
1004 921 1146 957 donum
1171 921 1209 955 in
1232 919 1465 969 Capitolium

350 983 533 1019 mittunt:
566 996 652 1019 cum
680 983 814 1033 legatis
841 985 1032 1034 donoque,
1057 986 1120 1034 qui
1147 985 1381 1034 captivorum
1406 995 1466 1020 re-

351 1047 456 1082 missi
485 1047 532 1083 ad
561 1060 647 1083 suos
674 1048 838 1092 fuerant,
859 1062 998 1097 magna
1017 1048 1244 1085 circumfusa
1262 1047 1466 1084 multitudo

351 1111 467 1147 venit.
525 1111 693 1160 Pergunt
720 1113 851 1149 domos
872 1126 1017 1157 eorum,
1045 1113 1144 1164 apud
1174 1125 1286 1162 quem
1311 1112 1468 1161 quisque

351 1176 580 1211 servierant:
614 1178 755 1226 gratias
782 1184 914 1226 agunt,
935 1177 1141 1214 liberaliter
1159 1176 1281 1213 habiti
1301 1175 1468 1224 cultique

350 1239 390 1275 in
420 1239 634 1276 calamitate
664 1253 755 1277 sua:
796 1242 882 1278 inde
914 1242 1082 1291 hospitia
1103 1240 1286 1291 jungunt.
1341 1239 1466 1276 Num-

352 1315 465 1350 quam
494 1302 583 1339 alias
614 1311 701 1340 ante
730 1304 879 1354 publice
909 1305 1159 1355 privatimque
1184 1303 1368 1340 Latinum
1396 1314 1467 1339 no-

352 1379 440 1403 men
457 1365 639 1404 Romano
660 1369 819 1419 imperio
840 1368 1079 1420 conjunctius
1099 1368 1184 1405 fuit.

407 1431 567 1468 XXIII.
599 1433 671 1469 Sed
691 1440 728 1469 et
747 1433 887 1470 bellum
906 1433 1088 1470 Volscum
1115 1431 1339 1474 inminebat,
1360 1437 1398 1467 et
1416 1430 1470 1467 ci-

355 1495 466 1538 vitas,
504 1508 631 1532 secum
667 1497 749 1547 ipsa
786 1497 942 1540 discors,
982 1497 1165 1533 intestino
1202 1497 1301 1532 inter
1338 1495 1470 1531 Patres

356 1559 580 1611 plebemque
600 1561 787 1610 flagrabat
806 1562 909 1605 odio,
929 1562 1092 1598 maxime
1110 1567 1264 1611 propter
1283 1571 1400 1595 nexos
1421 1558 1470 1595 ob

360 1638 407 1662 aes
428 1625 605 1663 alienum.
651 1626 894 1671 Fremebant,
914 1640 961 1671 se,
972 1627 1071 1676 foris
1087 1639 1153 1675 pro
1173 1626 1334 1662 libertate
1352 1629 1386 1660 et
1406 1626 1473 1659 im-

355 1692 455 1739 perio
492 1692 711 1734 dimicantes,
749 1693 844 1727 (lomi
874 1704 896 1727 α
924 1691 1053 1727 civibus
1081 1695 1200 1738 captos
1236 1694 1270 1724 et
1302 1688 1475 1736 obpressos

358 1767 450 1799 eave,-
481 1757 712 1804 tutioremqne
736 1757 772 1791 in
795 1756 896 1798 bello,
922 1768 1027 1804 quam
1051 1757 1086 1791 in
1106 1767 1210 1803 pace,
1236 1755 1325 1789 inter
1349 1752 1474 1793 hostes,

359 1831 466 1868 quam
494 1820 585 1856 inter
613 1822 714 1863 cives,
740 1821 935 1856 libertatem
961 1819 1073 1868 plebis
1100 1831 1193 1855 esse:
1223 1817 1475 1865 invidiamque

361 1894 457 1925 eam,
479 1895 545 1918 sua
568 1890 703 1933 sponte
732 1884 967 1933 gliscentem,
994 1883 1152 1931 insignis
1183 1881 1290 1916 unius
1321 1878 1474 1915 calami-

361 1950 419 1983 tas
459 1947 640 1984 accendit.
696 1947 843 1995 Magno
879 1954 974 1983 natu
1006 1946 1156 1995 quidam
1188 1957 1273 1981 cum
1306 1943 1476 1979 omnium

363 2013 549 2052 malorum
578 2024 731 2048 suorum
759 2011 969 2061 insignibus
1000 2023 1038 2047 se
1067 2010 1106 2046 in
1135 2009 1259 2045 forum
1288 2007 1474 2058 projecit:

366 2077 492 2115 obsita
516 2082 595 2114 erat
621 2075 794 2125 squalore
813 2076 940 2118 vestis,
964 2075 1101 2111 foedior
1127 2074 1295 2124 corporis
1324 2071 1476 2108 habitus

365 2143 509 2194 pallore
529 2154 572 2178 ac
591 2142 708 2178 macie
728 2141 897 2191 peremti.
954 2140 1015 2176 Ad
1042 2139 1130 2181 hoc,
1157 2137 1342 2188 promissa
1360 2135 1478 2173 barba

366 2216 405 2246 et
435 2207 560 2258 capilli
589 2207 832 2244 efferaverant
868 2206 1031 2257 speciem
1060 2205 1147 2241 oris.
1204 2199 1478 2239 Noscitabatur

366 2280 495 2314 tamen
524 2272 562 2311 in
591 2277 698 2309 tanta
727 2269 979 2313 deformitate,
999 2275 1037 2307 et
1060 2268 1207 2306 ordines
1234 2266 1381 2303 duxisse
1401 2265 1476 2302 aie-
