1573 2598
113 260 157 294 U.
171 261 300 294 0³11.

111 305 150 336 A.
166 305 204 338 C.
220 313 295 339 441.

326 167 410 213 270
793 173 839 203 T.
864 170 1001 204 mvn

327 261 366 297 in
393 260 535 298 foedere
563 267 677 310 atque
705 262 872 300 amicitia
896 268 1108 309 mansuros,
1131 266 1308 303 restituto
1328 280 1435 318 agro,

326 324 534 375 adpareret.
590 324 653 362 Ab
679 332 813 362 senatu
838 339 1061 377 responsum
1080 334 1150 372 est,
1170 330 1353 368 Judicium
1367 335 1438 380 po·

321 390 404 438 puli
430 389 583 425 rescindi
611 389 655 426 ab
682 395 807 427 senatu
835 404 907 428 non
933 404 1045 440 posse,
1074 398 1317 442 praeterquam
1344 397 1440 444 quod

323 455 426 490 nullo
449 466 512 489 nec
535 455 693 502 exemplo
710 467 774 491 nec
792 454 878 502 jure
892 457 1016 506 fieret,
1041 459 1238 494 concordiae
1255 460 1362 495 etiam
1381 472 1440 496 or-

324 519 448 555 dinum
466 530 600 556 caussa.
658 519 700 556 st
718 521 891 557 Ardeates
908 533 973 557 sua
989 526 1150 570 tempora
1168 527 1367 570 exspectare
1381 535 1442 560 ve-

324 585 406 628 lint,
426 585 680 633 arbitriumque
702 587 841 622 senatui
867 586 1025 622 lcvandae
1044 585 1184 633 injuriae
1200 599 1272 623 suae
1288 589 1440 635 permit·

324 653 417 690 tant,
437 648 539 696 fore,
569 653 610 684 ut
631 650 819 696 postmodo
841 651 1039 698 gaudeant,
1066 662 1102 686 se
1126 652 1188 686 irae
1208 651 1411 687 ‘moderatos
1425 667 1437 697 5

321 714 518 761 sciantque,
540 713 710 749 Patribus
727 724 823 762 aeque
840 725 934 750 curoe
946 713 1078 763 fuisse,
1098 726 1142 750 ne
1162 727 1234 763 qua
1252 713 1386 761 injuria
1402 716 1441 751 in

323 788 381 812 eos
409 778 577 819 oriretur,
608 789 651 812 ac
681 788 726 813 ne
756 781 836 813 orta
864 778 1037 814 diuturna
1065 780 1162 814 esset.
1218 777 1280 814 Ita
1308 777 1440 826 legati,

322 853 437 889 quum
468 853 507 876 se
535 853 615 877 rem
640 841 829 889 integram
854 841 1038 878 relaturos
1062 842 1259 884 dixissent,
1281 842 1441 879 comiter

323 891 478 941 dimissi.
535 905 706 948 Patricii,
728 919 845 954 quum
864 907 945 942 sine
972 906 1090 941 curuli
1117 906 1343 954 magistratu
1361 918 1440 943 res-

321 967 475 1019 publica
497 974 609 1011 esset,
634 970 774 1012 coiere,
805 972 843 1005 et
871 969 1098 1017 interregem
1118 972 1316 1005 creavere:
1348 980 1443 1006 cond

321 1033 460 1076 tentio,
491 1032 730 1076 consulesne,
765 1046 813 1070 an
841 1033 985 1070 tribuni
1016 1032 1180 1069 militum
1209 1038 1440 1077 crearentur,

322 1097 362 1133 in
391 1098 612 1146 interregno
639 1110 718 1134 rem
741 1097 818 1134 dies
843 1096 1054 1148 complures
1074 1097 1210 1133 tenuit.
1266 1096 1444 1135 Interrex‘

322 1173 366 1197 ac
403 1167 571 1204 senatus,
611 1161 810 1198 consulum
843 1162 1025 1207 comitia3
1071 1161 1216 1198 tribuni
1248 1161 1368 1212 plebis
1403 1169 1442 1198 et

322 1224 443 1277 plebS,
475 1225 715 1262 tribunorum
749 1226 913 1262 militum
939 1232 982 1262 ut
1008 1226 1235 1268 habeantur,
1266 1225 1440 1263 tendunt.

321 1289 507 1326 Vicerunt
535 1290 682 1333 Patres,
713 1291 802 1339 quia
831 1297 868 1326 et
896 1290 1018 1340 plebS,
1048 1290 1215 1340 patriciis
1245 1302 1310 1326 seu
1338 1289 1441 1326 hunc

323 1366 388 1391 seu
415 1353 524 1390 illum
551 1353 723 1390 delatura
750 1354 950 1397 honorem,
981 1354 1123 1391 frustra
1148 1359 1291 1390 certare
1311 1365 1442 1403 super-

323 1419 442 1455 sedit:
475 1425 514 1454 et
538 1418 727 1468 principes
750 1418 870 1469 plebis
891 1431 936 1454 ea
955 1419 1112 1454 comitia
1130 1417 1337 1461 malebant,
1357 1417 1442 1466 qui·

323 1482 393 1519 bus
413 1494 492 1519 non
511 1482 716 1519 haberetur
734 1483 833 1519 ratio
854 1482 926 1526 sui,
946 1494 1059 1532 quam
1078 1481 1213 1531 quibus
1233 1487 1276 1518 ut
1294 1481 1442 1530 indigni

324 1546 628 1597 praeterirentur:
660 1546 804 1582 tribuni
828 1557 978 1595 quoque
999 1544 1120 1596 plebis
1147 1549 1338 1580 certamen
1361 1544 1443 1580 sine

325 1611 461 1647 effectu
476 1611 515 1646 in
533 1610 719 1647 beneficio
739 1610 838 1660 apud
861 1610 1044 1659 primores
1065 1608 1223 1645 Patrum
1245 1607 1442 1656 reliquere.

323 1674 370 1712 T.
383 1675 586 1714 Quinctius
601 1674 791 1711 Barbatus
812 1675 979 1710 interrex
994 1672 1168 1710 consules
1186 1677 1290 1709 creat
1307 1671 1354 1708 L.
1368 1671 1442 1708 Pa-

323 1738 461 1789 pirium
506 1737 779 1786 Mugillanum,
823 1737 869 1774 L.
908 1737 1172 1787 Sempronium
1209 1736 1442 1772 Atratinum.

325 1802 398 1840 His
431 1801 650 1838 consulibus
685 1814 770 1838 cum
803 1799 1033 1837 Ardeatibus
1063 1799 1185 1836 foedus
1219 1804 1443 1835 renovatum

325 1872 408 1902 est:
440 1866 552 1915 idque
582 1865 819 1901 monumenti
847 1870 917 1907 est,
952 1863 1125 1900 consules
1155 1875 1219 1899 eos
1246 1861 1311 1897 illo
1341 1874 1442 1897 anno

323 1930 453 1972 fuisse,
484 1929 547 1977 qui
572 1941 694 1978 neque
716 1928 756 1964 in
787 1927 986 1964 annalibus
1014 1927 1160 1977 priscis,
1190 1937 1312 1973 neque
1338 1925 1377 1960 in
1396 1924 1442 1960 li-

314 1993 399 2030 >bris
419 1993 711 2042 magistratuum
731 1992 998 2028 inveniuntur:
1031 1990 1157 2032 credo,
1179 1989 1280 2038 quod
1299 1987 1443 2024 tribuni

323 2057 488 2094 militum
508 2057 620 2093 initio
639 2057 729 2093 anni
746 2055 914 2098 fuerunt,
936 2067 995 2097 eo,
1016 2054 1169 2105 perinde
1196 2066 1239 2089 ac
1265 2053 1296 2087 si
1317 2057 1442 2088 totum

324 2134 466 2159 annum
493 2122 530 2157 in
555 2122 715 2171 imperio
744 2120 899 2162 fuerint,
924 2118 1104 2155 subsectis
1129 2117 1188 2152 his
1209 2115 1442 2157 consulibus,

325 2187 579 2237 praetermissa
614 2185 772 2222 nomina
808 2182 1006 2221 consulum
1049 2182 1197 2218 horum.
1270 2179 1442 2216 Licinius

322 2249 456 2287 Macer
488 2256 622 2287 auctor
653 2255 723 2293 est,
764 2255 801 2285 et
835 2249 873 2284 in
906 2247 1048 2284 foedere
1077 2245 1302 2286 Ardeatino,
1336 2250 1374 2279 et
1404 2243 1442 2278 in

323 2313 450 2352 linteis
476 2314 580 2351 libris
607 2313 654 2351 ad
681 2312 852 2351 Monetae
887 2312 1051 2349 inventa.
1107 2309 1159 2346 Et
1190 2308 1296 2351 foris,
1327 2319 1442 2357 quum
