1573 2598
389 119 544 148 Lim-:R
567 118 649 148 111·
681 117 790 147 CAP.
815 117 919 146 LVI.
1134 114 1213 160 237

101 214 212 253 runt,
253 214 291 243 ct
319 220 435 256 quum
463 206 647 255 religione
677 204 880 241 inviolatos
911 217 990 247 ρος,
1021 211 1103 242 tum
1132 205 1215 254 lege
1231 205 1273 237 U·
1290 205 1326 236 C·
1343 209 1418 257 309·

101 273 217 308 etiam
254 271 439 313 feceruut,
479 269 698 311 sanciendo,
736 269 797 311 Ut,
828 271 888 317 qui
918 269 1065 305 tribunis
1089 249 1412 317 plebis,A'C'⁴⁴⁰'

100 337 271 378 aeclilibtzs,
306 335 500 382 judicibus,
538 335 740 370 decemviris
775 336 959 376 nocuisset,
998 332 1072 380 ejus
1107 339 1217 381 caput

99 401 181 438 Jovi
209 413 350 436 sucrum
378 404 492 435 esset:
509 397 663 447 familia
692 388 740 433 αῊ
768 399 877 433 aeclem
908 398 1055 440 Cereris,
1080 397 1215 439 Liberi,

100 465 303 514 Liberaeque
329 476 452 500 venum
482 465 560 498 iret.
616 461 703 497 Hac
740 460 824 521 lege
853 461 952 512 juris
989 462 1215 512 interpretes

99 535 243 578 negant
278 540 505 578 quemquam
541 533 827 562 sacrosanctum
863 538 971 563 esse:
1011 525 1077 562 sed
1112 538 1214 568 eum,

99 594 165 643 qui
189 606 320 629 eorum
342 592 518 641 cuiquam
542 591 730 634 nocuerit,
755 604 904 627 sacrum
926 591 1076 627 sanciri.
1133 589 1218 627 Ita-

99 671 171 708 que
192 658 337 694 aedilem
358 657 541 708 prehendi
560 657 721 706 ducique
741 670 763 693 a
782 656 989 708 majoribus
1014 657 1214 707 magistra-

97 722 198 758 tibus
217 736 225 757 :
257 721 359 771 quod
384 721 455 757 etsi
483 733 562 756 non
578 719 666 771 jure
693 720 772 764 fiat,
797 721 943 768 (noceri
963 722 1064 757 enim
1083 721 1131 764 ei,
1153 721 1215 757 cui

96 787 168 823 hac
198 785 280 835 lege
308 798 387 822 non
414 785 544 832 liceat)
567 791 695 821 tamen
722 792 988 835 argumentum
1011 798 1105 829 esse,
1133 798 1213 822 non

96 851 228 888 haberi
254 863 322 901 pro
345 856 589 887 sacrosancto
609 849 779 886 aedilem:
812 850 988 887 tribunos
1008 856 1134 886 vetere
1146 849 1213 900 ju-

98 914 301 965 rejurando
337 914 472 964 plebis,
508 927 624 963 quum
661 915 824 964 primum
862 927 946 950 eam
982 920 1215 964 potestatem

99 979 254 1021 creavit,
285 983 546 1014 sacrosanctos
576 990 669 1014 esse.
726 977 861 1020 Fuere,
892 978 956 1027 qui
985 978 1214 1028 interpreta-

97 1049 242 1085 rentur,
263 1042 391 1079 eadem
420 1041 490 1077 hac
517 1040 684 1077 Horatia
711 1040 795 1090 lege
818 1041 1035 1077 consulibus
1063 1053 1214 1091 quoque

99 1114 137 1143 et
165 1106 404 1157 praetoribus,
426 1106 515 1155 quia
540 1106 671 1141 iisdem
694 1106 886 1156 auspiciis,
911 1106 1045 1155 quibus
1075 1119 1214 1142 consu-

98 1171 166 1213 les,
189 1177 418 1212 crearentur,
445 1176 598 1205 cautum
625 1183 728 1205 esse:
753 1168 922 1220 judicem
950 1170 1050 1206 enim
1075 1182 1214 1206 consu-

98 1234 172 1270 lem
209 1233 400 1284 adpellari.
457 1234 553 1272 Qum
590 1233 774 1269 refellitur
802 1234 1081 1284 interpretatiO,
1112 1234 1215 1283 quod

97 1298 156 1334 his
175 1297 408 1347 temporibus
429 1296 598 1333 noudum
620 1296 814 1346 consulem
827 1297 1010 1347 judicem,
1032 1298 1097 1334 sed
1116 1311 1213 1348 prae-

98 1371 235 1403 torem,
266 1360 446 1410 adpellari
474 1372 555 1396 mos
585 1360 711 1397 fuerit.
769 1361 842 1397 Hae
866 1361 1082 1398 consulares
1112 1361 1213 1411 leges

97 1426 215 1463 fuere,
272 1425 496 1462 Institutum
525 1425 640 1461 etiam
670 1425 716 1462 ab
747 1426 880 1462 iisdem
909 1426 1142 1470 consulibus,
1172 1433 1215 1462 ut

98 1490 428 1526 senatusconsulta
461 1491 501 1526 in
532 1490 649 1526 aedem
679 1490 825 1526 Cereris
857 1491 903 1526 ad
934 1490 1058 1526 aediles
1091 1490 1212 1541 plebis

98 1553 357 1600 deferrentur3
390 1568 473 1604 quae
504 1561 617 1590 antea
649 1554 807 1590 arbitrio
836 1554 1035 1591 consulum
1063 1555 1214 1605 subpri-
1252 1560 1254 1562 ’

98 1618 298 1655 mebantur
325 1619 645 1668 vitiabanturque.
701 1619 758 1656 M.
787 1619 940 1656 Duilius
974 1619 1108 1655 deinde
1145 1620 1214 1655 tri·

97 1682 221 1719 bunus
247 1681 366 1732 plebis
390 1682 540 1732 plebem
562 1684 726 1732 rogavit,
752 1683 957 1734 plebesque
977 1684 1086 1719 scivit
1099 1699 1110 1729 5
1145 1684 1216 1726 Qui

91 1747 231 1795 plebem
265 1749 338 1782 sine
375 1747 522 1784 tribunis
556 1749 767 1796 reliquisset,
798 1750 927 1797 quique
961 1749 1216 1796 magistratum

9 1799 13 1890 Ι
95 1813 170 1848 sine
197 1814 446 1860 provocatione
473 1817 637 1856 creasset,
669 1818 767 1861 tergo
794 1826 838 1849 ac
865 1814 982 1861 capite
1009 1814 1213 1861 puniretur.

9 1891 14 2008 l
98 1874 194 1911 Haec
214 1875 343 1911 omnia
360 1882 403 1912 ut
427 1877 570 1920 invitis,
590 1876 645 1913 ita
668 1889 748 1913 non
775 1876 1076 1920 adversantibus,
1095 1878 1213 1927 patri-

99 1940 166 1976 ciis
202 1946 397 1977 transacta
413 1957 424 1987 5
457 1941 546 1990 quia
574 1942 744 1978 nondum
771 1942 812 1978 in
840 1953 1069 1992 quemquam
1097 1954 1216 1982 unum

98 2004 335 2043 saeviebatur.

151 2068 256 2106 LVI.
286 2069 461 2107 Fundata
485 2071 620 2107 deinde
647 2076 685 2107 et
709 2077 901 2121 potestate
931 2070 1147 2114 tribunicia,
1177 2077 1215 2108 et

99 2132 219 2184 plebis
239 2133 428 2179 libertate,
449 2142 531 2172 tum
550 2136 693 2172 tribuni
720 2136 872 2185 adgredi
895 2134 1066 2184 singulos
1088 2141 1214 2173 tutum

100 2204 364 2249 maturumque
385 2199 470 2251 jam
498 2201 586 2244 rati,
614 2207 875 2238 accusatorem
904 2201 1066 2251 primum
1087 2199 1216 2248 Virgi-

100 2264 203 2300 nium
235 2269 273 2300 et
289 2265 457 2316 Appium
486 2278 592 2303 reum
618 2265 803 2315 deligunt.
859 2266 990 2307 Quum
1019 2265 1117 2302 diem
1135 2265 1215 2319 Ap-
