<?xml version="1.0" encoding="UTF-8"?>
<!DOCTYPE html PUBLIC "-//W3C//DTD XHTML 1.0 Transitional//EN"
    "http://www.w3.org/TR/xhtml1/DTD/xhtml1-transitional.dtd">
<html xmlns="http://www.w3.org/1999/xhtml" xml:lang="en" lang="en">
 <head>
  <title>
</title>
<meta http-equiv="Content-Type" content="text/html;charset=utf-8" />
  <meta name='ocr-system' content='tesseract 3.04.00' />
  <meta name='ocr-capabilities' content='ocr_page ocr_carea ocr_par ocr_line ocrx_word'/>
</head>
<body>
  <div class='ocr_page' id='page_1' title='image "./historiarumquaes01livyuoft/historiarumquaes01livyuoft_0409.png"; bbox 0 0 1573 2598; ppageno 0'>
   <div class='ocr_carea' id='block_1_1' title="bbox 382 105 1214 153">
    <p class='ocr_par' dir='ltr' id='par_1_1' title="bbox 382 105 1214 153">
     <span class='ocr_line' id='line_1_1' title="bbox 382 105 1214 153; baseline 0.004 -19"><span class='ocrx_word' id='word_1_1' title='bbox 382 105 539 135; x_wconf 84' lang='lat' dir='ltr'>LIBER</span> <span class='ocrx_word' id='word_1_2' title='bbox 562 105 610 136; x_wconf 83' lang='lat' dir='ltr'>V·</span> <span class='ocrx_word' id='word_1_3' title='bbox 645 105 751 135; x_wconf 82' lang='lat' dir='ltr'>cAP.</span> <span class='ocrx_word' id='word_1_4' title='bbox 774 105 916 136; x_wconf 79' lang='lat' dir='ltr'><strong>XLIV.</strong></span> <span class='ocrx_word' id='word_1_5' title='bbox 1132 110 1214 153; x_wconf 79' lang='lat'>393</span> 
     </span>
    </p>
   </div>
   <div class='ocr_carea' id='block_1_2' title="bbox 81 204 1430 2362">
    <p class='ocr_par' dir='ltr' id='par_1_2' title="bbox 93 204 1430 1345">
     <span class='ocr_line' id='line_1_2' title="bbox 95 204 1409 278; baseline 0.002 -35"><span class='ocrx_word' id='word_1_6' title='bbox 95 212 207 244; x_wconf 78' lang='lat' dir='ltr'>rant:</span> <span class='ocrx_word' id='word_1_7' title='bbox 241 205 346 257; x_wconf 91' lang='lat' dir='ltr'>cujus</span> <span class='ocrx_word' id='word_1_8' title='bbox 377 206 424 243; x_wconf 90' lang='lat' dir='ltr'>ad</span> <span class='ocrx_word' id='word_1_9' title='bbox 452 207 491 243; x_wconf 90' lang='lat' dir='ltr'>id</span> <span class='ocrx_word' id='word_1_10' title='bbox 518 212 667 257; x_wconf 89' lang='lat' dir='ltr'>tempus</span> <span class='ocrx_word' id='word_1_11' title='bbox 696 207 939 251; x_wconf 85' lang='lat' dir='ltr'>inmemores,</span> <span class='ocrx_word' id='word_1_12' title='bbox 968 213 1020 251; x_wconf 87' lang='lat' dir='ltr'>et,</span> <span class='ocrx_word' id='word_1_13' title='bbox 1041 208 1144 257; x_wconf 88' lang='lat' dir='ltr'>quod</span> <span class='ocrx_word' id='word_1_14' title='bbox 1173 210 1211 244; x_wconf 88' lang='lat' dir='ltr'>in</span> <span class='ocrx_word' id='word_1_15' title='bbox 1225 204 1409 278; x_wconf 37' lang='lat' dir='ltr'>Agl-83⁶⁵·</span> 
     </span>
     <span class='ocr_line' id='line_1_3' title="bbox 95 254 1410 315; baseline 0.002 -8"><span class='ocrx_word' id='word_1_16' title='bbox 95 271 188 308; x_wconf 86' lang='lat' dir='ltr'>urbe</span> <span class='ocrx_word' id='word_1_17' title='bbox 220 271 356 315; x_wconf 79' lang='lat' dir='ltr'>fuerat,</span> <span class='ocrx_word' id='word_1_18' title='bbox 386 272 620 308; x_wconf 88' lang='lat' dir='ltr'>frumentum</span> <span class='ocrx_word' id='word_1_19' title='bbox 656 271 839 307; x_wconf 77' lang='lat' dir='ltr'>incendiis</span> <span class='ocrx_word' id='word_1_20' title='bbox 879 271 981 308; x_wconf 88' lang='lat' dir='ltr'>urbis</span> <span class='ocrx_word' id='word_1_21' title='bbox 1019 272 1213 309; x_wconf 87' lang='lat' dir='ltr'>absumse-</span> <span class='ocrx_word' id='word_1_22' title='bbox 1258 271 1264 278; x_wconf 79' lang='grc'><em>“</em></span> <span class='ocrx_word' id='word_1_23' title='bbox 1308 254 1410 284; x_wconf 69' lang='lat'>&#39;3⁸⁷&#39;</span> 
     </span>
     <span class='ocr_line' id='line_1_4' title="bbox 95 335 1212 386; baseline 0.002 -14"><span class='ocrx_word' id='word_1_24' title='bbox 95 341 195 379; x_wconf 85' lang='lat' dir='ltr'>rant,</span> <span class='ocrx_word' id='word_1_25' title='bbox 217 342 255 372; x_wconf 90' lang='lat' dir='ltr'>et</span> <span class='ocrx_word' id='word_1_26' title='bbox 275 348 318 372; x_wconf 81' lang='lat' dir='ltr'>ex</span> <span class='ocrx_word' id='word_1_27' title='bbox 340 337 440 384; x_wconf 84' lang='lat' dir='ltr'>agris</span> <span class='ocrx_word' id='word_1_28' title='bbox 467 348 534 386; x_wconf 92' lang='lat' dir='ltr'>per</span> <span class='ocrx_word' id='word_1_29' title='bbox 559 336 661 386; x_wconf 89' lang='lat' dir='ltr'>ipsos</span> <span class='ocrx_word' id='word_1_30' title='bbox 683 335 760 372; x_wconf 90' lang='lat' dir='ltr'>dies</span> <span class='ocrx_word' id='word_1_31' title='bbox 787 343 938 386; x_wconf 88' lang='lat' dir='ltr'>raptum</span> <span class='ocrx_word' id='word_1_32' title='bbox 964 349 1077 373; x_wconf 80' lang='lat' dir='ltr'>omne</span> <span class='ocrx_word' id='word_1_33' title='bbox 1097 337 1212 374; x_wconf 87' lang='lat' dir='ltr'>Veios</span> 
     </span>
     <span class='ocr_line' id='line_1_5' title="bbox 96 399 1212 451; baseline 0.001 -15"><span class='ocrx_word' id='word_1_34' title='bbox 96 406 188 436; x_wconf 86' lang='lat' dir='ltr'>erat.</span> <span class='ocrx_word' id='word_1_35' title='bbox 245 399 381 449; x_wconf 79' lang='lat' dir='ltr'>Igitur,</span> <span class='ocrx_word' id='word_1_36' title='bbox 410 401 579 436; x_wconf 82' lang='lat' dir='ltr'>exercitu</span> <span class='ocrx_word' id='word_1_37' title='bbox 598 399 739 448; x_wconf 67' lang='lat' dir='ltr'>diviso,</span> <span class='ocrx_word' id='word_1_38' title='bbox 770 401 906 450; x_wconf 81' lang='lat' dir='ltr'>partim</span> <span class='ocrx_word' id='word_1_39' title='bbox 938 413 1005 451; x_wconf 87' lang='lat' dir='ltr'>per</span> <span class='ocrx_word' id='word_1_40' title='bbox 1030 401 1212 437; x_wconf 83' lang='lat' dir='ltr'>finitimos</span> 
     </span>
     <span class='ocr_line' id='line_1_6' title="bbox 94 463 1212 514; baseline 0.001 -14"><span class='ocrx_word' id='word_1_41' title='bbox 94 463 256 514; x_wconf 90' lang='lat' dir='ltr'>populos</span> <span class='ocrx_word' id='word_1_42' title='bbox 278 464 437 514; x_wconf 85' lang='lat' dir='ltr'>praedari</span> <span class='ocrx_word' id='word_1_43' title='bbox 461 463 618 514; x_wconf 85' lang='lat' dir='ltr'>placuit,</span> <span class='ocrx_word' id='word_1_44' title='bbox 640 465 778 514; x_wconf 83' lang='lat' dir='ltr'>partim</span> <span class='ocrx_word' id='word_1_45' title='bbox 799 464 963 501; x_wconf 83' lang='lat' dir='ltr'>obsideri</span> <span class='ocrx_word' id='word_1_46' title='bbox 985 478 1109 501; x_wconf 83' lang='lat' dir='ltr'>arcem</span> <span class='ocrx_word' id='word_1_47' title='bbox 1127 482 1137 511; x_wconf 99' lang='grc'><strong><em>5</em></strong></span> <span class='ocrx_word' id='word_1_48' title='bbox 1171 472 1212 501; x_wconf 87' lang='lat' dir='ltr'>ut</span> 
     </span>
     <span class='ocr_line' id='line_1_7' title="bbox 95 526 1428 579; baseline 0.002 -15"><span class='ocrx_word' id='word_1_49' title='bbox 95 527 356 564; x_wconf 86' lang='lat' dir='ltr'>obsidentibus</span> <span class='ocrx_word' id='word_1_50' title='bbox 374 527 606 564; x_wconf 86' lang='lat' dir='ltr'>frumentum</span> <span class='ocrx_word' id='word_1_51' title='bbox 633 528 878 578; x_wconf 81' lang='lat' dir='ltr'>populatores</span> <span class='ocrx_word' id='word_1_52' title='bbox 910 542 1087 579; x_wconf 76' lang='lat' dir='ltr'>agrorum</span> <span class='ocrx_word' id='word_1_53' title='bbox 1116 542 1210 579; x_wconf 84' lang='lat' dir='ltr'>prae—</span> <span class='ocrx_word' id='word_1_54' title='bbox 1224 526 1428 576; x_wconf 59' lang='lat' dir='ltr'>Populatores</span> 
     </span>
     <span class='ocr_line' id='line_1_8' title="bbox 93 570 1430 644; baseline 0.001 -15"><span class='ocrx_word' id='word_1_55' title='bbox 93 592 239 629; x_wconf 90' lang='lat' dir='ltr'>berent.</span> <span class='ocrx_word' id='word_1_56' title='bbox 295 592 582 629; x_wconf 87' lang='lat' dir='ltr'>Proficiscentes</span> <span class='ocrx_word' id='word_1_57' title='bbox 618 592 749 629; x_wconf 82' lang='lat' dir='ltr'>Gallos</span> <span class='ocrx_word' id='word_1_58' title='bbox 784 594 831 630; x_wconf 87' lang='lat' dir='ltr'>ab</span> <span class='ocrx_word' id='word_1_59' title='bbox 867 594 957 630; x_wconf 82' lang='lat' dir='ltr'>urbe</span> <span class='ocrx_word' id='word_1_60' title='bbox 991 594 1038 630; x_wconf 86' lang='lat' dir='ltr'>ad</span> <span class='ocrx_word' id='word_1_61' title='bbox 1065 594 1211 631; x_wconf 84' lang='lat' dir='ltr'>Roma-</span> <span class='ocrx_word' id='word_1_62' title='bbox 1224 570 1430 644; x_wconf 49' lang='grc' dir='ltr'>(ἶῗὲυιὲὶὼ-</span> 
     </span>
     <span class='ocr_line' id='line_1_9' title="bbox 93 656 1310 708; baseline 0.003 -16"><span class='ocrx_word' id='word_1_63' title='bbox 93 669 182 694; x_wconf 88' lang='lat' dir='ltr'>nam</span> <span class='ocrx_word' id='word_1_64' title='bbox 219 656 484 706; x_wconf 83' lang='lat' dir='ltr'>experiendam</span> <span class='ocrx_word' id='word_1_65' title='bbox 512 656 692 693; x_wconf 70' lang='lat' dir='ltr'>virtutem</span> <span class='ocrx_word' id='word_1_66' title='bbox 728 657 884 694; x_wconf 84' lang='lat' dir='ltr'>fortuna</span> <span class='ocrx_word' id='word_1_67' title='bbox 919 659 1003 708; x_wconf 86' lang='lat' dir='ltr'>ipsa</span> <span class='ocrx_word' id='word_1_68' title='bbox 1029 659 1210 702; x_wconf 85' lang='lat' dir='ltr'>Ardeam,</span> <span class='ocrx_word' id='word_1_69' title='bbox 1224 666 1310 696; x_wconf 84' lang='lat' dir='ltr'>agro.</span> 
     </span>
     <span class='ocr_line' id='line_1_10' title="bbox 94 716 1212 771; baseline 0.003 -15"><span class='ocrx_word' id='word_1_70' title='bbox 94 716 159 756; x_wconf 88' lang='lat' dir='ltr'>ubi</span> <span class='ocrx_word' id='word_1_71' title='bbox 179 719 360 756; x_wconf 81' lang='lat' dir='ltr'>Camillus</span> <span class='ocrx_word' id='word_1_72' title='bbox 381 720 592 764; x_wconf 78' lang='lat' dir='ltr'>exsulabat,</span> <span class='ocrx_word' id='word_1_73' title='bbox 614 721 723 757; x_wconf 82' lang='lat' dir='ltr'>duxit</span> <span class='ocrx_word' id='word_1_74' title='bbox 741 738 748 758; x_wconf 86' lang='lat'>:</span> <span class='ocrx_word' id='word_1_75' title='bbox 781 723 846 771; x_wconf 89' lang='lat' dir='ltr'>qui</span> <span class='ocrx_word' id='word_1_76' title='bbox 865 723 1040 759; x_wconf 84' lang='lat' dir='ltr'>moestior</span> <span class='ocrx_word' id='word_1_77' title='bbox 1057 722 1112 759; x_wconf 87' lang='lat' dir='ltr'>ibi</span> <span class='ocrx_word' id='word_1_78' title='bbox 1132 723 1212 759; x_wconf 85' lang='lat' dir='ltr'>for-</span> 
     </span>
     <span class='ocr_line' id='line_1_11' title="bbox 93 784 1214 836; baseline 0.003 -16"><span class='ocrx_word' id='word_1_79' title='bbox 93 790 188 820; x_wconf 86' lang='lat' dir='ltr'>tuna</span> <span class='ocrx_word' id='word_1_80' title='bbox 214 784 380 835; x_wconf 86' lang='lat' dir='ltr'>publica,</span> <span class='ocrx_word' id='word_1_81' title='bbox 411 798 524 834; x_wconf 88' lang='lat' dir='ltr'>quam</span> <span class='ocrx_word' id='word_1_82' title='bbox 553 798 634 828; x_wconf 81' lang='lat' dir='ltr'>sua,</span> <span class='ocrx_word' id='word_1_83' title='bbox 665 800 781 835; x_wconf 90' lang='lat' dir='ltr'>quum</span> <span class='ocrx_word' id='word_1_84' title='bbox 800 786 886 822; x_wconf 81' lang='lat' dir='ltr'>Diis</span> <span class='ocrx_word' id='word_1_85' title='bbox 915 786 1214 836; x_wconf 85' lang='lat' dir='ltr'>hominibusque</span> 
     </span>
     <span class='ocr_line' id='line_1_12' title="bbox 95 848 1214 900; baseline 0.003 -16"><span class='ocrx_word' id='word_1_86' title='bbox 95 848 313 884; x_wconf 86' lang='lat' dir='ltr'>accusandis</span> <span class='ocrx_word' id='word_1_87' title='bbox 347 855 572 893; x_wconf 85' lang='lat' dir='ltr'>senesceret,</span> <span class='ocrx_word' id='word_1_88' title='bbox 604 849 839 899; x_wconf 84' lang='lat' dir='ltr'>indignando</span> <span class='ocrx_word' id='word_1_89' title='bbox 869 851 1118 900; x_wconf 84' lang='lat' dir='ltr'>mirandoque</span> <span class='ocrx_word' id='word_1_90' title='bbox 1148 851 1214 887; x_wconf 85' lang='lat' dir='ltr'>ubi</span> 
     </span>
     <span class='ocr_line' id='line_1_13' title="bbox 94 911 1214 964; baseline 0.003 -17"><span class='ocrx_word' id='word_1_91' title='bbox 94 911 149 947; x_wconf 90' lang='lat' dir='ltr'>illi</span> <span class='ocrx_word' id='word_1_92' title='bbox 168 912 236 948; x_wconf 79' lang='lat' dir='ltr'>viri</span> <span class='ocrx_word' id='word_1_93' title='bbox 266 917 405 954; x_wconf 81' lang='lat' dir='ltr'>essent,</span> <span class='ocrx_word' id='word_1_94' title='bbox 435 913 498 961; x_wconf 87' lang='lat' dir='ltr'>qui</span> <span class='ocrx_word' id='word_1_95' title='bbox 528 925 655 949; x_wconf 89' lang='lat' dir='ltr'>secum</span> <span class='ocrx_word' id='word_1_96' title='bbox 675 913 790 950; x_wconf 87' lang='lat' dir='ltr'>Veios</span> <span class='ocrx_word' id='word_1_97' title='bbox 818 914 1063 963; x_wconf 80' lang='lat' dir='ltr'>Faleriosque</span> <span class='ocrx_word' id='word_1_98' title='bbox 1092 915 1214 964; x_wconf 85' lang='lat' dir='ltr'>cepis-</span> 
     </span>
     <span class='ocr_line' id='line_1_14' title="bbox 95 974 1215 1026; baseline 0.003 -16"><span class='ocrx_word' id='word_1_99' title='bbox 95 981 193 1018; x_wconf 79' lang='lat' dir='ltr'>sent,</span> <span class='ocrx_word' id='word_1_100' title='bbox 224 975 287 1024; x_wconf 91' lang='lat' dir='ltr'>qui</span> <span class='ocrx_word' id='word_1_101' title='bbox 316 975 391 1011; x_wconf 85' lang='lat' dir='ltr'>alia</span> <span class='ocrx_word' id='word_1_102' title='bbox 417 974 518 1012; x_wconf 83' lang='lat' dir='ltr'>bella</span> <span class='ocrx_word' id='word_1_103' title='bbox 549 975 686 1012; x_wconf 83' lang='lat' dir='ltr'>fortius</span> <span class='ocrx_word' id='word_1_104' title='bbox 717 990 877 1026; x_wconf 86' lang='lat' dir='ltr'>semper,</span> <span class='ocrx_word' id='word_1_105' title='bbox 908 990 1022 1026; x_wconf 81' lang='lat' dir='ltr'>quam</span> <span class='ocrx_word' id='word_1_106' title='bbox 1050 977 1215 1021; x_wconf 85' lang='lat' dir='ltr'>felicius,</span> 
     </span>
     <span class='ocr_line' id='line_1_15' title="bbox 95 1040 1215 1090; baseline 0.003 -16"><span class='ocrx_word' id='word_1_107' title='bbox 95 1040 301 1087; x_wconf 81' lang='lat' dir='ltr'>gessissent</span> <span class='ocrx_word' id='word_1_108' title='bbox 316 1055 327 1085; x_wconf 90' lang='grc'><strong><em>5</em></strong></span> <span class='ocrx_word' id='word_1_109' title='bbox 359 1047 515 1090; x_wconf 86' lang='lat' dir='ltr'>repente</span> <span class='ocrx_word' id='word_1_110' title='bbox 541 1041 660 1083; x_wconf 88' lang='lat' dir='ltr'>audit,</span> <span class='ocrx_word' id='word_1_111' title='bbox 683 1041 881 1077; x_wconf 86' lang='lat' dir='ltr'>Gallorum</span> <span class='ocrx_word' id='word_1_112' title='bbox 913 1042 1122 1077; x_wconf 81' lang='lat' dir='ltr'>exercitum</span> <span class='ocrx_word' id='word_1_113' title='bbox 1149 1042 1215 1078; x_wconf 83' lang='lat' dir='ltr'>ad·</span> 
     </span>
     <span class='ocr_line' id='line_1_16' title="bbox 95 1105 1212 1155; baseline 0.003 -17"><span class='ocrx_word' id='word_1_114' title='bbox 95 1110 263 1146; x_wconf 84' lang='lat' dir='ltr'>ventare,</span> <span class='ocrx_word' id='word_1_115' title='bbox 284 1111 397 1153; x_wconf 84' lang='lat' dir='ltr'>atque</span> <span class='ocrx_word' id='word_1_116' title='bbox 427 1105 472 1143; x_wconf 89' lang='lat' dir='ltr'>de</span> <span class='ocrx_word' id='word_1_117' title='bbox 502 1118 548 1141; x_wconf 90' lang='lat' dir='ltr'>eo</span> <span class='ocrx_word' id='word_1_118' title='bbox 577 1106 733 1155; x_wconf 87' lang='lat' dir='ltr'>pavidos</span> <span class='ocrx_word' id='word_1_119' title='bbox 754 1105 938 1141; x_wconf 82' lang='lat' dir='ltr'>Ardeates</span> <span class='ocrx_word' id='word_1_120' title='bbox 969 1105 1212 1142; x_wconf 79' lang='lat' dir='ltr'>consultare:</span> 
     </span>
     <span class='ocr_line' id='line_1_17' title="bbox 93 1168 1215 1220; baseline 0.001 -17"><span class='ocrx_word' id='word_1_121' title='bbox 93 1179 163 1203; x_wconf 81' lang='lat' dir='ltr'>nec</span> <span class='ocrx_word' id='word_1_122' title='bbox 193 1180 298 1203; x_wconf 90' lang='lat' dir='ltr'>secus</span> <span class='ocrx_word' id='word_1_123' title='bbox 329 1181 442 1220; x_wconf 75' lang='lat' dir='ltr'>quam</span> <span class='ocrx_word' id='word_1_124' title='bbox 471 1168 600 1204; x_wconf 90' lang='lat' dir='ltr'>divino</span> <span class='ocrx_word' id='word_1_125' title='bbox 630 1169 765 1218; x_wconf 88' lang='lat' dir='ltr'>spiritu</span> <span class='ocrx_word' id='word_1_126' title='bbox 794 1175 933 1211; x_wconf 88' lang='lat' dir='ltr'>tactus,</span> <span class='ocrx_word' id='word_1_127' title='bbox 962 1181 1077 1217; x_wconf 90' lang='lat' dir='ltr'>quum</span> <span class='ocrx_word' id='word_1_128' title='bbox 1107 1181 1147 1204; x_wconf 88' lang='lat' dir='ltr'>se</span> <span class='ocrx_word' id='word_1_129' title='bbox 1176 1170 1215 1205; x_wconf 89' lang='lat' dir='ltr'>in</span> 
     </span>
     <span class='ocr_line' id='line_1_18' title="bbox 94 1227 1215 1277; baseline 0.002 -10"><span class='ocrx_word' id='word_1_130' title='bbox 94 1231 257 1268; x_wconf 82' lang='lat' dir='ltr'>mediam</span> <span class='ocrx_word' id='word_1_131' title='bbox 282 1233 509 1270; x_wconf 84' lang='lat' dir='ltr'>concionem</span> <span class='ocrx_word' id='word_1_132' title='bbox 533 1233 737 1277; x_wconf 83' lang='lat' dir='ltr'>intulisset,</span> <span class='ocrx_word' id='word_1_133' title='bbox 759 1227 949 1270; x_wconf 81' lang='lat' dir='ltr'>abstinere</span> <span class='ocrx_word' id='word_1_134' title='bbox 970 1239 1098 1270; x_wconf 87' lang='lat' dir='ltr'>suetus</span> <span class='ocrx_word' id='word_1_135' title='bbox 1125 1239 1215 1269; x_wconf 87' lang='lat' dir='ltr'>ante</span> 
     </span>
     <span class='ocr_line' id='line_1_19' title="bbox 95 1297 452 1345; baseline 0.006 -12"><span class='ocrx_word' id='word_1_136' title='bbox 95 1297 234 1334; x_wconf 77' lang='lat' dir='ltr'>talibus</span> <span class='ocrx_word' id='word_1_137' title='bbox 256 1299 424 1335; x_wconf 80' lang='lat' dir='ltr'>conciliis</span> <span class='ocrx_word' id='word_1_138' title='bbox 439 1317 452 1345; x_wconf 91' lang='grc'><strong><em>5</em></strong></span> 
     </span>
    </p>

    <p class='ocr_par' dir='ltr' id='par_1_3' title="bbox 81 1361 1414 2312">
     <span class='ocr_line' id='line_1_20' title="bbox 148 1361 1414 1414; baseline 0.001 -16"><span class='ocrx_word' id='word_1_139' title='bbox 148 1361 294 1399; x_wconf 90' lang='lat' dir='ltr'><strong>XLIV.</strong></span> <span class='ocrx_word' id='word_1_140' title='bbox 324 1364 512 1407; x_wconf 77' lang='lat' dir='ltr'>Ardeates,</span> <span class='ocrx_word' id='word_1_141' title='bbox 537 1365 674 1414; x_wconf 85' lang='lat' dir='ltr'>inquit,</span> <span class='ocrx_word' id='word_1_142' title='bbox 702 1370 833 1402; x_wconf 74' lang='lat' dir='ltr'>veteres</span> <span class='ocrx_word' id='word_1_143' title='bbox 857 1367 975 1408; x_wconf 79' lang='lat' dir='ltr'>amici,</span> <span class='ocrx_word' id='word_1_144' title='bbox 996 1367 1077 1402; x_wconf 78' lang='lat' dir='ltr'>novi</span> <span class='ocrx_word' id='word_1_145' title='bbox 1101 1367 1209 1401; x_wconf 74' lang='lat' dir='ltr'>etiam</span> <span class='ocrx_word' id='word_1_146' title='bbox 1224 1371 1272 1401; x_wconf 84' lang='lat' dir='ltr'>Ad</span> <span class='ocrx_word' id='word_1_147' title='bbox 1289 1379 1340 1399; x_wconf 85' lang='lat' dir='ltr'>eos</span> <span class='ocrx_word' id='word_1_148' title='bbox 1356 1368 1414 1399; x_wconf 93' lang='lat' dir='ltr'>ob-</span> 
     </span>
     <span class='ocr_line' id='line_1_21' title="bbox 92 1413 1403 1488; baseline 0.004 -28"><span class='ocrx_word' id='word_1_149' title='bbox 92 1427 183 1461; x_wconf 80' lang='lat' dir='ltr'>cives</span> <span class='ocrx_word' id='word_1_150' title='bbox 209 1428 291 1469; x_wconf 77' lang='lat' dir='ltr'>mei,</span> <span class='ocrx_word' id='word_1_151' title='bbox 318 1429 463 1476; x_wconf 83' lang='lat' dir='ltr'>quando</span> <span class='ocrx_word' id='word_1_152' title='bbox 490 1433 525 1464; x_wconf 79' lang='lat' dir='ltr'>et</span> <span class='ocrx_word' id='word_1_153' title='bbox 553 1433 707 1464; x_wconf 79' lang='lat' dir='ltr'>vestrum</span> <span class='ocrx_word' id='word_1_154' title='bbox 736 1429 938 1478; x_wconf 69' lang='lat' dir='ltr'>beneficium</span> <span class='ocrx_word' id='word_1_155' title='bbox 967 1431 1019 1466; x_wconf 79' lang='lat' dir='ltr'>ita</span> <span class='ocrx_word' id='word_1_156' title='bbox 1048 1430 1145 1472; x_wconf 76' lang='lat' dir='ltr'>tulit,</span> <span class='ocrx_word' id='word_1_157' title='bbox 1176 1413 1403 1488; x_wconf 55' lang='grc' dir='ltr'>8ίῖἐὲξὲξῖἶέἓὸ</span> 
     </span>
     <span class='ocr_line' id='line_1_22' title="bbox 81 1488 1372 1548; baseline 0.002 -23"><span class='ocrx_word' id='word_1_158' title='bbox 81 1488 240 1537; x_wconf 80' lang='lat' dir='ltr'>fortuna</span> <span class='ocrx_word' id='word_1_159' title='bbox 267 1491 333 1527; x_wconf 81' lang='lat' dir='ltr'>Izoc</span> <span class='ocrx_word' id='word_1_160' title='bbox 360 1494 433 1540; x_wconf 77' lang='lat' dir='ltr'>egit</span> <span class='ocrx_word' id='word_1_161' title='bbox 459 1504 552 1535; x_wconf 80' lang='lat' dir='ltr'>mea,</span> <span class='ocrx_word' id='word_1_162' title='bbox 576 1505 679 1529; x_wconf 79' lang='lat' dir='ltr'>nemo</span> <span class='ocrx_word' id='word_1_163' title='bbox 706 1498 859 1529; x_wconf 80' lang='lat' dir='ltr'>vestrum</span> <span class='ocrx_word' id='word_1_164' title='bbox 889 1495 1099 1530; x_wconf 75' lang='lat' dir='ltr'>conditionis</span> <span class='ocrx_word' id='word_1_165' title='bbox 1127 1506 1212 1529; x_wconf 83' lang='lat' dir='ltr'>meae</span> <span class='ocrx_word' id='word_1_166' title='bbox 1223 1502 1372 1548; x_wconf 60' lang='lat' dir='ltr'>Arqeates</span> 
     </span>
     <span class='ocr_line' id='line_1_23' title="bbox 93 1544 1343 1605; baseline 0.003 -16"><span class='ocrx_word' id='word_1_167' title='bbox 93 1553 240 1590; x_wconf 73' lang='lat' dir='ltr'>oblitum</span> <span class='ocrx_word' id='word_1_168' title='bbox 258 1567 314 1591; x_wconf 84' lang='lat' dir='ltr'>me</span> <span class='ocrx_word' id='word_1_169' title='bbox 332 1556 400 1592; x_wconf 78' lang='lat' dir='ltr'>huc</span> <span class='ocrx_word' id='word_1_170' title='bbox 413 1559 621 1604; x_wconf 65' lang='lat' dir='ltr'>processisse</span> <span class='ocrx_word' id='word_1_171' title='bbox 635 1562 741 1604; x_wconf 80' lang='lat' dir='ltr'>putet</span> <span class='ocrx_word' id='word_1_172' title='bbox 757 1573 770 1593; x_wconf 92' lang='lat'><em>:</em></span> <span class='ocrx_word' id='word_1_173' title='bbox 798 1558 860 1593; x_wconf 82' lang='lat' dir='ltr'>sed</span> <span class='ocrx_word' id='word_1_174' title='bbox 877 1569 932 1593; x_wconf 86' lang='lat' dir='ltr'>res</span> <span class='ocrx_word' id='word_1_175' title='bbox 950 1570 994 1593; x_wconf 83' lang='lat' dir='ltr'>ac</span> <span class='ocrx_word' id='word_1_176' title='bbox 1009 1558 1213 1605; x_wconf 77' lang='lat' dir='ltr'>periculum</span> <span class='ocrx_word' id='word_1_177' title='bbox 1224 1544 1343 1573; x_wconf 61' lang='lat' dir='ltr'>inmat·</span> 
     </span>
     <span class='ocr_line' id='line_1_24' title="bbox 93 1622 1215 1670; baseline 0.004 -16"><span class='ocrx_word' id='word_1_178' title='bbox 93 1631 277 1656; x_wconf 81' lang='lat' dir='ltr'>commune</span> <span class='ocrx_word' id='word_1_179' title='bbox 294 1622 402 1668; x_wconf 82' lang='lat' dir='ltr'>cogit,</span> <span class='ocrx_word' id='word_1_180' title='bbox 422 1623 517 1669; x_wconf 80' lang='lat' dir='ltr'>quod</span> <span class='ocrx_word' id='word_1_181' title='bbox 541 1623 687 1670; x_wconf 79' lang='lat' dir='ltr'>quisque</span> <span class='ocrx_word' id='word_1_182' title='bbox 707 1624 821 1670; x_wconf 81' lang='lat' dir='ltr'>possit</span> <span class='ocrx_word' id='word_1_183' title='bbox 840 1624 875 1657; x_wconf 86' lang='lat' dir='ltr'>z&#39;n</span> <span class='ocrx_word' id='word_1_184' title='bbox 895 1635 934 1658; x_wconf 87' lang='lat' dir='ltr'>re</span> <span class='ocrx_word' id='word_1_185' title='bbox 953 1624 1096 1670; x_wconf 83' lang='lat' dir='ltr'>trepida</span> <span class='ocrx_word' id='word_1_186' title='bbox 1116 1635 1215 1670; x_wconf 84' lang='lat' dir='ltr'>prae-</span> 
     </span>
     <span class='ocr_line' id='line_1_25' title="bbox 93 1683 1214 1733; baseline 0.004 -16"><span class='ocrx_word' id='word_1_187' title='bbox 93 1683 190 1725; x_wconf 73' lang='lat' dir='ltr'>sidii,</span> <span class='ocrx_word' id='word_1_188' title='bbox 210 1684 247 1718; x_wconf 80' lang='lat' dir='ltr'>in</span> <span class='ocrx_word' id='word_1_189' title='bbox 271 1685 427 1720; x_wconf 80' lang='lat' dir='ltr'>medium</span> <span class='ocrx_word' id='word_1_190' title='bbox 454 1683 626 1733; x_wconf 79' lang='lat' dir='ltr'>conferre.</span> <span class='ocrx_word' id='word_1_191' title='bbox 683 1686 735 1720; x_wconf 80' lang='lat' dir='ltr'>Et</span> <span class='ocrx_word' id='word_1_192' title='bbox 762 1687 906 1733; x_wconf 81' lang='lat' dir='ltr'>quando</span> <span class='ocrx_word' id='word_1_193' title='bbox 934 1698 998 1733; x_wconf 82' lang='lat' dir='ltr'>ego</span> <span class='ocrx_word' id='word_1_194' title='bbox 1025 1686 1121 1722; x_wconf 74' lang='lat' dir='ltr'>vobis</span> <span class='ocrx_word' id='word_1_195' title='bbox 1145 1697 1214 1733; x_wconf 86' lang='lat' dir='ltr'>pro</span> 
     </span>
     <span class='ocr_line' id='line_1_26' title="bbox 96 1748 1214 1798; baseline 0.004 -16"><span class='ocrx_word' id='word_1_196' title='bbox 96 1748 205 1783; x_wconf 78' lang='lat' dir='ltr'>tantis</span> <span class='ocrx_word' id='word_1_197' title='bbox 231 1750 356 1784; x_wconf 77' lang='lat' dir='ltr'>vestris</span> <span class='ocrx_word' id='word_1_198' title='bbox 382 1750 420 1784; x_wconf 82' lang='lat' dir='ltr'>in</span> <span class='ocrx_word' id='word_1_199' title='bbox 447 1761 503 1784; x_wconf 85' lang='lat' dir='ltr'>me</span> <span class='ocrx_word' id='word_1_200' title='bbox 530 1749 664 1784; x_wconf 78' lang='lat' dir='ltr'>meritis</span> <span class='ocrx_word' id='word_1_201' title='bbox 688 1750 849 1795; x_wconf 81' lang='lat' dir='ltr'>gratiam</span> <span class='ocrx_word' id='word_1_202' title='bbox 873 1748 1042 1798; x_wconf 74' lang='lat' dir='ltr'>referam,</span> <span class='ocrx_word' id='word_1_203' title='bbox 1062 1751 1094 1785; x_wconf 80' lang='lat' dir='ltr'>si</span> <span class='ocrx_word' id='word_1_204' title='bbox 1117 1761 1214 1786; x_wconf 78' lang='lat' dir='ltr'>nunc</span> 
     </span>
     <span class='ocr_line' id='line_1_27' title="bbox 92 1813 1213 1855; baseline 0.002 -8"><span class='ocrx_word' id='word_1_205' title='bbox 92 1822 268 1848; x_wconf 80' lang='lat' dir='ltr'>cessavero</span> <span class='ocrx_word' id='word_1_206' title='bbox 283 1813 305 1848; x_wconf 78' lang='lat'>,9</span> <span class='ocrx_word' id='word_1_207' title='bbox 332 1817 396 1848; x_wconf 74' lang='lat' dir='ltr'>aut</span> <span class='ocrx_word' id='word_1_208' title='bbox 422 1813 482 1848; x_wconf 76' lang='lat' dir='ltr'>ubi</span> <span class='ocrx_word' id='word_1_209' title='bbox 512 1825 592 1848; x_wconf 76' lang='lat' dir='ltr'>usus</span> <span class='ocrx_word' id='word_1_210' title='bbox 619 1814 688 1848; x_wconf 81' lang='lat' dir='ltr'>erit</span> <span class='ocrx_word' id='word_1_211' title='bbox 711 1814 780 1848; x_wconf 76' lang='lat' dir='ltr'>mei</span> <span class='ocrx_word' id='word_1_212' title='bbox 799 1813 906 1855; x_wconf 78' lang='lat' dir='ltr'>vobis,</span> <span class='ocrx_word' id='word_1_213' title='bbox 927 1815 957 1849; x_wconf 78' lang='lat' dir='ltr'>si</span> <span class='ocrx_word' id='word_1_214' title='bbox 976 1815 1012 1849; x_wconf 86' lang='lat' dir='ltr'>z&#39;n</span> <span class='ocrx_word' id='word_1_215' title='bbox 1031 1813 1120 1849; x_wconf 83' lang='lat' dir='ltr'>bello</span> <span class='ocrx_word' id='word_1_216' title='bbox 1142 1825 1213 1849; x_wconf 81' lang='lat' dir='ltr'>non</span> 
     </span>
     <span class='ocr_line' id='line_1_28' title="bbox 81 1874 1209 1925; baseline 0.003 -14"><span class='ocrx_word' id='word_1_217' title='bbox 81 1874 240 1924; x_wconf 73' lang='lat' dir='ltr'>fuerit?</span> <span class='ocrx_word' id='word_1_218' title='bbox 267 1876 352 1913; x_wconf 89' lang='lat' dir='ltr'>Hac</span> <span class='ocrx_word' id='word_1_219' title='bbox 378 1882 457 1913; x_wconf 75' lang='lat' dir='ltr'>arte</span> <span class='ocrx_word' id='word_1_220' title='bbox 484 1879 523 1913; x_wconf 80' lang='lat' dir='ltr'>in</span> <span class='ocrx_word' id='word_1_221' title='bbox 546 1878 674 1925; x_wconf 76' lang='lat' dir='ltr'>patria</span> <span class='ocrx_word' id='word_1_222' title='bbox 699 1878 782 1913; x_wconf 73' lang='lat' dir='ltr'>steti</span> <span class='ocrx_word' id='word_1_223' title='bbox 796 1894 808 1921; x_wconf 83' lang='lat'>,·</span> <span class='ocrx_word' id='word_1_224' title='bbox 846 1883 894 1920; x_wconf 80' lang='lat' dir='ltr'>et,</span> <span class='ocrx_word' id='word_1_225' title='bbox 924 1878 1076 1914; x_wconf 81' lang='lat' dir='ltr'>invictus</span> <span class='ocrx_word' id='word_1_226' title='bbox 1105 1878 1209 1922; x_wconf 82' lang='lat' dir='ltr'>bello,</span> 
     </span>
     <span class='ocr_line' id='line_1_29' title="bbox 94 1940 1208 1989; baseline 0.002 -14"><span class='ocrx_word' id='word_1_227' title='bbox 94 1940 129 1974; x_wconf 78' lang='lat' dir='ltr'>in</span> <span class='ocrx_word' id='word_1_228' title='bbox 152 1952 243 1987; x_wconf 82' lang='lat' dir='ltr'>pace</span> <span class='ocrx_word' id='word_1_229' title='bbox 268 1941 312 1976; x_wconf 84' lang='lat' dir='ltr'>ab</span> <span class='ocrx_word' id='word_1_230' title='bbox 336 1942 488 1988; x_wconf 80' lang='lat' dir='ltr'>ingratis</span> <span class='ocrx_word' id='word_1_231' title='bbox 507 1941 637 1977; x_wconf 76' lang='lat' dir='ltr'>civibus</span> <span class='ocrx_word' id='word_1_232' title='bbox 658 1941 786 1989; x_wconf 83' lang='lat' dir='ltr'>pulsus</span> <span class='ocrx_word' id='word_1_233' title='bbox 802 1953 892 1976; x_wconf 80' lang='lat' dir='ltr'>sum.</span> <span class='ocrx_word' id='word_1_234' title='bbox 954 1940 1057 1977; x_wconf 74' lang='lat' dir='ltr'>Vobis</span> <span class='ocrx_word' id='word_1_235' title='bbox 1074 1947 1208 1985; x_wconf 81' lang='lat' dir='ltr'>autem,</span> 
     </span>
     <span class='ocr_line' id='line_1_30' title="bbox 92 2003 1220 2054; baseline 0.003 -16"><span class='ocrx_word' id='word_1_236' title='bbox 92 2004 280 2048; x_wconf 60' lang='lat' dir='ltr'>Ardeates,</span> <span class='ocrx_word' id='word_1_237' title='bbox 297 2003 457 2054; x_wconf 83' lang='lat' dir='ltr'>fortuna</span> <span class='ocrx_word' id='word_1_238' title='bbox 475 2006 596 2042; x_wconf 82' lang='lat' dir='ltr'>oblata</span> <span class='ocrx_word' id='word_1_239' title='bbox 614 2009 678 2048; x_wconf 80' lang='lat' dir='ltr'>est,</span> <span class='ocrx_word' id='word_1_240' title='bbox 699 2010 736 2041; x_wconf 82' lang='lat' dir='ltr'>et</span> <span class='ocrx_word' id='word_1_241' title='bbox 755 2018 822 2053; x_wconf 86' lang='lat' dir='ltr'>pro</span> <span class='ocrx_word' id='word_1_242' title='bbox 843 2007 953 2041; x_wconf 75' lang='lat' dir='ltr'>tantis</span> <span class='ocrx_word' id='word_1_243' title='bbox 965 2007 1129 2053; x_wconf 78' lang='lat' dir='ltr'>pristinis</span> <span class='ocrx_word' id='word_1_244' title='bbox 1142 2019 1220 2053; x_wconf 70' lang='lat' dir='ltr'>po-‚</span> 
     </span>
     <span class='ocr_line' id='line_1_31' title="bbox 92 2068 1213 2119; baseline 0.004 -17"><span class='ocrx_word' id='word_1_245' title='bbox 92 2068 172 2114; x_wconf 74' lang='lat' dir='ltr'>puli</span> <span class='ocrx_word' id='word_1_246' title='bbox 203 2068 359 2106; x_wconf 79' lang='lat' dir='ltr'>Romani</span> <span class='ocrx_word' id='word_1_247' title='bbox 390 2069 573 2119; x_wconf 78' lang='lat' dir='ltr'>beneficiis,</span> <span class='ocrx_word' id='word_1_248' title='bbox 612 2074 749 2118; x_wconf 77' lang='lat' dir='ltr'>quanta</span> <span class='ocrx_word' id='word_1_249' title='bbox 780 2071 848 2118; x_wconf 75' lang='lat' dir='ltr'>ipsi</span> <span class='ocrx_word' id='word_1_250' title='bbox 875 2071 1098 2112; x_wconf 77' lang='lat' dir='ltr'>meministis,</span> <span class='ocrx_word' id='word_1_251' title='bbox 1130 2071 1213 2117; x_wconf 82' lang='lat' dir='ltr'>(nec</span> 
     </span>
     <span class='ocr_line' id='line_1_32' title="bbox 94 2132 1209 2183; baseline 0.002 -17"><span class='ocrx_word' id='word_1_252' title='bbox 94 2132 188 2167; x_wconf 84' lang='lat' dir='ltr'>enim</span> <span class='ocrx_word' id='word_1_253' title='bbox 205 2133 450 2181; x_wconf 63' lang='lat' dir='ltr'>exprobranda</span> <span class='ocrx_word' id='word_1_254' title='bbox 467 2135 567 2183; x_wconf 76' lang='lat' dir='ltr'>apud</span> <span class='ocrx_word' id='word_1_255' title='bbox 588 2146 758 2170; x_wconf 86' lang='lat' dir='ltr'>memores</span> <span class='ocrx_word' id='word_1_256' title='bbox 781 2134 882 2180; x_wconf 79' lang='lat' dir='ltr'>sunt)</span> <span class='ocrx_word' id='word_1_257' title='bbox 900 2135 1028 2181; x_wconf 81' lang='lat' dir='ltr'>gratz‘ae</span> <span class='ocrx_word' id='word_1_258' title='bbox 1052 2132 1209 2182; x_wconf 65' lang='lat' dir='ltr'>referen-</span> 
     </span>
     <span class='ocr_line' id='line_1_33' title="bbox 94 2194 1211 2246; baseline 0.004 -16"><span class='ocrx_word' id='word_1_259' title='bbox 94 2194 161 2237; x_wconf 71' lang='lat' dir='ltr'>dee,</span> <span class='ocrx_word' id='word_1_260' title='bbox 182 2200 218 2231; x_wconf 80' lang='lat' dir='ltr'>et</span> <span class='ocrx_word' id='word_1_261' title='bbox 242 2196 324 2233; x_wconf 78' lang='lat' dir='ltr'>huic</span> <span class='ocrx_word' id='word_1_262' title='bbox 345 2198 426 2234; x_wconf 72' lang='lat' dir='ltr'>urbi</span> <span class='ocrx_word' id='word_1_263' title='bbox 449 2199 554 2235; x_wconf 79' lang='lat' dir='ltr'>decus</span> <span class='ocrx_word' id='word_1_264' title='bbox 580 2200 704 2246; x_wconf 77' lang='lat' dir='ltr'>ingens</span> <span class='ocrx_word' id='word_1_265' title='bbox 730 2198 811 2234; x_wconf 66' lang='lat' dir='ltr'>belli</span> <span class='ocrx_word' id='word_1_266' title='bbox 838 2210 879 2234; x_wconf 72' lang='lat' dir='ltr'>ex</span> <span class='ocrx_word' id='word_1_267' title='bbox 907 2197 1006 2233; x_wconf 75' lang='lat' dir='ltr'>hoste</span> <span class='ocrx_word' id='word_1_268' title='bbox 1033 2199 1211 2234; x_wconf 72' lang='lat' dir='ltr'>communi</span> 
     </span>
     <span class='ocr_line' id='line_1_34' title="bbox 87 2259 1210 2312; baseline 0.003 -17"><span class='ocrx_word' id='word_1_269' title='bbox 87 2259 268 2307; x_wconf 71' lang='lat' dir='ltr'>pariendi.</span> <span class='ocrx_word' id='word_1_270' title='bbox 327 2260 414 2304; x_wconf 83' lang='lat' dir='ltr'>Quae</span> <span class='ocrx_word' id='word_1_271' title='bbox 439 2263 548 2312; x_wconf 84' lang='lat' dir='ltr'>effuso</span> <span class='ocrx_word' id='word_1_272' title='bbox 571 2263 714 2310; x_wconf 77' lang='lat' dir='ltr'>agmine</span> <span class='ocrx_word' id='word_1_273' title='bbox 739 2262 924 2305; x_wconf 75' lang='lat' dir='ltr'>adventat,</span> <span class='ocrx_word' id='word_1_274' title='bbox 947 2271 1033 2310; x_wconf 83' lang='lat' dir='ltr'>gens</span> <span class='ocrx_word' id='word_1_275' title='bbox 1057 2265 1122 2305; x_wconf 80' lang='lat' dir='ltr'>est,</span> <span class='ocrx_word' id='word_1_276' title='bbox 1152 2263 1210 2298; x_wconf 74' lang='lat' dir='ltr'>cui</span> 
     </span>
    </p>

    <p class='ocr_par' dir='ltr' id='par_1_4' title="bbox 615 2324 682 2362">
     <span class='ocr_line' id='line_1_35' title="bbox 615 2324 682 2362; baseline -0.015 0"><span class='ocrx_word' id='word_1_277' title='bbox 615 2324 640 2362; x_wconf 92' lang='lat' dir='ltr'>S</span> <span class='ocrx_word' id='word_1_278' title='bbox 659 2325 682 2361; x_wconf 86' lang='lat'>5</span> 
     </span>
    </p>
   </div>
  </div>
 </body>
</html>
