1573 2598
387 132 540 162 LIBER
564 132 648 161 111.
680 129 787 161 cAP.
813 130 965 160 anl.
1152 127 1231 172 247

116 227 221 264 diore
237 239 370 270 cornu,
391 227 560 277 inpetum
580 225 672 262 facit
689 240 697 262 ε
729 237 808 261 non
836 224 996 262 aliorum
1024 237 1070 261 eo
1095 224 1233 275 proelio
1248 232 1290 263 U.
1308 232 1344 263 C.
1361 237 1436 265 ³06.

116 291 234 328 virtus
254 291 372 341 magis
393 290 541 327 enituit.
598 287 743 325 Consul
769 288 967 339 providere
987 289 1131 332 omnia,
1152 288 1233 326 lau·
1246 277 1285 307 Α·
1303 276 1340 307 C·
1357 280 1431 308 ⁴⁴¹⁶·

117 355 205 391 dare
234 355 367 398 fortes,
397 355 606 404 increpare,
633 353 754 389 sicubi
784 346 938 402 segnior
965 365 1094 403 pugna
1122 359 1233 390 esset.

118 419 306 468 Castigati
334 418 492 454 fortium
521 418 650 453 statim
669 417 835 453 virorum
862 429 1016 467 operam
1040 417 1230 454 edebant:

117 489 342 531 tantumque
368 482 438 518 hos
464 481 600 532 pudor,
621 486 807 530 quantum
827 480 921 517 alios
941 480 1069 518 laudes
1091 482 1234 518 excita-

118 548 224 584 bant.
279 546 558 594 Redintegrato
585 545 764 588 clamore,
794 545 957 595 undique
983 558 1114 582 omnes
1141 559 1233 582 con-

117 613 189 648 nisi
216 612 366 647 hostem
392 615 581 652 avertunt,
602 622 671 645 nec
692 609 827 646 deinde
847 609 1026 647 Romana
1044 611 1100 646 vis
1120 611 1234 648 susti-

116 676 196 712 neri
226 676 363 726 potuit.
421 673 566 719 Sabini,
588 674 663 711 fusi
691 676 831 725 passim
860 688 928 726 per
956 688 1083 724 agros,
1111 681 1236 712 castra

115 740 218 777 hosti
254 740 301 777 ad
337 740 502 790 praedam
539 739 784 788 relinquunt:
817 739 871 776 ibi
908 752 987 776 non
1026 740 1233 784 sociorum,

117 806 216 841 sicut
243 805 282 841 in
301 804 457 854 Algido,
479 817 552 847 res,
576 805 641 841 sed
667 817 752 841 suas
775 803 990 848 Romanus,
1014 804 1233 855 populatio-

115 869 227 905 nibus
265 881 441 918 agrorum
477 868 647 912 amissas,
678 869 825 919 recipit.
883 868 1046 905 Gemina
1074 869 1236 905 victoria

115 933 262 969 duobus
289 933 465 969 bifariam
493 932 636 983 proeliis
665 939 789 984 parta,
819 932 982 982 maligne
1013 939 1165 970 senatus
1194 933 1234 970 in

116 1011 232 1034 unum
253 998 352 1034 diem
378 998 672 1048 supplicationes
700 997 898 1034 consulum
924 998 1080 1034 nomine
1105 998 1233 1035 decre—

113 1062 180 1099 vit.
236 1062 405 1112 Populus
428 1061 574 1112 injussu
594 1068 632 1098 et
651 1061 770 1098 altero
790 1061 850 1098 die
869 1061 1046 1111 frequens
1072 1062 1118 1098 iit
1143 1075 1234 1112 sup-

114 1125 313 1176 plicatum:
348 1132 385 1162 et
403 1126 484 1162 haec
500 1138 596 1175 vaga
614 1125 884 1176 popularisque
903 1125 1132 1177 supplicatio
1153 1132 1233 1162 stu—

115 1190 185 1226 diis
212 1203 334 1240 prope
357 1190 582 1226 celebratior
601 1190 686 1226 fuit.
745 1189 931 1226 Consules
951 1203 996 1226 ex
1015 1192 1232 1240 composito

115 1255 250 1291 eodem
283 1254 400 1291 biduo
433 1255 479 1291 ad
514 1255 646 1291 urbem
674 1267 880 1299 accessere,
911 1260 1161 1304 senatumque
1193 1255 1233 1292 in

113 1318 301 1355 BIartium
331 1312 505 1370 campum
535 1332 765 1356 evocavere:
805 1319 871 1356 ubi
901 1332 1017 1369 quum
1046 1319 1090 1355 de
1119 1319 1231 1356 rebus

113 1383 161 1419 ab
185 1396 224 1420 se
250 1385 366 1433 gestis
385 1390 556 1434 agerent,
577 1385 702 1434 questi
724 1385 908 1436 primores
928 1384 1099 1428 Patrum,
1122 1397 1231 1421 sena-

112 1453 195 1483 tum
224 1448 324 1485 inter
351 1448 489 1484 milites
520 1448 648 1484 dedita
677 1461 793 1499 opera
820 1449 975 1484 terroris
1002 1461 1135 1485 caussa
1161 1449 1231 1485 ha-

114 1511 221 1547 beri:
262 1512 390 1561 itaque
419 1512 506 1548 iude
536 1511 725 1555 consules,
756 1524 804 1548 ne
833 1513 1092 1548 criminationi
1125 1512 1257 1566 loeus!

113 1581 225 1617 esset,
256 1576 295 1611 in
324 1582 433 1626 prata
461 1576 663 1620 Flaminia,
695 1575 760 1612 ubi
788 1588 889 1612 nunc
920 1576 1017 1612 aedes
1039 1576 1230 1626 Apollinis

113 1646 183 1683 est,
217 1638 312 1690 (jam
340 1647 423 1676 tum
441 1640 703 1690 Apollinarem
733 1640 993 1692 adpellabant)
1026 1653 1232 1678 avocavere

112 1710 298 1741 senatum.
357 1704 435 1741 Ubi
454 1717 570 1754 quum
596 1705 743 1753 ingenti
771 1718 960 1742 consensu
978 1706 1136 1742 Patrum
1164 1719 1231 1741 ne-

111 1774 265 1815 garetur
293 1768 522 1818 triumphus,
552 1768 599 1804 L.
630 1768 759 1804 Icilius
789 1769 963 1805 tribunus
994 1769 1113 1819 plebis
1144 1770 1231 1806 tulit
1245 1766 1386 1817 Comen-

108 1832 158 1868 ad
187 1832 370 1882 populum
400 1833 444 1869 de
472 1833 667 1883 triumpho
694 1833 907 1876 consulum,
928 1833 1056 1871 multis
1085 1835 1229 1871 dissua-
1243 1812 1409 1894 ξξῖἓῐῗρῗῑῗ)

109 1909 194 1932 sum
223 1897 512 1946 prodeuntibus,
540 1898 704 1934 maxime
732 1899 775 1934 C.
798 1898 958 1935 Claudio
982 1898 1228 1942 vociferante,
1243 1907 1325 1929 cOSS-

109 1961 171 1997 De
191 1962 372 2006 Patribus,
393 1975 464 1998 non
485 1965 527 2000 de
545 1963 711 2007 hostibus,
732 1964 888 2000 consules
917 1963 1140 2012 triumphare
1158 1966 1230 2001 vel-

109 2025 142 2060 le
157 2043 167 2068 ,-
195 2028 425 2076 gratiamque
448 2040 517 2076 pro
542 2030 686 2076 privato
716 2031 842 2065 merito
870 2031 908 2065 in
937 2029 1131 2071 tribunum,
1160 2042 1232 2066 non

104 2103 173 2138 pro
195 2093 327 2129 virtute
351 2093 531 2136 honorem,
559 2096 664 2142 peti:
693 2107 887 2143 numquam
917 2100 1002 2130 ante
1030 2095 1073 2130 de
1103 2096 1230 2131 trium-

105 2153 179 2203 pho
203 2167 271 2203 per
292 2158 466 2205 populum
485 2162 620 2201 actum,
640 2170 777 2206 semper
796 2160 1065 2195 (estimationem
1084 2158 1230 2195 arbitri-

108 2219 328 2267 umque-ejus
346 2221 486 2258 honoris
501 2235 609 2271 penes
626 2228 788 2259 senatum
803 2222 922 2272 fuisse
935 2239 947 2259 .·
975 2235 1018 2258 ne
1035 2234 1133 2271 reges
1153 2225 1231 2272 qui·

110 2284 188 2320 dem
210 2282 428 2331 majestatem
445 2288 575 2322 summi
592 2287 728 2323 ordinis
745 2287 951 2324 inminuisse
966 2302 979 2323 .·
1007 2298 1051 2323 ne
1078 2288 1130 2322 ita
1155 2299 1229 2324 om·

620 2349 710 2388 M4
