1573 2598
294 133 378 179 234
599 137 602 140 ·
646 136 651 140 ’
745 134 949 179 annun
1100 137 1117 161 x*

78 228 122 260 U}
139 228 175 260 C.
192 234 267 260 30⁵.
293 223 404 260 nibus
434 228 622 272 ageretur,
645 222 900 271 quaerentibus
927 221 1076 271 legatiS,
1103 234 1185 271 quae
1212 223 1405 273 postulata

78 273 118 304 ¹³³
133 272 171 303 C·
189 278 266 307 ⁴⁴⁷·
292 287 412 338 plebis
438 292 578 329 essent,
605 286 818 336 composito
840 285 924 336 jam
950 291 1041 321 ante
1069 285 1273 323 adventum
1300 286 1404 336 lega-

291 358 418 388 torum
438 349 612 394 consilio,
632 362 676 386 ea
694 349 914 401 postulavit,
937 355 977 385 ut
997 349 1207 399 adpareret,
1229 351 1268 387 in
1288 352 1404 400 aeqni-

292 422 372 452 tate
394 427 518 451 rerum
542 413 639 465 plus,
660 427 772 464 quam
797 415 836 451 in
863 414 990 457 armis,
1021 415 1152 463 reponi
1183 415 1274 465 spei.
1329 414 1406 452 Po-

292 484 472 515 testatem
500 478 601 514 enim
636 476 893 520 tribuniciam,
930 477 1319 527 provocationemque
1347 490 1406 515 re-

294 543 490 593 petebant,
511 555 593 592 quae
613 548 702 578 ante
728 542 957 579 decemviros
981 547 1128 578 creatos
1157 542 1298 578 auxilia
1325 542 1406 593 ple-

295 606 353 644 bis
378 606 543 650 fuerant,
565 613 602 643 et
627 619 675 643 ne
701 607 762 643 cui
785 606 909 643 fraudi
937 612 1050 650 esset,
1071 607 1243 643 concisse
1270 606 1409 644 milites

295 677 363 707 aut
384 669 533 721 plebem
552 670 600 706 ad
627 670 871 720 repetendam
895 682 962 720 per
981 670 1232 706 secessionem
1254 669 1411 707 liberta-

294 739 385 772 tem.
440 733 502 770 De
525 734 820 771 decemvirorum
846 733 960 770 modo
986 732 1172 784 supplicio
1202 740 1311 770 atrox
1339 747 1410 784 po-

296 800 478 837 stulatum
500 800 585 836 fuit.
643 799 741 836 Dedi
765 800 904 849 quippe
930 811 994 835 eos
1019 812 1166 848 aequum
1189 799 1410 844 censebant,

294 865 476 914 vivosque
512 864 594 913 igni
623 870 930 900 concrematuros
963 864 1218 901 minabantur.
1272 864 1414 914 Legati
1548 858 1556 899 12

295 929 343 965 ad
371 941 439 965 ea:
474 929 561 970 Quae
588 929 724 965 consilii
750 928 919 977 fuerunt,
949 930 1038 964 adeo
1065 940 1167 976 cequa
1190 928 1414 977 postulastis,

294 997 336 1029 ut
354 993 449 1028 ultro
467 992 560 1029 vobis
579 992 769 1041 deferenda
778 991 923 1040 suerint
936 1008 948 1028 .·
977 992 1133 1028 libertati
1151 993 1244 1028 enim
1261 1004 1307 1028 ea
1317 1004 1414 1041 prae·

294 1057 387 1092 sidia
409 1058 547 1105 petitis,
570 1069 640 1092 non
666 1056 815 1092 licentiae
839 1057 888 1092 ad
914 1056 1160 1104 inpugnandos
1185 1056 1286 1093 alios.
1318 1103 1321 1105 -
1343 1057 1416 1094 Irae

293 1127 416 1158 vestrce
450 1123 565 1169 magis
600 1123 864 1170 ignoscendum,
902 1133 1010 1170 quam
1045 1121 1303 1169 indulgendum
1335 1125 1388 1158 est
1401 1135 1415 1158 .·

294 1188 426 1236 quippe
454 1188 515 1235 qui
543 1186 766 1222 crudelitatis
793 1187 874 1222 odio
902 1187 938 1222 in
967 1187 1215 1222 crudelitatem
1237 1187 1356 1228 ruitis,
1379 1190 1414 1222 et

289 1251 394 1299 prius
412 1261 515 1298 pene,
535 1262 643 1298 quam
664 1251 734 1297 ipsi
755 1250 856 1286 liberi
878 1250 970 1292 sitis,
991 1250 1169 1286 dominari
1182 1248 1266 1296 jam
1289 1250 1327 1284 iu
1347 1249 1416 1285 ad·-

294 1315 466 1351 versarios
495 1314 615 1350 vultis·
673 1314 925 1362 Numquamne
957 1316 1108 1362 quiescet
1137 1315 1262 1350 civitas
1295 1317 1418 1349 nostra
1556 1308 1563 1355 3

296 1390 320 1414 a
353 1377 550 1426 supplicii&
580 1381 644 1412 aut
674 1377 830 1413 Patrum
864 1378 902 1413 in
934 1378 1073 1426 plebem
1101 1376 1317 1420 Romanam,
1350 1381 1417 1413 aut
1560 1381 1563 1418 ζ

292 1441 406 1490 plebis
439 1443 478 1478 in
506 1442 669 1477 Patres.9
697 1441 808 1477 Scuto
842 1442 938 1478 vobis
971 1443 1099 1490 magis,
1133 1453 1242 1489 quam
1273 1441 1411 1488 gladio,
1552 1440 1563 1478 35

297 1518 385 1554 opus
402 1511 464 1542 est.
521 1506 620 1542 Satis
643 1519 817 1555 superque
835 1507 979 1543 humilis
997 1512 1061 1550 est,
1082 1508 1144 1556 qui
1159 1505 1245 1553 jure
1262 1517 1360 1554 aequo
1378 1507 1416 1542 in
1558 1501 1564 1558 ἱ,

297 1571 444 1606 civitate
477 1571 576 1612 vivit,
610 1582 672 1605 nec
704 1569 886 1618 inferendo
920 1569 1102 1617 injuriam,
1134 1582 1198 1606 nec
1229 1571 1415 1618 patiendo.
1559 1576 1565 1628 ξ

300 1633 439 1675 Etiam,
457 1634 488 1669 si
507 1634 647 1681 quando
665 1635 868 1669 metuendos
892 1646 952 1670 vos
973 1634 1160 1683 praebituri
1178 1635 1271 1676 estis,
1293 1645 1414 1682 quum,
1554 1629 1565 1683 ᾖ

297 1698 515 1744 recuperatis
532 1696 797 1744 magistratibus
815 1697 1014 1746 legibusque
1031 1700 1166 1740 vestris,
1185 1696 1329 1744 judicia
1350 1707 1417 1745 pe·
1554 1690 1566 1743 ’ἦ

297 1773 357 1797 nes
383 1773 443 1797 vos
470 1766 572 1797 erunt
600 1763 643 1797 de
671 1763 788 1808 capite
816 1767 935 1797 nostro
960 1762 1215 1811 fortunisque‚·
1250 1766 1345 1803 tunc,
1375 1765 1418 1796 ut
1562 1747 1565 1754 Δ

297 1836 443 1873 quaeque
471 1837 593 1861 caussa
628 1827 708 1868 erit,
738 1827 925 1862 statuetis:
960 1838 1054 1862 nunc
1083 1825 1279 1862 libertatem
1305 1825 1417 1872 repeti

296 1890 384 1925 satis
402 1893 463 1924 est.

357 1951 458 1987 LIV.
488 1949 687 1994 Facerent,
713 1957 755 1987 ut
779 1950 932 1993 vellent,
962 1949 1269 2001 permittentibus
1299 1962 1414 1987 cune-

299 2015 364 2058 tis,
397 2027 487 2051 mox
517 2014 701 2050 redituro>
737 2027 776 2050 se
809 2015 923 2064 legati
955 2015 1066 2051 rebus
1097 2014 1272 2065 perfectis
1303 2013 1415 2050 adfir-

300 2086 418 2116 mant.
493 2078 657 2115 Profecti
698 2091 813 2127 quum
857 2078 1035 2115 mandata
1078 2078 1198 2129 plebis
1236 2078 1413 2114 Patfibus

300 2144 577 2193 exposuissent,
608 2143 671 2179 aiii
701 2143 915 2186 decemviri,
947 2143 1249 2192 quandoquidem
1278 2149 1414 2193 praeter

300 2218 403 2256 spem
425 2208 590 2256 ipsorum
613 2206 785 2258 supplicii
806 2208 863 2243 sui
879 2206 989 2243 nulla
1009 2208 1152 2243 mentio
1173 2206 1292 2249 fieret,
1313 2204 1414 2241 haud

300 2270 503 2319 quidquam
529 2270 706 2308 abnuere.
761 2271 924 2322 Appius,
944 2271 1042 2307 truci
1071 2271 1226 2320 ingenio
1252 2275 1290 2306 et
1318 2269 1418 2306 invi·-
