1573 2598
352 185 441 238 366
827 200 872 228 τ.
898 200 1037 231 mvn

170 278 212 310 U·
225 279 260 311 C·
277 283 566 322 ³⁵⁹-M0mento
583 286 764 337 temporis
783 287 940 338 dejectis
966 302 1013 326 ex
1038 301 1148 341 muro
1166 274 1330 340 undique
1349 291 1472 328 arma4

166 323 207 355 Δ.
224 323 260 354 C.
277 330 350 358 39³.

174 2153 227 2184 Dii
240 2153 325 2184 Veiis

173 2197 282 2229 ablati.

361 349 426 394 tis,
457 349 730 401 patefactisque
761 354 896 402 portis,
927 367 1042 403 quum
1072 353 1143 391 alii.
1165 355 1316 403 agmine
1343 355 1472 392 inrue-

360 419 460 457 rent,
490 413 554 451 alii
581 414 748 452 desertos
775 418 1000 453 scanderent
1019 430 1162 461 muros,
1186 417 1274 454 urbs
1297 417 1471 455 hostibus

359 476 540 526 inpletur,
571 478 747 516 omnibus
776 479 869 516 locis
899 487 1103 531 pugnatur.
1159 480 1323 525 Deinde,
1353 481 1474 527 multa

351 538 436 590 jam
465 541 567 578 edita
596 542 710 586 caede,
742 545 905 580 senescit
933 557 1083 594 pugna:
1104 550 1160 593 ⁴et
1186 544 1351 580 dictator
1375 556 1472 594 prae-

359 617 474 642 cones
504 605 651 643 edicere
675 606 803 657 jubet,
833 614 875 644 ut
906 608 953 644 ab
985 608 1120 644 inermi
1150 608 1408 644 abstineatur:
1440 608 1471 644 is

358 668 443 705 finis
473 670 667 719 sanguinis
695 671 781 708 fuit.
836 671 937 708 Dedi
964 672 1052 708 inde
1077 672 1238 707 inermes
1262 671 1403 721 coepti:
1434 664 1473 707 et

358 732 404 768 ad
428 733 592 783 praedam
613 733 719 770 miles
746 735 931 784 permissu
958 735 1154 771 dictatoris
1175 735 1364 777 discurrit,
1389 747 1472 784 quae

357 809 472 846 quum
501 804 590 834 ante
619 798 750 834 oculos
777 797 857 848 ejus
888 799 1125 848 aliquantum
1149 811 1215 848 spe
1243 804 1357 847 atque
1386 798 1471 848 opi-

355 861 471 898 nione
500 860 635 911 major,
666 861 895 912 majorisque
920 863 1032 913 pretii
1060 849 1186 899 reruni
1214 862 1388 905 ferretur,
1414 862 1470 898 di-

355 924 454 960 citur
479 937 611 960 manus
642 925 688 961 ad
714 925 852 961 coelum
870 926 1009 962 tollens
1039 933 1212 976 precatus
1230 938 1332 962 esse:
1366 931 1419 969 ut,
1440 927 1472 962 si

355 989 412 1024 cui
431 989 595 1024 Deorum
615 988 866 1036 hominumque
884 991 997 1025 nimia
1014 1002 1079 1025 sua
1096 989 1255 1038 fortuna
1275 990 1472 1037 populique

354 1052 510 1089 Romani
538 1054 733 1095 videretur,
763 1057 804 1088 ut
833 1065 909 1089 eam
938 1055 1109 1089 invidiam
1130 1054 1250 1096 lenire,
1271 1065 1378 1101 quam
1400 1054 1470 1089 mi-

353 1118 450 1153 nimo
477 1129 540 1153 suo
564 1118 709 1165 privato
735 1119 955 1154 incommodo
979 1119 1204 1167 publicoque,
1231 1119 1366 1166 populo
1393 1117 1469 1153 Ro-

351 1193 460 1216 mano
489 1182 618 1216 liceret.
676 1180 973 1217 Convertentem
999 1194 1038 1217 se
1067 1183 1166 1218 inter
1187 1182 1286 1217 hauc
1312 1193 1468 1217 venera-

354 1244 512 1287 tionem,
534 1245 696 1280 traditur
714 1246 921 1288 memoriae,
944 1246 1161 1296 prolapsum
1183 1245 1379 1282 cecidisse:
1409 1245 1466 1281 id-

354 1321 426 1357 que
445 1321 558 1344 omen
577 1310 802 1358 pertinuisse
828 1319 961 1359 postea
984 1317 1121 1346 eventu
1146 1323 1224 1346 rem
1245 1309 1466 1359 conjectan-

352 1372 455 1408 tibus
482 1373 600 1409 visum
625 1374 670 1409 ad
694 1373 978 1410 damnationem
1008 1376 1123 1424 ipsius
1152 1374 1317 1417 Camilli,
1345 1379 1465 1424 captae

353 1436 487 1472 deinde
507 1437 609 1473 urbis
628 1437 829 1481 Romanae,
850 1439 951 1486 quod
971 1445 1059 1487 post
1078 1450 1218 1487 paucos
1239 1437 1377 1473 accidit
1396 1450 1465 1474 an-

350 1511 435 1543 nos,
466 1500 621 1537 cladem.
678 1502 805 1550 Atque
834 1502 896 1537 ille
925 1502 1002 1537 dies
1030 1502 1130 1538 caede
1157 1502 1325 1538 hostium
1344 1514 1388 1538 ac
1407 1501 1464 1537 di-

350 1564 523 1614 reptione
543 1564 644 1599 urbis
665 1564 961 1613 opulentissimae
981 1572 1038 1601 est
1057 1573 1290 1601 consumtus.

404 1627 542 1664 XXII.
572 1629 732 1664 Postero
761 1629 821 1664 ‹lie
851 1628 969 1664 libera
998 1642 1158 1678 corpora
1192 1629 1355 1664 dictator
1392 1626 1462 1663 sub

349 1705 492 1729 corona
512 1693 700 1729 vendidit:
733 1706 777 1728 ea
803 1693 883 1729 sola
909 1693 1068 1743 pecunia
1096 1694 1133 1728 in
1154 1691 1347 1742 publicum
1367 1691 1462 1727 redi-

351 1757 466 1805 gitur,
488 1757 587 1793 haud
607 1757 686 1792 sine
716 1757 769 1792 ira
796 1756 914 1806 plebis
935 1771 942 1791 :
976 1763 1014 1792 et
1033 1756 1135 1804 quod
1155 1754 1315 1790 retulere
1334 1766 1463 1790 secum

351 1822 500 1871 praedae,
522 1834 590 1857 nec
610 1821 709 1864 duci,
732 1822 795 1870 qui
824 1821 869 1856 ad
897 1828 1084 1863 senatum,
1106 1819 1353 1868 malignitatis
1373 1830 1462 1854 auc-

351 1891 452 1920 tores
473 1885 689 1933 quaerendo,
710 1898 787 1921 rem
815 1885 961 1920 arbitrii
988 1884 1043 1919 sui
1068 1884 1283 1933 rejecisset,
1314 1893 1384 1917 nec
1404 1892 1461 1916 se-

348 1949 469 1990 natui,
493 1948 556 1983 sed
575 1948 734 1984 Liciuiae
756 1947 924 1990 familia,
946 1960 992 1983 ex
1012 1959 1086 1996 qua
1106 1945 1201 1982 filius
1222 1944 1268 1980 ad
1287 1951 1460 1980 senatum

347 2013 550 2054 renuisset,
582 2019 689 2061 pater
714 2019 792 2048 tam
812 2011 1004 2061 popularis
1030 2010 1226 2047 sententiae
1252 2014 1384 2045 auctor
1400 2007 1459 2043 fu-

348 2077 451 2117 isset,
490 2083 687 2125 acceptum
725 2076 950 2112 referebant.
1007 2076 1134 2114 Quum
1163 2073 1247 2123 jam
1283 2073 1459 2108 humanae

349 2153 438 2189 opes
459 2150 596 2188 egestae
617 2153 639 2175 a
658 2140 761 2175 Veiis
783 2151 921 2178 essent.
943 2139 1091 2175 amoliri
1112 2145 1192 2173 tum
1212 2136 1338 2173 Deum
1358 2136 1460 2171 dona

349 2207 524 2255 ipsosque
550 2203 669 2247 Deos,
696 2203 759 2239 sed
787 2202 993 2239 colentium
1021 2202 1155 2250 magis,
1176 2212 1289 2250 quam
1309 2199 1458 2250 rapien-

347 2270 457 2312 tium,
488 2269 616 2311 modo,
646 2280 818 2318 coepere;
851 2279 1012 2316 namque
1038 2265 1174 2302 delecti
1203 2277 1249 2300 ex
1268 2263 1373 2299 omni
1392 2275 1458 2300 ex-

347 2335 464 2370 ercitu
486 2332 663 2384 juvenes,
692 2344 785 2383 pure
809 2331 921 2368 lautis
947 2329 1186 2382 corporibus,
1207 2327 1366 2365 candida
1391 2338 1454 2364 ve-
