1573 2598
110 1121 153 1150 U.
169 1119 207 1149 C.
224 1121 299 1150 246.

112 1164 150 1195 Α.
167 1162 203 1194 C.
222 1163 295 1194 506.

110 1768 248 1800 Porsena

111 1811 235 1842 bellum
253 1811 302 1841 in-

113 1856 173 1886 fert
187 1854 221 1886 P.
239 1855 302 1886 Ro-

114 1908 214 1930 mano
219 1918 228 1927 ι

309 165 364 218 98
737 181 782 210 Τ.
807 182 939 211 mvn

321 266 510 303 cationem
529 273 608 303 tam
629 265 750 303 incliti
773 268 905 319 templi
925 268 1092 305 Horatio
1118 268 1221 306 dari:
1253 269 1292 306 id
1309 269 1434 307 omni-

320 329 390 366 bus
427 330 548 367 modis
586 330 755 380 inpedire
784 333 926 376 conati,
964 339 1166 382 postquam
1195 333 1269 370 alia
1296 333 1435 370 frustra

321 402 469 433 tentata
498 401 619 439 erant,
654 403 802 446 postem
828 397 911 448 jam
939 400 1085 435 tenenti
1114 399 1259 435 consuli
1291 399 1437 436 foedum

321 462 423 497 inter
450 461 708 510 precationem
730 461 858 498 Deum
886 465 1067 500 nuncium
1096 464 1310 509 incutiunt3
1343 476 1437 500 mor-

322 530 423 561 tuum
441 524 514 572 ejus
528 526 654 574 filium
671 538 753 569 esse,
772 526 990 577 funestaque
1006 528 1161 577 familia
1180 530 1344 565 dedicare
1360 539 1441 564 eum

323 590 492 638 templum
509 602 579 626 non
595 602 704 637 posse.
761 591 854 628 Non
879 593 1079 629 crediderit
1097 593 1254 637 factum,
1276 605 1322 629 an
1352 598 1439 628 tan-

321 659 403 689 tum
429 654 558 690 animo
585 653 734 691 roboris
759 655 888 699 fuerit,
914 669 984 692 nec
1009 657 1171 693 traditur
1190 663 1348 699 certum,
1368 668 1439 692 nec

321 718 586 768 interpretatio
610 726 667 755 est
692 719 826 757 facilis.
882 721 992 757 Nihil
1020 721 1122 758 aliud
1151 721 1197 758 ad
1226 733 1313 757 eum
1341 733 1438 757 nun-

321 783 423 819 cium
449 795 474 819 a
501 785 701 834 proposito
729 797 894 828 aversus,
919 798 1030 834 quam
1060 792 1102 822 ut
1131 786 1289 822 cadaver
1318 784 1440 821 efferri

314 845 484 896 juberet,
503 852 638 884 tenens
658 854 821 899 postem,
842 850 1100 900 precationem
1123 850 1284 900 peragit,
1309 855 1347 885 et
1375 849 1439 885 de-

322 911 424 947 dicat
451 911 648 962 templum.
705 913 802 950 Haec
827 920 915 964 post
934 921 1088 951 exactos
1111 927 1217 963 reges
1244 914 1347 950 domi
1369 913 1440 949 mi-

323 975 490 1025 litiaeque
519 984 626 1025 gesta
654 979 779 1028 primo
810 992 924 1015 anno.
981 979 1076 1016 Inde
1102 980 1145 1016 P.
1167 978 1341 1015 Valerius
1370 979 1441 1014 ite-

322 1051 421 1084 rum,
441 1040 488 1077 T.
507 1040 708 1078 Lucretius
728 1042 902 1079 consules
921 1042 1026 1080 facti.

377 1103 452 1142 IX.
481 1104 570 1142 Jam
594 1104 793 1156 Tarquinii
824 1107 871 1144 ad
896 1107 1054 1145 Lartem
1072 1107 1296 1151 Porsenam,
1318 1105 1443 1142 Clusi·
1466 1097 1470 1101 ⁴

323 1180 416 1205 num
443 1181 586 1218 regem,
615 1170 884 1221 perfugerant:
922 1171 990 1216 ibi,
1020 1171 1214 1209 miscendo
1243 1169 1443 1208 consilium

323 1244 542 1284 precesque,
566 1246 668 1270 nunc
691 1234 866 1279 orabant,
887 1248 930 1272 ne
946 1248 996 1279 se,
1022 1237 1187 1273 oriundos
1207 1249 1249 1271 ex
1267 1236 1442 1276 Etruscis,

322 1293 478 1342 ejusdem
499 1298 682 1346 sanguinis
707 1300 938 1348 nominisque,
959 1304 1095 1348 egentes
1121 1300 1281 1335 exsulare
1300 1302 1444 1346 patere·

324 1368 408 1401 tur.-
435 1375 538 1400 nunc
565 1363 776 1401 monebant
803 1365 932 1408 etiam,
955 1377 999 1402 ne
1020 1367 1188 1401 orientem
1214 1375 1346 1399 morem
1364 1362 1444 1411 pel-

325 1430 422 1467 lendi
451 1443 549 1480 reges
584 1431 738 1468 inultam
767 1432 907 1468 sineret.
964 1431 1063 1468 Satis
1099 1431 1297 1467 libertatem
1331 1431 1447 1479 ipsam

324 1493 451 1530 habere
469 1494 675 1530 dulcedinis.
731 1494 826 1537 Nwi,
847 1499 982 1543 quanta
1002 1496 1038 1531 vi
1056 1496 1215 1531 civitates
1238 1506 1317 1530 eam
1341 1504 1445 1541 expe-

325 1562 418 1602 tant,
446 1563 549 1594 tanta
575 1570 686 1607 regna
712 1571 808 1607 reges
836 1559 1042 1608 defendant,
1069 1562 1204 1609 aequari
1223 1572 1361 1596 summa
1390 1561 1445 1595 in·

312 1623 416 1672 fi‘mis
431 1637 443 1658 .·
476 1621 568 1658 nihil
603 1623 789 1666 excelsum,
817 1623 921 1666 nihil,
953 1624 1046 1672 quod
1078 1636 1188 1672 supra
1216 1628 1332 1660 cetera
1359 1624 1444 1659 emi-

326 1692 423 1731 neat,
445 1689 483 1724 in
510 1688 709 1724 civitatibus
725 1687 825 1736 sore.
882 1689 1013 1724 Adesse
1027 1689 1143 1738 finem
1165 1689 1294 1736 regnis,
1314 1689 1367 1724 rei
1390 1688 1446 1723 in·

328 1754 381 1787 ter
399 1751 500 1787 Deos
517 1750 740 1802 hominesque
753 1750 1012 1799 pulcherrimae.
1067 1750 1250 1793 Porsena,
1277 1755 1359 1785 tum
1387 1762 1447 1786 re·

326 1824 413 1868 gem
441 1824 522 1850 esse
549 1812 701 1861 Romae,
729 1818 813 1849 tum
839 1813 1012 1850 Etruscae
1045 1813 1167 1862 gentis
1197 1824 1337 1862 regem,
1367 1824 1448 1848 am·

327 1878 433 1931 plum
460 1879 595 1916 Tuscis
624 1885 743 1922 ratus,
772 1878 939 1915 Romam
967 1877 1107 1915 infesto
1136 1877 1303 1914 exercitu
1332 1877 1447 1914 venit.

328 1945 422 1983 Non
441 1957 619 1995 umquam
642 1944 734 1981 alias
764 1950 853 1981 ante
882 1950 1011 1981 tantus
1036 1930 1171 1980 terro-r·
1187 1948 1359 1978 senatum
1389 1942 1448 1978 in-

328 2012 438 2050 vasit.
494 2011 604 2047 Adeo
623 2008 747 2046 valida
771 2021 828 2045 res
852 2014 934 2044 tum
954 2007 1110 2043 Clusina
1133 2013 1226 2049 erat,
1248 2018 1447 2056 magnum-

329 2090 403 2127 que
430 2076 608 2114 Porsenae
637 2087 803 2111 nomen:
841 2060 912 2111 nec
941 2073 1070 2110 hostes
1103 2073 1218 2109 modo
1246 2071 1448 2116 timebant,

330 2140 396 2181 sed
431 2148 599 2180 suosmet
634 2141 707 2192 ipsi
744 2141 857 2184 cives,
890 2152 938 2176 ne
974 2139 1152 2176 Romana
1187 2137 1309 2189 plebs,
1347 2144 1474 2189 metu!

329 2204 515 2258 perculsa,
541 2203 702 2254 receptis
726 2202 764 2240 in
794 2202 925 2239 urbem
950 2201 1116 2252 regibus,
1136 2200 1195 2238 vel
1220 2213 1307 2237 cum
1334 2200 1449 2236 servi-

331 2277 413 2310 tute
449 2283 580 2322 pacem
618 2269 817 2320 acciperet.
873 2266 1001 2304 Multa
1038 2267 1153 2317 igitur
1187 2264 1450 2302 blandimenta

331 2337 433 2391 plebi
458 2349 524 2390 per
543 2335 582 2374 id
606 2341 755 2388 tempus
776 2332 824 2371 ab
843 2338 978 2371 senatu
995 2332 1109 2370 data:
1142 2342 1303 2369 annone
1331 2330 1449 2382 inpri-
