1573 2598
374 193 529 222 LIBER
551 192 599 223 V.
631 193 739 222 CAP.
762 194 883 222 31111.
1102 192 1191 240 355

73 286 196 317 tantos
214 280 356 317 tribuni
376 281 511 331 plebis,
533 282 632 330 quod
651 282 815 317 maxime
834 282 1105 332 rempublicam
1128 285 1187 319 in-

72 345 262 395 pediebat,
283 345 329 381 de
347 346 494 382 tributo
513 346 759 381 remiserunt:
793 347 986 383 conlatum
1008 347 1189 384 obedien·

73 415 143 452 ter,
165 410 396 458 missumque
415 410 464 447 ad
482 411 689 446 exercitum
708 416 776 447 est.

126 473 244 510 XIII.
274 474 410 510 Anxur
437 475 476 510 in
499 474 647 510 Volscis
666 474 771 510 brevi
791 481 983 525 receptum
1003 480 1074 518 est,
1092 487 1188 524 neg-

73 536 179 573 lectis
223 538 283 574 die
326 538 427 574 festo
462 539 640 574 custodiis
677 538 796 575 urbis.
863 538 1031 587 Insignis
1067 549 1198 576 annus

73 600 197 639 hieme
216 601 346 650 gelida
358 615 402 638 ac
421 603 554 638 nivosa
572 602 658 645 fuit,
681 603 775 639 adeo
796 609 838 638 nt
856 604 925 639 viae
949 603 1098 646 clausae,
1121 603 1191 639 Ti-

72 665 172 702 beris
202 666 468 715 innavigabilis
493 667 631 703 fuerit:
664 680 817 704 annona
840 681 886 704 ex
915 673 1191 704 anteconvecta

73 730 184 779 copia
199 730 295 766 nihil
314 732 487 767 mutavit.
527 731 581 767 Et
599 732 688 780 quia
706 731 748 768 P.
769 731 955 773 Licinius,
976 738 1018 767 ut
1038 737 1195 781 ceperat

71 792 175 829 haud
193 793 426 830 tumultuose
441 796 721 843 magistratum,
738 794 882 844 majore
897 795 1036 843 gaudio
1051 794 1188 845 plebis,

72 869 187 906 quam
214 857 478 906 indignatione
506 858 678 902 Patrum,
706 859 760 895 ita
789 859 903 895 etiam
932 859 1072 907 gessit3
1106 858 1188 894 dul-

74 921 167 957 cedo
189 921 327 958 invasit
352 923 535 972 proximis
563 924 728 959 comitiis
755 923 996 959 tribunorum
1025 922 1190 959 militum

71 984 242 1036 plebeios
279 987 443 1023 creandi.
501 987 610 1023 Unus
647 986 704 1023 M.
730 987 909 1023 Veturius
940 999 986 1024 ex
1018 988 1186 1037 patriciis
1201 996 1244 1026 U.
1262 994 1391 1027 0356.

73 1048 282 1085 candidatis
320 1049 446 1085 locum
482 1051 629 1086 tenuit:
675 1050 844 1100 plebeios
882 1050 978 1087 alios
1013 1050 1188 1087 tribunos
1199 1040 1240 1070 A·
1255 1039 1292 1070 C·
1309 1043 1386 1072 ³9⁶¹

71 1110 236 1146 militum
274 1111 465 1147 consulari
501 1118 692 1161 potestate
729 1126 860 1148 omnes
896 1113 975 1148 fere
1009 1115 1190 1150 centuriae

70 1173 212 1215 dixere,
255 1174 313 1211 M.
342 1175 614 1224 Pomponium,
661 1176 703 1212 C.
732 1176 921 1220 Duilium,
956 1176 1198 1213 Voleronem

68 1234 290 1280 Publilium,
331 1238 401 1274 Cn.
436 1238 664 1283 Genucium,
701 1240 747 1276 L.
781 1240 953 1276 Atilium.
1023 1240 1193 1276 Tristem

68 1299 246 1344 hiemem,
267 1302 345 1338 sive
365 1315 411 1338 ex
436 1302 662 1352 intemperie
688 1303 789 1346 coeli,
810 1304 949 1352 raptim
976 1304 1199 1338 mutatione¹

69 1364 111 1400 in
130 1367 363 1401 contrarium
381 1366 498 1409 facta,
519 1367 596 1402 sive
619 1366 694 1402 alia
719 1370 794 1415 qua
821 1367 866 1402 de
896 1379 1041 1408 caussa,
1064 1367 1188 1414 gravis

68 1427 324 1478 pestilensque
344 1429 520 1465 omnibus
541 1429 766 1465 animalibus
788 1435 897 1465 aestas
918 1429 1089 1478 excepit:
1123 1441 1187 1464 cn-
1201 1442 1398 1475 Pesffleij

62 1490 129 1542 jus
149 1491 351 1528 insanabili
378 1493 545 1542 pernicie
564 1494 715 1541 qnando
745 1506 814 1529 nec
844 1505 976 1529 caussa
1004 1505 1074 1528 nec
1103 1492 1190 1528 finis

70 1555 349 1598 inveniebatur,
370 1556 456 1592 libri
478 1557 655 1606 Sibyllini
675 1571 721 1593 ex
740 1556 1072 1593 senatusconsulto
1095 1557 1190 1592 aditi
1248 1562 1254 1566 ‘

71 1625 171 1655 sunt,
227 1619 431 1656 Duumviri
461 1621 576 1656 sacris
606 1620 806 1664 faciundis,
831 1621 1067 1657 lectisternio
1094 1626 1187 1656 tunc
1200 1635 1365 1665 Lectister·

69 1683 233 1732 primum
252 1684 292 1718 in
311 1683 404 1719 urbe
423 1683 603 1720 Romana
620 1684 738 1727 facto,
760 1698 828 1734 per
849 1685 927 1721 dies
954 1690 1043 1720 octo
1065 1683 1186 1734 Apol·
1199 1679 1294 1707 nium
1311 1678 1374 1716 Psi·

69 1744 200 1788 linem,
220 1745 488 1795 Latonamque
517 1754 556 1783 et
583 1747 764 1790 Dianam,
786 1747 1008 1790 Herculem,
1032 1747 1187 1783 Mercu·
1200 1730 1309 1752 mum.

70 1809 169 1845 rium
188 1815 301 1857 atque
329 1809 555 1859 Neptunum
574 1810 710 1853 tribus,
727 1823 841 1859 quam
857 1810 1088 1859 amplissime
1107 1816 1190 1847 tum

72 1873 244 1922 adparari
264 1880 429 1922 poterat,
451 1875 578 1914 stratis
605 1874 712 1909 lectis
739 1874 948 1923 placavere.
1005 1874 1192 1911 Privatim

72 1948 221 1985 quoque
243 1937 281 1973 id
301 1949 451 1973 sacrum
469 1937 701 1973 celebratum
721 1945 777 1974 est
793 1951 806 1978 :⁴
832 1943 919 1973 tota
935 1937 1028 1973 urbe
1053 1944 1190 1987 paten-

70 1998 172 2034 tibus
196 1998 345 2048 januis„
370 2001 663 2050 promiscuoque
692 2012 763 2036 usu
792 2012 918 2036 rerum
948 2001 1120 2036 omnium
1149 2001 1192 2037 in

72 2062 274 2112 propatulo
294 2064 440 2112 posito,
456 2071 572 2100 notos
596 2065 827 2112 ignotosque
855 2064 996 2112 passim
1025 2064 1190 2100 advenas

74 2126 116 2161 in
132 2127 342 2176 hospitium
362 2128 494 2164 ductos
514 2128 641 2164 fei-unt
653 2143 668 2172 3v
695 2134 734 2163 et
753 2140 839 2163 cum
858 2127 1027 2163 inimicis.
1041 2139 1192 2175 quoque

74 2189 238 2237 benigne
256 2204 299 2227 ac
317 2193 476 2228 comiter
495 2204 686 2228 sermones
707 2191 875 2234 habitos,
887 2190 1028 2240 jurgiis
1049 2203 1092 2226 ac
1111 2190 1192 2229 liti-

75 2253 146 2293 bus
166 2240 417 2304 temperatum
430 2272 441 2301 3
473 2257 610 2292 vinetis
631 2268 782 2305 quoque
801 2256 926 2292 demta
950 2256 991 2290 in
1020 2266 1084 2289 eos
1115 2254 1192 2290 dies

74 2316 226 2355 *incula
240 2333 257 2370 ³:
284 2318 462 2366 religioni
487 2319 624 2360 deinde
650 2320 782 2363 fuisse,
803 2318 942 2369 quibus
968 2330 1052 2356 eam
1079 2329 1202 2374 opem

825 2398 844 2413 θ
