<?xml version="1.0" encoding="UTF-8"?>
<!DOCTYPE html PUBLIC "-//W3C//DTD XHTML 1.0 Transitional//EN"
    "http://www.w3.org/TR/xhtml1/DTD/xhtml1-transitional.dtd">
<html xmlns="http://www.w3.org/1999/xhtml" xml:lang="en" lang="en">
 <head>
  <title>
</title>
<meta http-equiv="Content-Type" content="text/html;charset=utf-8" />
  <meta name='ocr-system' content='tesseract 3.04.00' />
  <meta name='ocr-capabilities' content='ocr_page ocr_carea ocr_par ocr_line ocrx_word'/>
</head>
<body>
  <div class='ocr_page' id='page_1' title='image "./historiarumquaes01livyuoft/historiarumquaes01livyuoft_0233.png"; bbox 0 0 1573 2598; ppageno 0'>
   <div class='ocr_carea' id='block_1_1' title="bbox 404 224 1250 256">
    <p class='ocr_par' dir='ltr' id='par_1_1' title="bbox 404 224 1250 256">
     <span class='ocr_line' id='line_1_1' title="bbox 404 224 1250 256; baseline -0.004 0"><span class='ocrx_word' id='word_1_1' title='bbox 404 227 559 256; x_wconf 78' lang='lat' dir='ltr'>LIBER</span> <span class='ocrx_word' id='word_1_2' title='bbox 584 226 666 255; x_wconf 86' lang='lat'>111.</span> <span class='ocrx_word' id='word_1_3' title='bbox 699 226 806 254; x_wconf 71' lang='lat' dir='ltr'>CAP.</span> <span class='ocrx_word' id='word_1_4' title='bbox 829 225 983 254; x_wconf 81' lang='lat' dir='ltr'>XLIII.</span> <span class='ocrx_word' id='word_1_5' title='bbox 1173 224 1250 255; x_wconf 80' lang='lat'>221</span> 
     </span>
    </p>
   </div>
   <div class='ocr_carea' id='block_1_2' title="bbox 133 310 1454 2422">
    <p class='ocr_par' dir='ltr' id='par_1_2' title="bbox 134 310 1454 557">
     <span class='ocr_line' id='line_1_2' title="bbox 134 310 1454 365; baseline -0.007 -13"><span class='ocrx_word' id='word_1_6' title='bbox 134 322 250 359; x_wconf 83' lang='lat' dir='ltr'>retur,</span> <span class='ocrx_word' id='word_1_7' title='bbox 271 315 370 351; x_wconf 76' lang='lat' dir='ltr'>vinci</span> <span class='ocrx_word' id='word_1_8' title='bbox 400 326 439 350; x_wconf 89' lang='lat' dir='ltr'>se</span> <span class='ocrx_word' id='word_1_9' title='bbox 468 323 535 364; x_wconf 88' lang='lat' dir='ltr'>per</span> <span class='ocrx_word' id='word_1_10' title='bbox 560 324 668 349; x_wconf 87' lang='lat' dir='ltr'>suum</span> <span class='ocrx_word' id='word_1_11' title='bbox 697 318 811 360; x_wconf 89' lang='lat' dir='ltr'>atque</span> <span class='ocrx_word' id='word_1_12' title='bbox 834 310 982 347; x_wconf 90' lang='lat' dir='ltr'>illorum</span> <span class='ocrx_word' id='word_1_13' title='bbox 1008 310 1166 347; x_wconf 85' lang='lat' dir='ltr'>dedecus</span> <span class='ocrx_word' id='word_1_14' title='bbox 1186 323 1253 361; x_wconf 81' lang='lat' dir='ltr'>pa·</span> <span class='ocrx_word' id='word_1_15' title='bbox 1266 312 1308 343; x_wconf 87' lang='lat' dir='ltr'>U.</span> <span class='ocrx_word' id='word_1_16' title='bbox 1326 311 1362 365; x_wconf 60' lang='lat' dir='ltr'>(j.</span> <span class='ocrx_word' id='word_1_17' title='bbox 1380 318 1454 342; x_wconf 75' lang='lat'><strong>305.</strong></span> 
     </span>
     <span class='ocr_line' id='line_1_3' title="bbox 136 356 1452 419; baseline -0.004 -4"><span class='ocrx_word' id='word_1_18' title='bbox 136 379 342 417; x_wconf 76' lang='lat' dir='ltr'>tiebantur.</span> <span class='ocrx_word' id='word_1_19' title='bbox 397 379 488 415; x_wconf 84' lang='lat' dir='ltr'>Fusi</span> <span class='ocrx_word' id='word_1_20' title='bbox 524 384 562 414; x_wconf 89' lang='lat' dir='ltr'>et</span> <span class='ocrx_word' id='word_1_21' title='bbox 599 377 646 413; x_wconf 88' lang='lat' dir='ltr'>ab</span> <span class='ocrx_word' id='word_1_22' title='bbox 685 375 835 413; x_wconf 85' lang='lat' dir='ltr'>Sabinis</span> <span class='ocrx_word' id='word_1_23' title='bbox 867 376 913 412; x_wconf 79' lang='lat' dir='ltr'>ad</span> <span class='ocrx_word' id='word_1_24' title='bbox 942 376 1115 419; x_wconf 84' lang='lat' dir='ltr'>Eretum,</span> <span class='ocrx_word' id='word_1_25' title='bbox 1146 382 1184 411; x_wconf 89' lang='lat' dir='ltr'>et</span> <span class='ocrx_word' id='word_1_26' title='bbox 1215 377 1254 411; x_wconf 87' lang='lat' dir='ltr'>in</span> <span class='ocrx_word' id='word_1_27' title='bbox 1267 356 1452 389; x_wconf 69' lang='lat' dir='ltr'>A.L.447.</span> 
     </span>
     <span class='ocr_line' id='line_1_4' title="bbox 137 440 1257 493; baseline -0.004 -13"><span class='ocrx_word' id='word_1_28' title='bbox 137 444 279 493; x_wconf 78' lang='lat' dir='ltr'>Algido</span> <span class='ocrx_word' id='word_1_29' title='bbox 311 443 358 481; x_wconf 87' lang='lat' dir='ltr'>ab</span> <span class='ocrx_word' id='word_1_30' title='bbox 388 443 541 492; x_wconf 85' lang='lat' dir='ltr'>AEquis,</span> <span class='ocrx_word' id='word_1_31' title='bbox 573 442 759 478; x_wconf 79' lang='lat' dir='ltr'>exercitus</span> <span class='ocrx_word' id='word_1_32' title='bbox 794 447 928 476; x_wconf 85' lang='lat' dir='ltr'>erant:</span> <span class='ocrx_word' id='word_1_33' title='bbox 961 440 1008 476; x_wconf 89' lang='lat' dir='ltr'>ab</span> <span class='ocrx_word' id='word_1_34' title='bbox 1038 440 1159 476; x_wconf 89' lang='lat' dir='ltr'>Ereto</span> <span class='ocrx_word' id='word_1_35' title='bbox 1190 453 1257 490; x_wconf 88' lang='lat' dir='ltr'>per</span> 
     </span>
     <span class='ocr_line' id='line_1_5' title="bbox 137 503 1258 557; baseline -0.003 -14"><span class='ocrx_word' id='word_1_36' title='bbox 137 509 331 545; x_wconf 79' lang='lat' dir='ltr'>silentium</span> <span class='ocrx_word' id='word_1_37' title='bbox 360 508 489 545; x_wconf 84' lang='lat' dir='ltr'>noctis</span> <span class='ocrx_word' id='word_1_38' title='bbox 511 503 678 557; x_wconf 86' lang='lat' dir='ltr'>profugi,</span> <span class='ocrx_word' id='word_1_39' title='bbox 708 506 863 555; x_wconf 85' lang='lat' dir='ltr'>propius</span> <span class='ocrx_word' id='word_1_40' title='bbox 894 503 1039 548; x_wconf 89' lang='lat' dir='ltr'>urbem,</span> <span class='ocrx_word' id='word_1_41' title='bbox 1069 505 1168 541; x_wconf 91' lang='lat' dir='ltr'>inter</span> <span class='ocrx_word' id='word_1_42' title='bbox 1193 504 1258 541; x_wconf 86' lang='lat' dir='ltr'>Fi-</span> 
     </span>
    </p>

    <p class='ocr_par' dir='ltr' id='par_1_3' title="bbox 134 569 1257 686">
     <span class='ocr_line' id='line_1_6' title="bbox 136 569 1257 620; baseline -0.004 -10"><span class='ocrx_word' id='word_1_43' title='bbox 136 574 250 610; x_wconf 82' lang='lat' dir='ltr'>denas</span> <span class='ocrx_word' id='word_1_44' title='bbox 279 571 664 620; x_wconf 83' lang='lat' dir='ltr'><strong>Crustumeriamque,</strong></span> <span class='ocrx_word' id='word_1_45' title='bbox 688 569 775 606; x_wconf 88' lang='lat' dir='ltr'>loco</span> <span class='ocrx_word' id='word_1_46' title='bbox 804 569 907 605; x_wconf 88' lang='lat' dir='ltr'>edito</span> <span class='ocrx_word' id='word_1_47' title='bbox 934 575 1058 606; x_wconf 88' lang='lat' dir='ltr'>castra</span> <span class='ocrx_word' id='word_1_48' title='bbox 1086 582 1257 605; x_wconf 90' lang='lat' dir='ltr'>commu-</span> 
     </span>
     <span class='ocr_line' id='line_1_7' title="bbox 134 634 1257 686; baseline -0.004 -12"><span class='ocrx_word' id='word_1_49' title='bbox 134 638 307 674; x_wconf 87' lang='lat' dir='ltr'>nierant:</span> <span class='ocrx_word' id='word_1_50' title='bbox 339 636 544 686; x_wconf 80' lang='lat' dir='ltr'>persecutis</span> <span class='ocrx_word' id='word_1_51' title='bbox 571 634 746 671; x_wconf 80' lang='lat' dir='ltr'>hostibus</span> <span class='ocrx_word' id='word_1_52' title='bbox 773 646 961 683; x_wconf 83' lang='lat' dir='ltr'>nusquam</span> <span class='ocrx_word' id='word_1_53' title='bbox 985 646 1025 670; x_wconf 86' lang='lat' dir='ltr'>se</span> <span class='ocrx_word' id='word_1_54' title='bbox 1049 647 1156 683; x_wconf 87' lang='lat' dir='ltr'>aequo</span> <span class='ocrx_word' id='word_1_55' title='bbox 1176 647 1257 670; x_wconf 84' lang='lat' dir='ltr'>cer-</span> 
     </span>
    </p>

    <p class='ocr_par' dir='ltr' id='par_1_4' title="bbox 134 698 1257 744">
     <span class='ocr_line' id='line_1_8' title="bbox 134 698 1257 744; baseline -0.003 -6"><span class='ocrx_word' id='word_1_56' title='bbox 134 703 277 738; x_wconf 79' lang='lat' dir='ltr'>tamIne</span> <span class='ocrx_word' id='word_1_57' title='bbox 299 702 594 744; x_wconf 83' lang='lat' dir='ltr'>committentes,</span> <span class='ocrx_word' id='word_1_58' title='bbox 622 706 760 736; x_wconf 84' lang='lat' dir='ltr'>natura</span> <span class='ocrx_word' id='word_1_59' title='bbox 783 698 858 735; x_wconf 89' lang='lat' dir='ltr'>loci</span> <span class='ocrx_word' id='word_1_60' title='bbox 881 712 925 735; x_wconf 88' lang='lat' dir='ltr'>ac</span> <span class='ocrx_word' id='word_1_61' title='bbox 945 698 1058 742; x_wconf 86' lang='lat' dir='ltr'>vallo,</span> <span class='ocrx_word' id='word_1_62' title='bbox 1082 711 1161 735; x_wconf 89' lang='lat' dir='ltr'>non</span> <span class='ocrx_word' id='word_1_63' title='bbox 1180 699 1257 735; x_wconf 74' lang='lat' dir='ltr'>vir-</span> 
     </span>
    </p>

    <p class='ocr_par' dir='ltr' id='par_1_5' title="bbox 134 763 1257 814">
     <span class='ocr_line' id='line_1_9' title="bbox 134 763 1257 814; baseline -0.003 -11"><span class='ocrx_word' id='word_1_64' title='bbox 134 773 217 803; x_wconf 88' lang='lat' dir='ltr'>tute</span> <span class='ocrx_word' id='word_1_65' title='bbox 236 773 302 803; x_wconf 89' lang='lat' dir='ltr'>aut</span> <span class='ocrx_word' id='word_1_66' title='bbox 321 767 448 809; x_wconf 90' lang='lat' dir='ltr'>armis,</span> <span class='ocrx_word' id='word_1_67' title='bbox 468 765 706 802; x_wconf 83' lang='lat' dir='ltr'>tutabantur.</span> <span class='ocrx_word' id='word_1_68' title='bbox 762 763 892 814; x_wconf 79' lang='lat' dir='ltr'>Majus</span> <span class='ocrx_word' id='word_1_69' title='bbox 920 765 1108 813; x_wconf 80' lang='lat' dir='ltr'>flagitium</span> <span class='ocrx_word' id='word_1_70' title='bbox 1129 766 1169 801; x_wconf 89' lang='lat' dir='ltr'>in</span> <span class='ocrx_word' id='word_1_71' title='bbox 1187 765 1257 801; x_wconf 91' lang='lat' dir='ltr'>Al-</span> 
     </span>
    </p>

    <p class='ocr_par' dir='ltr' id='par_1_6' title="bbox 135 829 1258 882">
     <span class='ocr_line' id='line_1_10' title="bbox 135 829 1258 882; baseline -0.002 -15"><span class='ocrx_word' id='word_1_72' title='bbox 135 831 238 881; x_wconf 85' lang='lat' dir='ltr'>gido,</span> <span class='ocrx_word' id='word_1_73' title='bbox 270 831 392 882; x_wconf 86' lang='lat' dir='ltr'>major</span> <span class='ocrx_word' id='word_1_74' title='bbox 421 831 535 867; x_wconf 86' lang='lat' dir='ltr'>etiam</span> <span class='ocrx_word' id='word_1_75' title='bbox 566 829 689 867; x_wconf 80' lang='lat' dir='ltr'>clades</span> <span class='ocrx_word' id='word_1_76' title='bbox 730 836 912 879; x_wconf 82' lang='lat' dir='ltr'>accepta:</span> <span class='ocrx_word' id='word_1_77' title='bbox 955 836 1078 866; x_wconf 85' lang='lat' dir='ltr'>castra</span> <span class='ocrx_word' id='word_1_78' title='bbox 1107 842 1258 879; x_wconf 87' lang='lat' dir='ltr'>quoque</span> 
     </span>
    </p>

    <p class='ocr_par' dir='ltr' id='par_1_7' title="bbox 138 890 1257 943">
     <span class='ocr_line' id='line_1_11' title="bbox 138 890 1257 943; baseline -0.004 -10"><span class='ocrx_word' id='word_1_79' title='bbox 138 897 276 933; x_wconf 86' lang='lat' dir='ltr'>amissa</span> <span class='ocrx_word' id='word_1_80' title='bbox 307 902 438 941; x_wconf 77' lang='lat' dir='ltr'>erant5</span> <span class='ocrx_word' id='word_1_81' title='bbox 472 890 683 943; x_wconf 82' lang='lat' dir='ltr'>exutus&#39;que</span> <span class='ocrx_word' id='word_1_82' title='bbox 719 893 896 930; x_wconf 90' lang='lat' dir='ltr'>omnibus</span> <span class='ocrx_word' id='word_1_83' title='bbox 930 893 1155 929; x_wconf 86' lang='lat' dir='ltr'>utensilibus</span> <span class='ocrx_word' id='word_1_84' title='bbox 1186 894 1257 929; x_wconf 88' lang='lat' dir='ltr'>mi-</span> 
     </span>
    </p>

    <p class='ocr_par' dir='ltr' id='par_1_8' title="bbox 133 958 1256 1008">
     <span class='ocr_line' id='line_1_12' title="bbox 133 958 1256 1008; baseline -0.003 -11"><span class='ocrx_word' id='word_1_85' title='bbox 133 959 203 1004; x_wconf 85' lang='lat' dir='ltr'>les,</span> <span class='ocrx_word' id='word_1_86' title='bbox 222 959 431 997; x_wconf 86' lang='lat' dir='ltr'>Tusculum</span> <span class='ocrx_word' id='word_1_87' title='bbox 450 972 503 1002; x_wconf 85' lang='lat' dir='ltr'>se,</span> <span class='ocrx_word' id='word_1_88' title='bbox 524 958 597 995; x_wconf 85' lang='lat' dir='ltr'>fide</span> <span class='ocrx_word' id='word_1_89' title='bbox 618 958 951 1008; x_wconf 84' lang='lat' dir='ltr'>misericordiaque</span> <span class='ocrx_word' id='word_1_90' title='bbox 970 958 1138 995; x_wconf 79' lang='lat' dir='ltr'>victurus</span> <span class='ocrx_word' id='word_1_91' title='bbox 1166 958 1256 994; x_wconf 88' lang='lat' dir='ltr'>hos-</span> 
     </span>
    </p>

    <p class='ocr_par' dir='ltr' id='par_1_9' title="bbox 136 1022 1260 1076">
     <span class='ocr_line' id='line_1_13' title="bbox 136 1022 1260 1076; baseline -0.003 -15"><span class='ocrx_word' id='word_1_92' title='bbox 136 1026 273 1076; x_wconf 87' lang='lat' dir='ltr'>pitum,</span> <span class='ocrx_word' id='word_1_93' title='bbox 298 1027 397 1074; x_wconf 83' lang='lat' dir='ltr'>(quae</span> <span class='ocrx_word' id='word_1_94' title='bbox 416 1031 544 1060; x_wconf 88' lang='lat' dir='ltr'>tamen</span> <span class='ocrx_word' id='word_1_95' title='bbox 564 1036 643 1060; x_wconf 89' lang='lat' dir='ltr'>non</span> <span class='ocrx_word' id='word_1_96' title='bbox 662 1022 896 1071; x_wconf 85' lang='lat' dir='ltr'>fefellerunt)</span> <span class='ocrx_word' id='word_1_97' title='bbox 920 1022 1145 1059; x_wconf 81' lang='lat' dir='ltr'>contulerat.</span> <span class='ocrx_word' id='word_1_98' title='bbox 1175 1022 1260 1059; x_wconf 84' lang='lat' dir='ltr'>Ro-</span> 
     </span>
    </p>

    <p class='ocr_par' dir='ltr' id='par_1_10' title="bbox 138 1086 1263 1265">
     <span class='ocr_line' id='line_1_14' title="bbox 138 1086 1262 1138; baseline -0.002 -12"><span class='ocrx_word' id='word_1_99' title='bbox 138 1101 240 1126; x_wconf 82' lang='lat' dir='ltr'>mam</span> <span class='ocrx_word' id='word_1_100' title='bbox 264 1090 364 1125; x_wconf 90' lang='lat' dir='ltr'>tanti</span> <span class='ocrx_word' id='word_1_101' title='bbox 391 1094 499 1125; x_wconf 86' lang='lat' dir='ltr'>erant</span> <span class='ocrx_word' id='word_1_102' title='bbox 516 1094 680 1124; x_wconf 88' lang='lat' dir='ltr'>terrores</span> <span class='ocrx_word' id='word_1_103' title='bbox 705 1086 835 1130; x_wconf 87' lang='lat' dir='ltr'>adlati,</span> <span class='ocrx_word' id='word_1_104' title='bbox 857 1093 913 1131; x_wconf 90' lang='lat' dir='ltr'>ut,</span> <span class='ocrx_word' id='word_1_105' title='bbox 938 1087 1065 1138; x_wconf 88' lang='lat' dir='ltr'>posito</span> <span class='ocrx_word' id='word_1_106' title='bbox 1085 1086 1169 1137; x_wconf 86' lang='lat' dir='ltr'>jam</span> <span class='ocrx_word' id='word_1_107' title='bbox 1195 1087 1262 1124; x_wconf 87' lang='lat' dir='ltr'>de-</span> 
     </span>
     <span class='ocr_line' id='line_1_15' title="bbox 139 1151 1262 1199; baseline -0.002 -10"><span class='ocrx_word' id='word_1_108' title='bbox 139 1152 330 1189; x_wconf 86' lang='lat' dir='ltr'>cemvirali</span> <span class='ocrx_word' id='word_1_109' title='bbox 367 1152 471 1195; x_wconf 89' lang='lat' dir='ltr'>odio,</span> <span class='ocrx_word' id='word_1_110' title='bbox 509 1151 642 1188; x_wconf 82' lang='lat' dir='ltr'>Patres</span> <span class='ocrx_word' id='word_1_111' title='bbox 681 1151 828 1199; x_wconf 86' lang='lat' dir='ltr'>vigilias</span> <span class='ocrx_word' id='word_1_112' title='bbox 866 1151 906 1186; x_wconf 91' lang='lat' dir='ltr'>in</span> <span class='ocrx_word' id='word_1_113' title='bbox 943 1151 1035 1187; x_wconf 91' lang='lat' dir='ltr'>urbe</span> <span class='ocrx_word' id='word_1_114' title='bbox 1068 1151 1262 1187; x_wconf 76' lang='lat' dir='ltr'>habendas</span> 
     </span>
     <span class='ocr_line' id='line_1_16' title="bbox 138 1214 1263 1265; baseline -0.002 -13"><span class='ocrx_word' id='word_1_115' title='bbox 138 1222 362 1252; x_wconf 87' lang='lat' dir='ltr'>censerent:</span> <span class='ocrx_word' id='word_1_116' title='bbox 395 1228 542 1258; x_wconf 84' lang='lat' dir='ltr'>omneS,</span> <span class='ocrx_word' id='word_1_117' title='bbox 564 1215 627 1264; x_wconf 88' lang='lat' dir='ltr'>qui</span> <span class='ocrx_word' id='word_1_118' title='bbox 656 1227 724 1265; x_wconf 90' lang='lat' dir='ltr'>per</span> <span class='ocrx_word' id='word_1_119' title='bbox 749 1220 901 1250; x_wconf 79' lang='lat' dir='ltr'>aetatem</span> <span class='ocrx_word' id='word_1_120' title='bbox 926 1227 1033 1250; x_wconf 88' lang='lat' dir='ltr'>arma</span> <span class='ocrx_word' id='word_1_121' title='bbox 1050 1214 1148 1250; x_wconf 87' lang='lat' dir='ltr'>ferre</span> <span class='ocrx_word' id='word_1_122' title='bbox 1172 1227 1263 1265; x_wconf 89' lang='lat' dir='ltr'>pos·-</span> 
     </span>
    </p>

    <p class='ocr_par' dir='ltr' id='par_1_11' title="bbox 134 1278 1264 1455">
     <span class='ocr_line' id='line_1_17' title="bbox 138 1278 1263 1329; baseline -0.001 -13"><span class='ocrx_word' id='word_1_123' title='bbox 138 1287 237 1323; x_wconf 73' lang='lat' dir='ltr'>sent,</span> <span class='ocrx_word' id='word_1_124' title='bbox 259 1280 449 1316; x_wconf 89' lang='lat' dir='ltr'>custodire</span> <span class='ocrx_word' id='word_1_125' title='bbox 468 1280 625 1322; x_wconf 89' lang='lat' dir='ltr'>moenia,</span> <span class='ocrx_word' id='word_1_126' title='bbox 647 1292 690 1314; x_wconf 90' lang='lat' dir='ltr'>ac</span> <span class='ocrx_word' id='word_1_127' title='bbox 710 1291 780 1329; x_wconf 87' lang='lat' dir='ltr'>pro</span> <span class='ocrx_word' id='word_1_128' title='bbox 802 1279 924 1328; x_wconf 86' lang='lat' dir='ltr'>portis</span> <span class='ocrx_word' id='word_1_129' title='bbox 945 1278 1129 1314; x_wconf 88' lang='lat' dir='ltr'>stationes</span> <span class='ocrx_word' id='word_1_130' title='bbox 1150 1291 1263 1327; x_wconf 87' lang='lat' dir='ltr'>agere</span> 
     </span>
     <span class='ocr_line' id='line_1_18' title="bbox 134 1341 1264 1393; baseline -0.002 -14"><span class='ocrx_word' id='word_1_131' title='bbox 134 1341 347 1393; x_wconf 84' lang='lat' dir='ltr'>juberent:</span> <span class='ocrx_word' id='word_1_132' title='bbox 388 1356 493 1379; x_wconf 84' lang='lat' dir='ltr'>arma</span> <span class='ocrx_word' id='word_1_133' title='bbox 528 1341 739 1378; x_wconf 86' lang='lat' dir='ltr'>Tusculum</span> <span class='ocrx_word' id='word_1_134' title='bbox 775 1341 822 1377; x_wconf 89' lang='lat' dir='ltr'>ad</span> <span class='ocrx_word' id='word_1_135' title='bbox 859 1341 1163 1392; x_wconf 89' lang='lat' dir='ltr'>supplementum</span> <span class='ocrx_word' id='word_1_136' title='bbox 1200 1342 1264 1378; x_wconf 89' lang='lat' dir='ltr'>de-</span> 
     </span>
     <span class='ocr_line' id='line_1_19' title="bbox 140 1406 1262 1455; baseline -0.001 -11"><span class='ocrx_word' id='word_1_137' title='bbox 140 1414 352 1451; x_wconf 86' lang='lat' dir='ltr'>cernerent,</span> <span class='ocrx_word' id='word_1_138' title='bbox 383 1407 705 1455; x_wconf 82' lang='lat' dir='ltr'>decemvirosque,</span> <span class='ocrx_word' id='word_1_139' title='bbox 736 1406 785 1442; x_wconf 91' lang='lat' dir='ltr'>ab</span> <span class='ocrx_word' id='word_1_140' title='bbox 814 1419 899 1442; x_wconf 92' lang='lat' dir='ltr'>arce</span> <span class='ocrx_word' id='word_1_141' title='bbox 924 1406 1079 1442; x_wconf 87' lang='lat' dir='ltr'>Tusculi</span> <span class='ocrx_word' id='word_1_142' title='bbox 1110 1407 1262 1455; x_wconf 80' lang='lat' dir='ltr'>degres-</span> 
     </span>
    </p>

    <p class='ocr_par' dir='ltr' id='par_1_12' title="bbox 141 1471 1263 1516">
     <span class='ocr_line' id='line_1_20' title="bbox 141 1471 1263 1516; baseline -0.001 -7"><span class='ocrx_word' id='word_1_143' title='bbox 141 1486 217 1516; x_wconf 83' lang='lat' dir='ltr'>SOS,</span> <span class='ocrx_word' id='word_1_144' title='bbox 251 1473 291 1508; x_wconf 91' lang='lat' dir='ltr'>in</span> <span class='ocrx_word' id='word_1_145' title='bbox 324 1473 455 1509; x_wconf 82' lang='lat' dir='ltr'>castris</span> <span class='ocrx_word' id='word_1_146' title='bbox 488 1472 648 1508; x_wconf 83' lang='lat' dir='ltr'>militem</span> <span class='ocrx_word' id='word_1_147' title='bbox 678 1471 846 1508; x_wconf 89' lang='lat' dir='ltr'>habere:</span> <span class='ocrx_word' id='word_1_148' title='bbox 879 1479 1004 1508; x_wconf 84' lang='lat' dir='ltr'>castra</span> <span class='ocrx_word' id='word_1_149' title='bbox 1036 1471 1109 1508; x_wconf 88' lang='lat' dir='ltr'>alia</span> <span class='ocrx_word' id='word_1_150' title='bbox 1140 1485 1163 1508; x_wconf 84' lang='lat' dir='ltr'>a</span> <span class='ocrx_word' id='word_1_151' title='bbox 1197 1472 1263 1508; x_wconf 86' lang='lat' dir='ltr'>Fi-</span> 
     </span>
    </p>

    <p class='ocr_par' dir='ltr' id='par_1_13' title="bbox 140 1536 1263 1585">
     <span class='ocr_line' id='line_1_21' title="bbox 140 1536 1263 1585; baseline -0.001 -12"><span class='ocrx_word' id='word_1_152' title='bbox 140 1537 246 1573; x_wconf 87' lang='lat' dir='ltr'>denis</span> <span class='ocrx_word' id='word_1_153' title='bbox 280 1538 319 1573; x_wconf 92' lang='lat' dir='ltr'>in</span> <span class='ocrx_word' id='word_1_154' title='bbox 353 1536 536 1572; x_wconf 79' lang='lat' dir='ltr'>Sabinum</span> <span class='ocrx_word' id='word_1_155' title='bbox 571 1549 703 1584; x_wconf 78' lang='lat' dir='ltr'>agrum</span> <span class='ocrx_word' id='word_1_156' title='bbox 737 1536 960 1572; x_wconf 84' lang='lat' dir='ltr'>transferri:</span> <span class='ocrx_word' id='word_1_157' title='bbox 996 1536 1172 1585; x_wconf 87' lang='lat' dir='ltr'>belloque</span> <span class='ocrx_word' id='word_1_158' title='bbox 1205 1536 1263 1572; x_wconf 81' lang='lat' dir='ltr'>ul·-</span> 
     </span>
    </p>

    <p class='ocr_par' dir='ltr' id='par_1_14' title="bbox 139 1601 1264 1716">
     <span class='ocr_line' id='line_1_22' title="bbox 139 1601 1264 1638; baseline 0 -1"><span class='ocrx_word' id='word_1_159' title='bbox 139 1608 201 1637; x_wconf 92' lang='lat' dir='ltr'>tro</span> <span class='ocrx_word' id='word_1_160' title='bbox 227 1601 424 1638; x_wconf 84' lang='lat' dir='ltr'>inferendo</span> <span class='ocrx_word' id='word_1_161' title='bbox 453 1602 633 1637; x_wconf 80' lang='lat' dir='ltr'>deterreri</span> <span class='ocrx_word' id='word_1_162' title='bbox 661 1601 790 1636; x_wconf 82' lang='lat' dir='ltr'>hostes</span> <span class='ocrx_word' id='word_1_163' title='bbox 821 1614 842 1636; x_wconf 91' lang='lat' dir='ltr'>a</span> <span class='ocrx_word' id='word_1_164' title='bbox 872 1601 1033 1637; x_wconf 70' lang='lat' dir='ltr'>consilio</span> <span class='ocrx_word' id='word_1_165' title='bbox 1063 1601 1165 1637; x_wconf 83' lang='lat' dir='ltr'>urbis</span> <span class='ocrx_word' id='word_1_166' title='bbox 1193 1601 1264 1637; x_wconf 64' lang='lat' dir='ltr'>ob6</span> 
     </span>
     <span class='ocr_line' id='line_1_23' title="bbox 139 1665 365 1716; baseline 0.004 -16"><span class='ocrx_word' id='word_1_167' title='bbox 139 1665 365 1716; x_wconf 79' lang='lat' dir='ltr'>pugnandae.</span> 
     </span>
    </p>

    <p class='ocr_par' dir='ltr' id='par_1_15' title="bbox 158 1721 1263 1778">
     <span class='ocr_line' id='line_1_24' title="bbox 158 1721 1263 1778; baseline 0 -14"><span class='ocrx_word' id='word_1_168' title='bbox 158 1751 161 1753; x_wconf 94' lang='lat'>-</span> <span class='ocrx_word' id='word_1_169' title='bbox 194 1728 348 1765; x_wconf 88' lang='lat' dir='ltr'>XLIII.</span> <span class='ocrx_word' id='word_1_170' title='bbox 378 1729 439 1764; x_wconf 88' lang='lat' dir='ltr'>Ad</span> <span class='ocrx_word' id='word_1_171' title='bbox 465 1728 587 1764; x_wconf 87' lang='lat' dir='ltr'>clades</span> <span class='ocrx_word' id='word_1_172' title='bbox 618 1727 665 1764; x_wconf 90' lang='lat' dir='ltr'>ab</span> <span class='ocrx_word' id='word_1_173' title='bbox 695 1728 870 1764; x_wconf 84' lang='lat' dir='ltr'>hostibus</span> <span class='ocrx_word' id='word_1_174' title='bbox 895 1721 1069 1778; x_wconf 76' lang='lat' dir='ltr'>acceptas</span> <span class='ocrx_word' id='word_1_175' title='bbox 1094 1729 1170 1764; x_wconf 89' lang='lat' dir='ltr'>duo</span> <span class='ocrx_word' id='word_1_176' title='bbox 1196 1742 1263 1765; x_wconf 86' lang='lat' dir='ltr'>ne·</span> 
     </span>
    </p>

    <p class='ocr_par' dir='ltr' id='par_1_16' title="bbox 142 1792 1262 1843">
     <span class='ocr_line' id='line_1_25' title="bbox 142 1792 1262 1843; baseline 0 -14"><span class='ocrx_word' id='word_1_177' title='bbox 142 1792 258 1829; x_wconf 83' lang='lat' dir='ltr'>fanda</span> <span class='ocrx_word' id='word_1_178' title='bbox 288 1793 462 1829; x_wconf 84' lang='lat' dir='ltr'>facinora</span> <span class='ocrx_word' id='word_1_179' title='bbox 489 1793 690 1829; x_wconf 79' lang='lat' dir='ltr'>decemviri</span> <span class='ocrx_word' id='word_1_180' title='bbox 722 1792 811 1829; x_wconf 88' lang='lat' dir='ltr'>belli</span> <span class='ocrx_word' id='word_1_181' title='bbox 850 1793 1027 1842; x_wconf 87' lang='lat' dir='ltr'>domique</span> <span class='ocrx_word' id='word_1_182' title='bbox 1065 1793 1262 1843; x_wconf 80' lang='lat' dir='ltr'>adjiciunt.</span> 
     </span>
    </p>

    <p class='ocr_par' dir='ltr' id='par_1_17' title="bbox 138 1856 1421 2422">
     <span class='ocr_line' id='line_1_26' title="bbox 140 1856 1421 1907; baseline -0.002 -14"><span class='ocrx_word' id='word_1_183' title='bbox 140 1856 188 1893; x_wconf 91' lang='lat' dir='ltr'>L.</span> <span class='ocrx_word' id='word_1_184' title='bbox 212 1857 376 1893; x_wconf 89' lang='lat' dir='ltr'>Siccium</span> <span class='ocrx_word' id='word_1_185' title='bbox 404 1857 445 1892; x_wconf 89' lang='lat' dir='ltr'>in</span> <span class='ocrx_word' id='word_1_186' title='bbox 474 1856 639 1899; x_wconf 81' lang='lat' dir='ltr'>Sabinis,</span> <span class='ocrx_word' id='word_1_187' title='bbox 670 1869 737 1907; x_wconf 91' lang='lat' dir='ltr'>per</span> <span class='ocrx_word' id='word_1_188' title='bbox 765 1857 946 1892; x_wconf 84' lang='lat' dir='ltr'>invidiam</span> <span class='ocrx_word' id='word_1_189' title='bbox 975 1857 1261 1894; x_wconf 78' lang='lat' dir='ltr'>decemviralem</span> <span class='ocrx_word' id='word_1_190' title='bbox 1274 1861 1309 1891; x_wconf 88' lang='lat' dir='ltr'>L.</span> <span class='ocrx_word' id='word_1_191' title='bbox 1327 1859 1421 1891; x_wconf 82' lang='lat' dir='ltr'>Siecii</span> 
     </span>
     <span class='ocr_line' id='line_1_27' title="bbox 138 1904 1371 1970; baseline 0.002 -14"><span class='ocrx_word' id='word_1_192' title='bbox 138 1920 380 1957; x_wconf 87' lang='lat' dir='ltr'>tribunorum</span> <span class='ocrx_word' id='word_1_193' title='bbox 399 1921 647 1957; x_wconf 87' lang='lat' dir='ltr'>creandorum</span> <span class='ocrx_word' id='word_1_194' title='bbox 666 1921 964 1970; x_wconf 86' lang='lat' dir='ltr'>secessionisque</span> <span class='ocrx_word' id='word_1_195' title='bbox 984 1923 1196 1958; x_wconf 86' lang='lat' dir='ltr'>mentiones</span> <span class='ocrx_word' id='word_1_196' title='bbox 1204 1904 1261 1959; x_wconf 46' lang='lat' dir='ltr'>sad</span> <span class='ocrx_word' id='word_1_197' title='bbox 1273 1913 1371 1935; x_wconf 54' lang='lat'>&#39;¹¹⁰⁵&#39;</span> 
     </span>
     <span class='ocr_line' id='line_1_28' title="bbox 141 1984 1262 2036; baseline 0.003 -16"><span class='ocrx_word' id='word_1_198' title='bbox 141 1984 275 2033; x_wconf 76' lang='lat' dir='ltr'>vulgus</span> <span class='ocrx_word' id='word_1_199' title='bbox 304 1984 468 2020; x_wconf 87' lang='lat' dir='ltr'>militum</span> <span class='ocrx_word' id='word_1_200' title='bbox 495 1984 731 2020; x_wconf 86' lang='lat' dir='ltr'>sermonibus</span> <span class='ocrx_word' id='word_1_201' title='bbox 756 1985 915 2020; x_wconf 88' lang='lat' dir='ltr'>occultis</span> <span class='ocrx_word' id='word_1_202' title='bbox 942 1991 1144 2029; x_wconf 86' lang='lat' dir='ltr'>serentem,</span> <span class='ocrx_word' id='word_1_203' title='bbox 1172 2000 1262 2036; x_wconf 93' lang='lat' dir='ltr'>pro-</span> 
     </span>
     <span class='ocr_line' id='line_1_29' title="bbox 141 2047 1263 2099; baseline 0.003 -16"><span class='ocrx_word' id='word_1_204' title='bbox 141 2047 376 2098; x_wconf 83' lang='lat' dir='ltr'>speculatum</span> <span class='ocrx_word' id='word_1_205' title='bbox 396 2048 443 2084; x_wconf 80' lang='lat' dir='ltr'>ad</span> <span class='ocrx_word' id='word_1_206' title='bbox 462 2048 591 2084; x_wconf 83' lang='lat' dir='ltr'>locum</span> <span class='ocrx_word' id='word_1_207' title='bbox 604 2049 735 2084; x_wconf 81' lang='lat' dir='ltr'>castris</span> <span class='ocrx_word' id='word_1_208' title='bbox 753 2049 976 2099; x_wconf 87' lang='lat' dir='ltr'>capiendum</span> <span class='ocrx_word' id='word_1_209' title='bbox 995 2050 1172 2086; x_wconf 84' lang='lat' dir='ltr'>mittunt:</span> <span class='ocrx_word' id='word_1_210' title='bbox 1196 2050 1263 2087; x_wconf 85' lang='lat' dir='ltr'>da-</span> 
     </span>
     <span class='ocr_line' id='line_1_30' title="bbox 141 2113 1263 2164; baseline 0.003 -16"><span class='ocrx_word' id='word_1_211' title='bbox 141 2119 204 2148; x_wconf 90' lang='lat' dir='ltr'>tur</span> <span class='ocrx_word' id='word_1_212' title='bbox 229 2113 427 2161; x_wconf 86' lang='lat' dir='ltr'>negotium</span> <span class='ocrx_word' id='word_1_213' title='bbox 454 2113 653 2156; x_wconf 86' lang='lat' dir='ltr'>militibus,</span> <span class='ocrx_word' id='word_1_214' title='bbox 681 2126 775 2162; x_wconf 87' lang='lat' dir='ltr'>quos</span> <span class='ocrx_word' id='word_1_215' title='bbox 801 2114 983 2150; x_wconf 86' lang='lat' dir='ltr'>miserant</span> <span class='ocrx_word' id='word_1_216' title='bbox 1011 2115 1263 2164; x_wconf 83' lang='lat' dir='ltr'>expeditionis</span> 
     </span>
     <span class='ocr_line' id='line_1_31' title="bbox 143 2174 1264 2227; baseline 0.004 -16"><span class='ocrx_word' id='word_1_217' title='bbox 143 2174 223 2225; x_wconf 85' lang='lat' dir='ltr'>ejus</span> <span class='ocrx_word' id='word_1_218' title='bbox 250 2178 421 2220; x_wconf 88' lang='lat' dir='ltr'>comites,</span> <span class='ocrx_word' id='word_1_219' title='bbox 443 2183 484 2213; x_wconf 92' lang='lat' dir='ltr'>ut</span> <span class='ocrx_word' id='word_1_220' title='bbox 507 2189 594 2213; x_wconf 90' lang='lat' dir='ltr'>eum</span> <span class='ocrx_word' id='word_1_221' title='bbox 620 2183 838 2227; x_wconf 87' lang='lat' dir='ltr'>opportuno</span> <span class='ocrx_word' id='word_1_222' title='bbox 859 2177 984 2214; x_wconf 88' lang='lat' dir='ltr'>adorti</span> <span class='ocrx_word' id='word_1_223' title='bbox 1009 2178 1096 2214; x_wconf 87' lang='lat' dir='ltr'>loco</span> <span class='ocrx_word' id='word_1_224' title='bbox 1119 2179 1264 2216; x_wconf 89' lang='lat' dir='ltr'>interfi-</span> 
     </span>
     <span class='ocr_line' id='line_1_32' title="bbox 142 2240 1264 2280; baseline 0.004 -5"><span class='ocrx_word' id='word_1_225' title='bbox 142 2246 301 2276; x_wconf 86' lang='lat' dir='ltr'>cerent.-</span> <span class='ocrx_word' id='word_1_226' title='bbox 340 2240 458 2278; x_wconf 86' lang='lat' dir='ltr'>Haud</span> <span class='ocrx_word' id='word_1_227' title='bbox 485 2241 649 2278; x_wconf 84' lang='lat' dir='ltr'>inultum</span> <span class='ocrx_word' id='word_1_228' title='bbox 678 2242 925 2278; x_wconf 85' lang='lat' dir='ltr'>interfecere:</span> <span class='ocrx_word' id='word_1_229' title='bbox 957 2255 1046 2279; x_wconf 82' lang='lat' dir='ltr'>nam</span> <span class='ocrx_word' id='word_1_230' title='bbox 1076 2243 1175 2279; x_wconf 84' lang='lat' dir='ltr'>circa</span> <span class='ocrx_word' id='word_1_231' title='bbox 1203 2256 1264 2280; x_wconf 89' lang='lat' dir='ltr'>re-</span> 
     </span>
     <span class='ocr_line' id='line_1_33' title="bbox 142 2306 1264 2359; baseline 0.004 -19"><span class='ocrx_word' id='word_1_232' title='bbox 142 2307 377 2355; x_wconf 75' lang='lat' dir='ltr'>pugnantem</span> <span class='ocrx_word' id='word_1_233' title='bbox 401 2306 546 2356; x_wconf 88' lang='lat' dir='ltr'>aliquot</span> <span class='ocrx_word' id='word_1_234' title='bbox 568 2307 810 2343; x_wconf 86' lang='lat' dir='ltr'>insidiatores</span> <span class='ocrx_word' id='word_1_235' title='bbox 836 2308 1018 2351; x_wconf 83' lang='lat' dir='ltr'>cecidere,</span> <span class='ocrx_word' id='word_1_236' title='bbox 1040 2321 1155 2357; x_wconf 91' lang='lat' dir='ltr'>quum</span> <span class='ocrx_word' id='word_1_237' title='bbox 1183 2309 1264 2359; x_wconf 88' lang='lat' dir='ltr'>ipse</span> 
     </span>
     <span class='ocr_line' id='line_1_34' title="bbox 141 2368 1262 2422; baseline 0.004 -18"><span class='ocrx_word' id='word_1_238' title='bbox 141 2380 181 2405; x_wconf 89' lang='lat' dir='ltr'>se</span> <span class='ocrx_word' id='word_1_239' title='bbox 206 2368 444 2420; x_wconf 81' lang='lat' dir='ltr'>praevaliduS,</span> <span class='ocrx_word' id='word_1_240' title='bbox 468 2372 550 2422; x_wconf 85' lang='lat' dir='ltr'>pari</span> <span class='ocrx_word' id='word_1_241' title='bbox 568 2370 710 2407; x_wconf 75' lang='lat' dir='ltr'>viribus</span> <span class='ocrx_word' id='word_1_242' title='bbox 733 2371 877 2410; x_wconf 81' lang='lat' dir='ltr'>animo.</span> <span class='ocrx_word' id='word_1_243' title='bbox 902 2372 1178 2409; x_wconf 81' lang='lat' dir='ltr'>circumventus</span> <span class='ocrx_word' id='word_1_244' title='bbox 1202 2380 1262 2409; x_wconf 88' lang='lat' dir='ltr'>tu-</span> 
     </span>
    </p>
   </div>
   <div class='ocr_carea' id='block_1_3' title="bbox 661 2433 738 2471">
    <p class='ocr_par' dir='ltr' id='par_1_18' title="bbox 661 2433 738 2471">
     <span class='ocr_line' id='line_1_35' title="bbox 661 2433 738 2471; baseline 0 0"><span class='ocrx_word' id='word_1_245' title='bbox 661 2433 738 2471; x_wconf 88' lang='lat' dir='ltr'>L3</span> 
     </span>
    </p>
   </div>
  </div>
 </body>
</html>
