1573 2598
285 120 368 174 ‘248
747 133 793 165 τ.
819 137 952 168 mvn

83 220 126 251 U·
142 219 180 252 C·
198 225 272 253 ³0⁶·
299 223 364 259 nia
388 224 520 260 tribuni
545 226 732 272 potestatis
756 237 828 262 suoe
851 228 1041 276 inplerent,
1065 232 1106 264 ut
1130 229 1268 266 nullum
1292 230 1414 279 publi·

83 264 124 297 Α·
141 264 178 295 c‘
196 268 271 296 ⁴⁴⁶⁰
300 299 380 324 cum
399 288 583 324 consilium
599 289 755 325 sinerent
778 301 858 326 esse.
916 291 978 328 Ita
1002 292 1144 328 demum
1163 293 1310 330 liberam
1328 295 1414 331 civi-

302 356 410 389 tatem
418 351 519 401 fore,
540 353 593 388 ita
611 358 770 401 aequatas
788 355 893 404 leges,
912 357 942 392 εἰ
959 368 1026 392 sua
1043 358 1194 406 quisque·
1202 356 1294 404 jura
1311 359 1413 403 ordo,

80 421 182 469 Jussu
196 419 262 461 ple·
299 430 402 454 snam
415 416 635 464 majestatem
651 423 779 456 teneat.
814 419 862 456 In
882 420 1050 457 eamdem
1071 423 1298 458 sententiam
1316 422 1414 459 mul-

82 464 261 546 ξξὲὲ“ω“
300 487 340 517 ta
367 486 406 518 et
431 494 454 517 a
472 481 606 517 ceteris
632 482 844 520 senioribus
864 483 1022 520 Patrum
1045 497 1160 534 quum
1183 492 1309 522 essent
1334 486 1413 523 dic-

300 551 354 588 ta,
375 557 507 582 omnes
526 544 646 582 tribus
667 558 751 583 eam
768 548 1009 596 rogationem
1029 555 1268 599 acceperunt.
1314 549 1415 587 Tum

299 610 478 660 primum,
499 610 580 647 sine
606 612 834 649 auctoritate
859 619 1026 657 senatus,
1053 613 1185 664 populi
1206 613 1319 664 jussu
1345 615 1417 651 tri-

299 675 525 725 umphatum
544 682 612 712 est.

83 740 229 790 Tribuni·
354 740 502 776 LXIV.
530 740 626 777 Haec
645 741 804 778 victoria
822 741 1063 779 tribunorum
1081 741 1276 793 plebisque
1294 755 1416 794 prope

84 784 232 860 {baffi-⁶¹
299 804 342 840 in
365 804 469 841 haud
489 804 678 842 salubrem
696 805 884 842 luxuriam
903 806 1030 849 vertit,
1053 807 1337 857 conspiratione
1356 807 1415 844 in-

300 876 360 907 ter
384 870 558 907 tribunos
584 871 700 914 facta,
722 877 763 907 ut
785 871 900 908 iidem
921 871 1065 908 tribuni
1084 871 1342 916 reficerentur,
1364 879 1416 916 et,

301 946 378 984 quo
407 946 475 971 sua
501 935 624 970 minus
654 935 840 984 cupiditas
864 936 1061 979 emineret,
1082 935 1301 972 consulibus
1321 948 1418 985 quo—-

302 1010 375 1047 que
395 999 663 1035 continuarent
681 999 958 1048 magistratum.
1002 999 1243 1036 Consensum
1260 998 1419 1037 Patrum

301 1062 589 1106 caussabantur,
609 1075 685 1112 quo
714 1075 781 1113 per
805 1061 1077 1100 contumeliam
1106 1062 1306 1099 consulum
1328 1061 1420 1113 jura

300 1125 422 1177 plebis
451 1126 642 1163 labefacta
669 1132 806 1164 essent.
865 1128 964 1168 Quid
970 1126 1161 1176 futurum,
1181 1128 1420 1177 nondumfir-

301 1193 410 1228 matis
429 1192 573 1239 legibus,
593 1194 623 1228 si
640 1205 747 1229 novos
766 1192 925 1228 tribunos
944 1204 1013 1241 per
1023 1191 1208 1241 factiones
1229 1204 1313 1228 suas
1337 1203 1419 1228 con-

302 1257 393 1292 sules
420 1257 541 1293 adorti
568 1258 716 1293 essent?
742 1269 813 1293 non
841 1258 935 1293 enim
961 1267 1098 1304 semper
1122 1256 1279 1292 Valerios
1297 1255 1421 1292 Hora·

305 1321 441 1369 tiosque
458 1320 722 1370 consulesfore,
743 1323 804 1369 qui
824 1320 978 1357 libertati
996 1320 1109 1369 plebis
1126 1332 1207 1356 suas
1225 1331 1306 1368 opes
1320 1323 1423 1368 post-

88 1391 184 1439 Vetat
296 1384 452 1435 ferrent.
508 1384 625 1422 Forte
644 1385 805 1434 quadam
825 1383 910 1420 utili
930 1384 978 1420 ad
1002 1390 1167 1434 tempus,
1188 1388 1230 1419 ut
1256 1382 1421 1420 comitiis

90 1433 231 1465 numus·
302 1455 498 1500 praeesset,
528 1449 770 1500 potissimum
797 1447 854 1485 M.
874 1446 1009 1485 Duilio
1039 1453 1142 1484 sorte
1171 1447 1310 1490 evenit,
1340 1446 1422 1482 viro

305 1514 498 1564 prudenti,
520 1519 556 1549 et
577 1526 620 1549 ex
649 1513 940 1550 continuatione
969 1511 1212 1560 magistratus
1242 1509 1423 1546 invidiam

306 1578 556 1615 inminentem
583 1579 764 1615 cernenti.
820 1577 898 1616 Qui
926 1588 1040 1625 quum
1071 1588 1118 1611 ex
1136 1574 1326 1611 veteribus
1354 1574 1424 1609 tri-

305 1642 420 1680 bunis
443 1649 601 1692 negaret
622 1641 732 1678 ullius
753 1654 792 1678 se
811 1641 999 1677 rationem
1021 1639 1255 1681 habiturum,
1276 1650 1424 1689 pugna·

305 1713 466 1756 rentque
487 1707 657 1757 collegae,
679 1713 720 1742 ut
739 1706 876 1742 liberas
895 1704 1017 1741 tribus
1037 1705 1078 1740 in
1097 1703 1317 1752 suffragium
1336 1702 1424 1738 mit-

307 1777 419 1815 teret,
451 1778 516 1808 aut
549 1771 773 1808 concederet
811 1776 952 1806 sortem
983 1768 1225 1805 comitiorum
1255 1765 1427 1815 collegis,

308 1838 494 1875 habituris
527 1851 546 1874 e
575 1837 659 1887 lege
683 1837 810 1888 potius
839 1835 1008 1878 comitia,
1029 1846 1142 1884 quam
1165 1846 1209 1870 ex
1231 1831 1427 1868 voluntate

308 1903 492 1948 Patrum3
525 1902 668 1952 injecta
696 1902 959 1943 contentione,
980 1898 1148 1941 Duilius,
1177 1895 1350 1933 consules
1380 1895 1427 1932 ad

310 1965 489 2003 subsellia
515 1967 660 2003 adcitos
683 1979 798 2016 quum
827 1966 1114 2012 interrogasset,
1136 1961 1225 2010 quid
1244 1960 1289 1996 de
1309 1960 1429 1995 comi-

310 2031 373 2068 tiis
394 2030 655 2067 consularibus
686 2030 725 2065 in
750 2029 878 2066 animo
906 2027 1105 2067 haberent,
1127 2023 1429 2074 respondissent-

312 2108 400 2145 que,
421 2107 461 2130 se
480 2107 602 2131 novos
623 2093 796 2130 consules
818 2099 1026 2134 creaturos,
1044 2095 1217 2126 auctores
1237 2086 1429 2138 popularis

314 2158 514 2196 sententiae
533 2157 635 2195 haud
653 2155 855 2208 populares
875 2161 1023 2197 nactus,
1045 2154 1083 2189 in
1104 2152 1328 2188 concionem
1345 2162 1430 2186 cum

315 2225 360 2261 iis
382 2223 577 2274 processit.
636 2222 713 2259 Ubi
741 2234 856 2271 quum
876 2218 1062 2261 consules,
1084 2217 1258 2268 producti
1289 2215 1333 2250 ad
1362 2226 1429 2264 po-

315 2288 461 2339 pulum,
501 2287 815 2336 interrogatique,
851 2285 882 2320 si
915 2296 978 2319 eos
1017 2280 1179 2334 populus
1216 2279 1432 2321 Romanus,
