1573 2598
354 197 509 228 LIBER
532 195 604 227 VI·
635 194 746 234 CAP,
765 193 969 223 xxxvu.
1130 191 1215 235 459

106 287 295 337 itemfore.
350 288 410 324 An
415 285 689 334 jammemoria
705 284 826 326 exisse,
847 295 954 332 quum
973 282 1129 319 tribunos
1148 284 1215 319 mi·
1228 280 1271 354 X·
1281 279 1321 354 g
1335 285 1410 355 ἷξε

106 353 212 388 litum
246 352 380 387 idcirco
404 352 537 399 potius,
573 361 682 398 quam
708 348 879 391 consules,
909 349 1024 384 creari
1055 348 1217 396 placuis-

106 421 171 458 set,
201 420 243 451 ut
270 420 306 451 et
328 415 475 463 plebeiis
497 418 642 463 pateret
663 423 822 449 summus
848 411 969 454 honos,
997 417 1151 460 quatuor
1182 418 1218 449 et

106 480 350 527 quadraginta
385 480 490 514 annis
519 478 695 514 neminem
729 487 771 512 ex
800 475 904 524 plebe
934 475 1115 513 tribunum
1147 479 1217 514 mi·

107 544 212 579 litum
237 548 395 579 creatum
420 543 527 578 esse?
556 542 627 583 Qui
655 541 850 583 crederent,
885 540 1062 577 duobusne
1092 543 1131 578 in
1164 543 1218 578 lo-

106 607 157 643 cis
172 618 239 642 sua
255 606 441 643 voluntate
461 606 698 654 inpartituros
716 603 815 652 plebi
834 603 1014 647 honorem,
1035 607 1097 653 qui
1121 610 1219 642 octo-

106 683 154 707 na
174 671 252 707 loca
272 671 419 706 tribunis
435 670 594 706 militum
611 669 775 706 creandis
799 680 973 718 occupare
994 670 1092 706 soliti
1111 671 1184 707 sint
1197 671 1221 710 ,9

105 739 142 772 et
166 736 215 771 ad
239 736 465 771 comulatam
491 735 588 770 viam
603 735 693 783 fieri
714 745 896 782 passuros,
917 735 979 782 qui
1001 735 1220 772 tribunatum

105 802 244 847 septum
280 803 355 834 tam
391 798 453 834 diu
489 797 710 834 habuerint?
736 797 835 845 Lege
869 797 1099 834 obtinendum
1134 810 1219 842 esse,

106 863 202 911 quod
232 863 384 898 comitiis
414 874 483 910 per
511 863 674 909 gratiam
704 866 858 910 nequeat
870 877 885 905 ‚-
913 866 949 898 et
983 863 1220 911 seponendum

106 932 207 964 extra
228 931 407 963 certamen
427 927 582 963 alterum
607 927 845 970 consulatum,
865 927 915 963 ad
935 939 1039 976 quem
1061 928 1159 977 plebi
1175 928 1223 965 sit

108 992 252 1028 aditus:
280 991 448 1039 quoniam
475 991 513 1026 in
541 992 735 1027 certamine
755 991 902 1027 relictus
922 993 1113 1039 praemium
1128 1004 1220 1029 sem·-

101 1068 172 1105 per
195 1056 409 1105 potentioris
428 1054 585 1104 futurus
611 1057 670 1092 sit.
727 1055 805 1092 Nec
826 1054 908 1102 jam
936 1068 1038 1105 posse
1069 1057 1142 1093 clici
1169 1057 1220 1100 id,

107 1122 204 1170 quod
228 1125 336 1157 antea
353 1119 498 1166 jactare
520 1121 618 1157 soliti
635 1122 719 1164 sint,
739 1133 810 1157 non
828 1133 898 1157 esse
916 1122 954 1157 in
976 1121 1125 1170 plebeiis
1142 1122 1221 1160 ido-

103 1196 188 1221 neos
204 1185 298 1221 viros
315 1185 364 1220 ad
383 1185 521 1220 curules
537 1186 782 1232 magistratus.
839 1186 1027 1233 Numquid
1048 1188 1144 1222 enim
1164 1198 1226 1223 so-

106 1250 247 1286 cordius
271 1254 336 1285 aut
361 1250 502 1298 segnius
527 1249 785 1298 rempublicam
810 1251 1059 1286 administrari
1072 1255 1158 1300 post
1176 1251 1221 1289 P.

106 1314 242 1351 Licinii
262 1314 365 1350 Calvi
389 1314 623 1356 tribunatum,
645 1315 707 1362 qui
730 1316 872 1363 primus
897 1326 939 1351 ex
962 1315 1066 1364 plebe
1084 1321 1223 1353 creatus

104 1380 166 1422 sit,
187 1391 296 1427 quam
315 1390 383 1427 per
400 1390 456 1415 eos
471 1391 583 1415 annos
597 1383 700 1426 gesta
719 1380 779 1421 sit,
801 1379 926 1427 quibus
945 1385 1079 1428 praeter
1099 1382 1221 1429 patri-

107 1444 179 1479 cios
195 1454 298 1479 nemo
318 1442 477 1478 tribunus
494 1443 650 1478 militum
665 1442 788 1492 fuerit
804 1444 825 1479 ‚9
853 1445 939 1491 quin
959 1449 1085 1480 contra
1099 1446 1222 1493 patri·

105 1508 177 1543 cios
204 1508 341 1555 aliquot
366 1508 554 1543 damnatos
574 1512 658 1556 post
683 1508 916 1551 tribunatum,
938 1511 1114 1545 neminem
1138 1510 1219 1557 ple·
1240 1547 1246 1552 ,

105 1571 230 1609 beium.
296 1572 494 1613 Quoestores
529 1583 680 1619 quoque,
716 1574 809 1608 sicut
849 1573 1006 1609 tribunos
1046 1575 1218 1618 militum,

104 1637 229 1684 paucis
259 1641 343 1672 ante
371 1637 473 1672 annis
501 1647 543 1672 ex
565 1635 670 1683 plebe
696 1641 825 1685 coeptos
850 1639 994 1674 creari:
1020 1650 1086 1673 nec
1108 1639 1221 1675 ullius

104 1711 226 1736 eorum
257 1700 433 1748 populum
469 1699 674 1737 Romanum
705 1702 920 1748 poenituisse.
988 1701 1222 1739 Consulatum

103 1774 282 1812 superesse
305 1763 451 1811 plebeiis
464 1778 476 1799 .·
505 1775 586 1798 eam
610 1775 681 1799 esse
706 1775 824 1799 arcem
850 1764 1036 1807 libertatis,
1057 1766 1096 1801 id
1120 1767 1219 1802 colu-

104 1839 211 1864 men:
245 1827 277 1862 si
308 1838 349 1862 eo
377 1832 585 1874 perventum
617 1828 676 1869 sit,
713 1832 788 1863 tum
818 1829 991 1875 populum
1013 1828 1220 1867 Romanum

105 1903 182 1928 vere
200 1895 340 1927 exactos
358 1902 400 1926 ex
419 1890 504 1927 urbe
519 1902 631 1938 reges,
652 1895 687 1927 et
709 1891 874 1927 stabilem
893 1892 1091 1929 libertatem
1115 1906 1219 1931 suam

103 1957 399 1992 existimaturum.
459 1956 601 2004 Quippe
618 1967 659 1992 ex
677 1956 746 1992 illa
771 1956 826 1992 die
850 1957 887 1992 in
908 1957 1049 2004 plebem
1067 1963 1219 1995 ventura

103 2021 238 2062 omnia,
259 2019 384 2067 quibus
406 2021 557 2068 patricii
583 2021 770 2063 excellant,
800 2022 992 2068 imperium
1018 2027 1125 2071 atque
1152 2024 1217 2060 ho-

103 2096 238 2127 norem,
259 2084 416 2131 gloriam
439 2084 536 2128 belli,
559 2096 683 2132 genus,
708 2085 945 2129 nobilitatem,
971 2098 1105 2134 magna
1131 2089 1218 2135 ipsis

93 2146 274 2197 fruenda,
299 2146 439 2194 majora
464 2149 583 2185 liberis
605 2149 852 2197 relinquenda.
908 2149 1036 2200 Hujus
1066 2152 1215 2199 generis

107 2210 298 2247 orationes
318 2210 384 2247 ubi
402 2212 523 2261 accipi
537 2211 682 2258 videre3
707 2225 847 2249 novam
865 2214 1105 2262 rogationem
1123 2227 1213 2264 pro-

103 2273 291 2323 mulgant,
313 2281 356 2311 ut
382 2288 452 2326 pro
480 2276 686 2313 duumviris
711 2279 826 2314 sacris
852 2278 1039 2315 faciundis
1064 2279 1212 2320 decem-

103 2338 174 2375 viri
197 2345 396 2387 creentur3
428 2341 484 2378 ita
507 2347 550 2378 ut
573 2353 658 2392 pars
683 2353 731 2378 ex
753 2341 878 2394 plebe,
904 2354 990 2394 pars
1017 2356 1064 2382 ex
1087 2344 1214 2382 Patri-

624 2403 708 2441 X2
