1573 2598
456 141 611 173 LIBER
633 140 667 170 1.
699 140 804 170 cAP.
828 139 899 169 IX·
1190 137 1240 181 19

121 245 207 272 eum
236 231 406 270 finitimis
439 228 632 268 connubia
668 233 805 265 essent.
860 226 961 264 Tum
997 238 1043 263 ex
1079 225 1243 263 consilio

120 298 279 336 Patrum
296 294 485 334 Romulus
503 294 651 343 legatos
672 292 772 329 circa
789 291 932 329 vicinas
958 297 1089 341 gentes
1123 291 1239 335 misit,

119 363 185 412 qui
204 362 426 400 societatem
445 358 753 407 connubiumque
771 369 873 394 novo
892 355 1035 407 populo
1055 362 1427 406 petc1·ent.connubia

126 427 235 465 Urbes
249 438 395 476 quoque,
415 429 457 462 ut
480 429 609 468 cetera,
629 434 670 460 ev
695 423 815 473 irfimo
839 424 937 459 nasci
953 438 965 459 .·
995 423 1135 466 deinde,
1157 435 1243 470 quas
1255 408 1369 482 22²3?
1384 407 1459 439 fini-

117 504 184 530 sua
200 493 311 528 virtus
328 503 372 527 ac
388 490 460 527 Dii
475 488 616 537 juvent,
639 499 788 537 magnas
812 499 894 537 opes
917 487 983 524 sihi
1007 499 1245 536 magnumque

117 568 243 594 nomen
267 556 406 606 facere.
464 555 563 592 Satis
588 556 690 599 scire,
720 555 851 603 origini
879 553 1053 590 Romanae
1079 559 1115 590 et
1143 554 1244 591 Deos

115 620 285 670 adfuisse,
308 625 343 657 et
363 632 433 656 non
461 619 667 669 defuturam
693 620 860 656 virtutem
874 634 888 656 .·
912 619 1066 667 proinde
1091 630 1136 654 ne
1154 631 1242 666 gra-

115 690 283 722 varentur
311 684 465 721 homines
497 696 575 720 cum
610 683 805 720 hominibus
835 684 1044 731 sanguinem
1073 687 1108 719 et
1133 694 1250 731 genus,

116 753 272 788 miscere.
327 750 527 800 Nusquam
546 749 712 799 benigne
730 749 873 799 legatio
893 749 1022 787 audita
1039 754 1117 785 est:
1145 749 1242 786 adeo

117 814 231 852 simul
259 813 503 865 spernebant,
531 813 643 852 simul
670 820 817 852 tantam
845 813 887 850 in
914 813 1041 850 medio
1070 823 1243 850 crescen-

116 884 196 916 tem
217 878 359 917 molem
377 877 450 915 sibi
470 891 513 916 ac
539 879 701 929 posteris
720 879 796 915 suis
815 877 1050 915 metuebant.
1106 877 1143 913 A
1161 875 1243 928 ple-

116 942 243 993 11sque
276 942 535 992 rogitantibus
573 942 730 986 dimissi,
761 942 912 991 Ecquod
927 941 1081 991 feminis
1108 952 1245 989 quoque

115 1008 254 1056 asylum
272 1008 517 1055 aperuissent?
544 1007 584 1042 id
601 1007 694 1042 enim
712 1007 853 1043 demum
873 1018 1018 1054 compar
1033 1005 1246 1042 connubium

103 1070 206 1120 sore.
262 1070 385 1120 AEgre
402 1071 443 1107 id
459 1070 640 1107 Romana
656 1069 775 1122 pubes
794 1083 919 1121 passa,
941 1076 980 1106 et
1000 1069 1103 1107 haud
1128 1068 1243 1106 dubie

113 1134 163 1172 ad
187 1132 265 1170 vim
292 1141 464 1183 spectare
492 1147 550 1169 res
581 1135 726 1183 coepit:
758 1135 819 1170 cui
852 1141 1001 1184 tempus
1038 1133 1244 1182 locumque

114 1203 250 1249 aptum
271 1202 315 1233 ut
336 1196 444 1233 daret
467 1195 672 1240 Romulus,
696 1197 961 1245 aegritudinem
985 1196 1103 1233 animi
1132 1196 1243 1232 dissi-

113 1260 278 1305 mulans,
297 1259 407 1298 ludos
428 1271 476 1297 ex
497 1259 685 1296 industria
711 1266 835 1311 parat,
855 1260 1042 1311 Neptuno
1061 1259 1242 1310 Equestri

113 1325 341 1363 sollemnes:
379 1324 587 1362 Consualia
615 1330 739 1362 vocat.
796 1323 920 1361 Indici
956 1325 1092 1361 deinde
1123 1325 1240 1361 finiti·-
1254 1335 1443 1378 Consumis*

113 1390 185 1429 mis
216 1390 476 1442 spectactssum
504 1390 645 1441 jubet:
685 1399 906 1442 quantoque
939 1393 1122 1443 adparatu
1159 1398 1242 1430 tum

112 1454 298 1500 sciebant,
316 1462 384 1492 aut
401 1462 595 1506 poterant,
617 1456 887 1494 concelebrant
900 1472 910 1503 3
943 1463 987 1493 ut
1001 1470 1081 1494 rem
1100 1456 1243 1496 claram

111 1526 428 1573 expectatamque
447 1520 630 1558 facerent.
676 1520 795 1558 Multi
813 1521 992 1558 mortales
1013 1535 1242 1566 convenere,

111 1586 239 1625 studio
259 1586 375 1623 etiam
392 1585 563 1623 videndae
589 1598 699 1623 novae
722 1586 850 1632 urbis;
882 1587 1047 1623 maxime
1075 1587 1243 1638 proximi

111 1652 266 1700 quique,
280 1651 540 1695 Caeninenses,
563 1651 814 1694 Crustumini,
831 1651 1096 1687 Antemnates.
1152 1651 1242 1689 Jam

113 1714 343 1751 Sabinorum
375 1717 498 1752 omnis
521 1715 742 1760 multitudo,
769 1728 856 1752 cum
877 1715 1005 1751 liberis
1033 1728 1076 1751 ac
1105 1713 1241 1764 conju-

112 1778 239 1827 gibus,
259 1779 386 1816 venit:
418 1780 570 1816 invitati
594 1779 839 1830 hospitaliter
866 1792 934 1830 per
954 1779 1104 1822 domos,
1124 1791 1241 1827 quum

112 1844 227 1880 situm
260 1845 478 1894 moeniaque
507 1850 545 1881 et
574 1845 812 1894 frequentem
836 1845 948 1881 tectis
973 1844 1105 1881 urbem
1124 1844 1240 1880 vidis-

112 1914 210 1952 sent,
237 1908 437 1952 mirantur,
466 1915 547 1946 tam
575 1909 680 1946 brevi
709 1922 788 1946 rem
817 1909 1036 1946 Romanam
1065 1910 1239 1947 crevisse.

113 1970 191 2008 Ubi
221 1972 427 2022 spectaculi
455 1978 604 2023 tempus
628 1974 745 2017 venit,
776 1973 986 2023 deditaeque
1016 1986 1062 2010 eo
1091 1980 1236 2010 mentes
1252 1985 1294 2015 u,
1312 1984 1396 2017 (3.4,

111 2046 199 2072 cum
215 2035 334 2072 oculis
356 2042 477 2080 erant,
494 2044 577 2073 tum
596 2050 643 2074 ex
662 2038 877 2087 composito
898 2044 984 2074 orta
998 2038 1073 2074 vis:
1104 2038 1235 2087 signo-
1248 2030 1289 2060 Α·
1302 2028 1339 2059 C·
1358 2033 1435 2064 743.

112 2111 186 2147 que
215 2099 306 2135 dato
336 2098 518 2150 juventus
547 2100 728 2138 Romana
759 2102 808 2138 ad
839 2103 1038 2152 rapiendas
1068 2103 1233 2151 virgines
1248 2115 1432 2154 Rapffuntur

113 2162 313 2199 discurrit:
351 2176 492 2213 magna
519 2178 605 2216 pars
639 2166 753 2210 forte,
784 2171 827 2203 ut
855 2167 896 2202 in
933 2178 1045 2215 quem
1076 2178 1234 2216 quaeque
1248 2158 1387 2189 sabissae·

111 2226 311 2271 inciderat,
347 2236 490 2279 raptae3
526 2230 708 2279 quasdam
739 2230 864 2268 forma
897 2231 1120 2275 excellente,
1156 2231 1235 2281 pri-⁴

112 2289 281 2329 moribus
303 2290 461 2330 Patrum
483 2293 706 2339 destinatas,
726 2306 773 2332 ex
801 2293 912 2347 plebe
940 2295 1129 2339 homines,
1150 2295 1234 2346 qui-
