1573 2598
303 131 390 178 524
761 137 808 166 τ.
831 137 965 167 mvn

307 221 424 259 tabem
448 223 631 259 crescentis
657 224 695 260 z'n
725 224 798 260 dies
816 223 970 273 foenoris
996 227 1078 274 pati
1093 226 1114 262 ,9
1148 221 1244 262 Haec
1271 226 1415 275 agitata

309 285 467 322 occultis
488 285 829 336 conjurationibus,
859 289 1018 325 necdum
1044 288 1199 338 vulgata
1223 289 1263 326 in
1283 302 1422 329 omnes.

112 345 155 377 U·
170 347 205 378 C·
222 355 296 381 413.
310 349 481 394 consilia,
512 351 657 387 invenit
682 364 802 388 novus
829 353 962 390 consul
988 353 1031 390 C.
1051 353 1219 390 Marcius
1245 353 1426 396 Rutilus,

111 390 152 420 ‘A'
167 390 204 422 θ’
221 397 296 426 ³39'
309 413 371 449 cui
391 414 601 464 Campania
619 420 721 452 sorte
749 417 946 466 provincia
971 422 1160 461 evenerat,
1187 417 1236 457 Q.
1256 416 1418 454 Servilio

307 477 454 526 collega
477 478 523 514 ad
542 478 672 516 urbem
693 479 838 518 relicto.
894 481 1029 530 Itaque
1059 493 1175 530 quum
1203 481 1338 518 omnia
1357 493 1421 523 ea,

306 541 405 576 sicut
424 547 531 590 gesta
550 548 671 586 erant,
692 555 758 593 per
776 544 950 581 tribunos
971 550 1166 595 comperta
1186 544 1360 587 haberet,
1380 550 1418 580 et

307 610 419 641 aetate
438 611 477 641 et
495 618 565 642 usu
584 605 717 643 doctus
748 608 905 658 (quippe
934 609 996 656 qui
1019 607 1102 657 jam
1131 614 1307 657 quartum
1325 619 1423 644 con-

306 668 365 705 sul
383 675 496 714 esset,
517 670 755 720 dictatorque
775 678 813 708 et
830 685 964 708 censor
981 671 1133 719 fuisset)
1153 672 1339 722 optimum
1358 684 1418 708 ra-

305 738 382 775 tus,
403 733 611 771 differendo
637 748 756 785 spem,
777 736 1091 786 quandocumque
1116 735 1269 779 vellent,
1292 736 1417 772 consi-

306 795 347 832 lii
367 798 610 846 exsequendi,
637 799 840 836 militarem
866 800 1038 850 inpetum
1056 799 1229 836 frustrari
1242 815 1254 845 3
1285 812 1417 836 rumo-

305 868 386 897 rem
404 861 576 911 dissipat,
595 863 636 898 in
656 862 789 899 iisdem
808 863 957 914 oppidis
985 869 1023 898 et
1045 875 1148 898 anno
1170 856 1262 912 ‘post
1285 864 1424 912 praesi-·

305 923 368 960 dia
395 923 667 961 hibernatura:
700 925 820 962 divisa
845 926 946 962 enim
968 931 1076 962 erant
1104 938 1171 976 per
1197 925 1416 976 Campaniae

305 988 431 1034 urbes,
461 997 782 1041 manaverantque
812 1004 835 1029 a
865 992 997 1042 Capua
1021 990 1181 1028 consilia
1206 990 1246 1027 in
1271 990 1427 1028 exerci-.

303 1060 386 1091 tum
415 1067 578 1094 omnem.
637 1057 698 1094 Eo
727 1055 950 1094 laxamento.
976 1054 1275 1105 cogitationibus
1305 1054 1429 1100 dato„

303 1119 447 1170 quievit
466 1121 505 1157 in
524 1122 727 1172 praesentia
745 1122 894 1158 seditio.
1423 1148 1428 1154 .

109 1189 184 1221 Arte
199 1189 269 1221 elu-
356 1183 560 1224 XXXIX.
591 1186 749 1231 Consul,
780 1187 915 1224 educto
944 1185 984 1223 in
1015 1187 1146 1223 aestiva·
1168 1184 1308 1230 milite;
1327 1185 1431 1222 dum·

107 1233 241 1266 duntur.
303 1248 452 1298 quietos
483 1250 671 1287 Samnites
700 1250 881 1293 habebat,
909 1251 1118 1287 exercitum
1142 1261 1305 1301 purgare
1323 1249 1429 1288 mis-z

302 1312 473 1351 sionibus
510 1315 818 1352 turbulentorum
865 1315 1064 1351 hominum
1099 1313 1281 1356 instituit,
1329 1311 1429 1351 aliis.

303 1379 460 1415 emerita
479 1379 639 1417 (licendo
663 1380 852 1431 stipendia
871 1392 965 1423 esse,
987 1378 1081 1416 alios
1110 1390 1242 1428 graves
1261 1376 1344 1427 jam
1363 1389 1414 1414 ae-

301 1447 396 1487 tate,
427 1450 493 1481 aut
521 1444 662 1482 viribus
692 1458 825 1496 parum
855 1444 1022 1482 validos:
1063 1443 1217 1493 quidam
1242 1442 1282 1479 in
1308 1453 1415 1478 com-

301 1513 448 1544 meatus
481 1509 746 1552 mittebantur,
777 1509 918 1558 singuli
947 1510 1085 1559 prim0,
1117 1507 1252 1544 deinde
1280 1512 1319 1542 et
1348 1517 1413 1541 co-

300 1570 431 1608 hortes
452 1574 637 1622 quaedam,
658 1575 747 1623 quia
765 1572 899 1624 procul
924 1572 971 1610 ab
999 1573 1111 1610 domo
1135 1584 1179 1608 ac
1205 1569 1317 1607 rebus
1336 1567 1413 1604 suis

300 1632 577 1675 hibernassent.
614 1637 688 1674 Per
704 1639 868 1688 speciem
888 1638 1003 1674 etiam
1022 1635 1243 1673 militarium
1262 1643 1434 1674 usuum„

300 1709 417 1744 quum
447 1700 510 1730 alii
543 1701 620 1730 alio
645 1702 901 1736 uiittucntui,
931 1713 1072 1741 magna
1101 1711 1186 1742 pars
1221 1696 1434 1741 ablegati}-

302 1771 416 1809 quam
434 1758 715 1811 multitudinem
739 1756 872 1796 consul
901 1756 996 1797 alter
1022 1756 1159 1794 Romae
1184 1762 1414 1807 praetorque,

302 1822 394 1860 alias
415 1836 461 1860 ex
481 1821 563 1860 aliis
584 1822 763 1876 fingendo
786 1833 926 1865 moraS,
952 1821 1153 1858 retinebat.
1209 1821 1262 1858 Et
1290 1822 1414 1872 primo

302 1888 466 1937 quidem,
496 1887 616 1936 ignari
645 1887 929 1930 ludificationis,
961 1886 1116 1923 minime
1144 1885 1252 1923 inviti
1279 1885 1414 1922 domos

301 1951 528 1988 revisebaut.
584 1951 794 2000 Postquam
822 1962 944 2000 neque
975 1951 1110 1986 reverti
1133 1950 1180 1986 ad
1205 1950 1314 1998 signa
1336 1950 1412 1999 pri-

302 2027 399 2058 11108,
428 2028 499 2052 nec
527 2015 644 2053 ferme
672 2015 801 2058 alium,
826 2027 938 2064 quam
966 2015 1029 2063 qui
1057 2015 1095 2052 in
1123 2013 1331 2063 Campania
1351 2013 1411 2049 hi-

302 2078 539 2123 bernassent,
571 2080 833 2130 praecipucque
863 2091 909 2115 ex
939 2079 983 2115 iis
1014 2078 1209 2115 seditionis
1237 2084 1410 2114 auctores

301 2143 403 2194 mitti
423 2144 596 2180 viderunt
608 2159 618 2189 3
651 2144 814 2194 primum
833 2142 1048 2184 admiratio,
1069 2141 1202 2177 deinde
1222 2140 1323 2176 haud
1342 2139 1411 2177 du-

301 2204 384 2243 bins
415 2207 530 2243 timor
555 2207 709 2243 incessit
735 2207 895 2248 animos,
924 2203 1083 2241 consilia
1103 2216 1170 2239 sua
1189 2215 1406 2243 emanasse;

292 2269 374 2318 ¹jam
400 2273 616 2321 qzmstiones,
637 2269 720 2319 jam
747 2271 894 2314 indicia,
915 2267 996 2317 jam
1023 2268 1165 2310 occulta
1187 2266 1429 2318 singulorum,
