1573 2598
284 120 369 163 492
743 119 789 148 'r-
814 115 956 148 mvn

140 227 148 234 ·
162 203 198 234 C·
212 210 286 259 398·
299 214 353 247 tos
369 221 451 247 esse.
508 207 667 257 Signum
685 213 849 258 poscunt
868 206 1015 256 ingenti
1030 204 1196 242 clamore
1211 221 1219 241 ι
1252 204 1417 254 celsique

138 247 195 278 'C'
210 254 284 279 3³4'
300 279 338 310 et
355 286 422 324 spe
440 273 542 310 haud
568 272 682 309 dubia
701 272 847 309 feroces
873 272 912 308 in
941 269 1119 322 proelium
1143 269 1298 307 vadunt,
1354 269 1416 307 Ibi

299 344 387 375 ante
407 338 516 386 signa
536 337 622 374 Sex.
641 335 803 380 Tullius,
825 335 871 372 de
891 348 967 384 quo
987 340 1076 371 ante
1095 334 1236 370 dictum
1257 339 1329 377 est,
1349 345 1417 370 ex·-

299 402 460 439 clamat':
495 403 665 451 Adspice,
703 403 912 450 imperator,
950 398 1087 448 inquit,
1122 398 1420 447 quemadmodum

299 468 469 504 exercitus
498 471 578 503 tuus
607 467 669 503 tibi
693 469 872 516 promissa
895 472 1065 516 praestet:
1092 466 1246 517 piloque
1275 467 1417 517 posito,

300 532 434 569 stricto
453 531 580 580 gladio
606 532 645 567 in
674 532 824 568 hostem
850 532 1021 582 inpetum
1039 531 1144 568 facit.
1201 532 1419 581 Sequuntur

300 595 469 633 Tullium
495 595 736 644 antesignani
762 608 908 640 omnes,
929 597 1127 647 primoque
1153 596 1285 646 inpetu
1308 606 1414 631 aver-

301 666 382 696 tere
417 660 591 696 hostem:
632 659 759 697 fusum
796 661 884 697 inde
918 660 967 697 ad
1002 660 1183 711 oppidum
1215 659 1418 710 persecuti,

301 737 416 774 quum
432 723 516 775 jam
540 724 658 761 scalas
685 725 878 761 moenibus
904 726 1164 767 admoverent,
1191 725 1228 761 in
1256 724 1418 760 deditio-

300 802 386 826 nem
408 789 537 826 urbem
558 796 806 839 acceperunt:
835 790 1048 839 triumphus
1070 789 1115 825 de
1134 788 1417 825 Privernatibus

303 859 420 890 actus.
476 854 538 890 Ab
555 853 674 890 altero
694 853 850 890 consule
865 854 961 890 nihil
979 853 1226 890 memorabile
1242 859 1390 901 gestum
1406 866 1415 889 ε

302 917 378 954 nisi
397 918 497 966 quod
515 917 638 965 legem
656 930 758 953 novo
778 917 952 967 exemplo
973 917 1019 954 ad
1040 917 1208 953 Sutrium
1227 917 1265 952 in
1287 916 1419 952 castris

90 980 155 1029 15⁸¹
165 980 202 1010 de
213 979 480 1018 vice·tributim
505 981 551 1018 de
580 982 758 1018 vicesima
787 993 932 1024 eorum,
954 982 1018 1030 qui
1047 981 1418 1023 manumitterentur,

88 1032 407 1082 snm³¹¹¹¹³m¹'tulit.
463 1045 610 1087 Patres,
641 1045 729 1093 quia
759 1057 803 1080 ea
831 1044 916 1094 lege
943 1044 1044 1081 haud
1072 1057 1228 1094 parvum
1257 1041 1421 1092 vectigal

88 1076 260 1097 missorum

88 1110 243 1140 incastris
265 1089 275 1105 ³
305 1109 413 1161 inopi
438 1110 570 1146 aerario
596 1109 766 1146 additum
793 1115 904 1152 esset,
933 1115 1106 1146 auctores
1126 1108 1291 1145 fuerunt.
1349 1108 1422 1144 Ce-

86 1153 159 1185 lata.
305 1184 429 1214 terum
447 1176 589 1212 tribuni
616 1175 751 1226 plebis,
772 1188 850 1212 non
876 1182 955 1212 tam
982 1175 1078 1224 lege,
1099 1188 1212 1224 quam
1232 1173 1420 1224 exemplo,

300 1241 416 1284 moti,
454 1252 502 1276 ne
539 1240 621 1288 quis
658 1245 794 1289 postea
828 1239 1012 1290 populum
1051 1244 1258 1282 sevocaret,
1297 1239 1421 1288 capite

307 1310 536 1341 sanxerunt:
569 1302 665 1339 nihil
694 1303 797 1339 enim
823 1315 902 1338 non
931 1315 997 1352 per
1026 1302 1179 1346 milites,
1201 1301 1352 1352 juratos
1382 1303 1422 1339 in

310 1368 474 1405 consulis
503 1367 632 1411 verba,
662 1368 831 1417 quamvis
861 1368 1117 1418 perniciosum
1142 1366 1300 1417 populo,
1327 1367 1358 1403 si
1388 1367 1425 1404 id

93 1438 129 1468 C.
146 1436 286 1466 Licinius
310 1432 454 1476 liceret,
474 1432 564 1468 ferri
584 1444 708 1482 posse.
761 1432 911 1469 Eodem
930 1445 1032 1468 anno
1052 1432 1095 1468 C.
1116 1431 1287 1468 Licinius
1315 1431 1424 1469 Stolo

90 1479 277 1555 ἷὲῗῃξξῗας.
312 1510 335 1533 a
350 1496 409 1533 M.
437 1496 603 1546 Popillio
621 1495 780 1532 Laenate
803 1509 871 1532 sua
896 1496 978 1544 lege
999 1496 1127 1532 decem
1156 1496 1320 1533 millibus
1342 1497 1424 1533 aeris

312 1569 370 1597 est
401 1561 614 1604 damnatus,
648 1561 750 1610 quod
780 1560 882 1597 mille
909 1559 1087 1610 jugerum
1120 1561 1200 1609 agri
1234 1573 1318 1597 cum
1346 1561 1425 1597 filio

310 1625 534 1675 possideret,
580 1625 929 1675 emancipandoque
972 1623 1091 1660 filium
1133 1623 1304 1661 fraudem
1349 1625 1426 1675 legi

308 1689 472 1727 fecisset.

95 1759 138 1790 U.
151 1757 187 1789 C.
205 1764 278 1791 399·
367 1752 500 1790 XVII.
529 1752 633 1789 Novi
653 1751 826 1789 consules
853 1752 954 1795 inde,
974 1751 1031 1788 M.
1058 1751 1197 1788 Fabius
1216 1752 1426 1790 Ambustus

94 1802 278 1835 A.C.353.
314 1817 520 1854 secundum
554 1824 593 1853 et
622 1817 680 1853 M.
712 1815 897 1866 Popillius
929 1815 1066 1852 Laenas
1101 1817 1318 1860 secundum,
1352 1817 1427 1854 duo

313 1881 414 1917 bella
428 1881 607 1918 habuere.
649 1879 777 1918 Facile
794 1880 953 1916 alterum
969 1893 1054 1916 cum
1074 1880 1312 1923 Tiburtibus,
1326 1881 1427 1930 quod

315 1945 452 1982 Laenas
473 1945 611 1994 gessit:
645 1946 723 1993 qui,
744 1945 854 1980 hoste
874 1945 912 1979 in
933 1944 1064 1980 urbem
1084 1944 1294 1994 compulso,
1315 1957 1426 1993 agros

102 2021 217 2052 Fabius
233 2028 252 2049 a
319 2010 494 2046 vastavit.
549 2009 687 2046 Falisci
709 2009 1079 2059 Tarquiniensesque
1104 2011 1264 2046 alterum
1290 2023 1428 2047 consu-

103 2064 394 2138 fffsrzigsnffisstlem
430 2074 551 2125 prima
583 2087 710 2125 pugna
739 2074 940 2110 fuderunt:
972 2075 1058 2111 inde
1090 2081 1212 2110 terror
1243 2075 1428 2112 maximus

104 2131 218 2181 aciem'.
292 2131 408 2191 '-1fuit,
429 2141 531 2190 quod
549 2141 761 2178 sacerdotes
789 2153 933 2183 eorum,
953 2139 1099 2176 facibus
1126 2138 1342 2174 ardentibus
1363 2152 1430 2176 an-

321 2206 533 2255 guibusque
564 2205 743 2256 praelatis,
774 2206 922 2242 incessu
947 2204 1071 2241 furiali
1100 2203 1256 2240 militem
1286 2203 1431 2241 Roma·

304 2279 414 2307 'num
442 2271 591 2311 insueta
626 2270 875 2307 turbaverunt
912 2269 1059 2322 specie:
1091 2274 1130 2306 et
1157 2274 1263 2305 tunc.
1281 2268 1432 2319 quidem
