1573 2598
332 168 410 209 162
674 156 677 159 ’
782 179 826 207 τ.
849 178 982 208 mvn

327 273 386 303 ter
400 272 550 317 tempus
568 278 679 302 noxae
701 265 952 314 iucrarentur)
974 265 1129 302 remissa
1147 267 1345 312 concione,
1364 268 1436 305 iter

325 331 366 367 in
402 330 663 380 insequentem
696 329 794 367 diem
830 330 1073 380 pronunciari
1105 343 1220 379 quum
1245 331 1435 381 jussisset,

324 394 444 444 prima
464 393 547 430 luce
562 393 720 429 classico
739 394 889 442 signum
908 394 1154 443 profectionis
1167 394 1279 431 dedit.
1309 396 1437 434 Quum

322 458 486 494 maxime
510 470 646 506 agmen
665 469 685 492 e
704 459 835 493 castris
861 457 1125 506 explicaretur,
1144 457 1289 502 Volsci,
1309 465 1352 495 ut
1370 471 1437 496 eo·

109 525 212 567 Fugit.
323 521 408 558 dem
433 522 544 569 signo
569 521 738 565 excitati,
758 522 982 558 novissimos
1011 522 1244 559 adoriuntur.
1299 523 1335 559 A
1354 523 1437 572 qui·

321 584 392 621 bus
421 585 585 634 perlatus
616 585 660 621 ad
690 585 831 635 primos
859 585 1057 628 tumultus,
1078 598 1124 621 eo
1150 599 1290 635 pavore
1308 587 1436 635 signa-

323 660 396 697 que
415 655 453 685 et
475 649 624 684 ordines
653 648 832 692 turbavit,
852 656 894 685 ut
921 662 1044 698 neque
1069 650 1225 699 imperia
1251 651 1435 694 exaudiri,

321 724 444 762 neque
463 714 598 749 instrui
617 714 714 749 acies
741 721 897 764 possent
914 728 922 749 :
953 727 1066 750 nemo
1084 713 1209 757 ullius,
1230 715 1303 750 nisi
1320 713 1436 764 fugae,

320 789 478 814 memor.
534 776 596 813 lta
624 776 742 813 effuso
771 778 920 826 agmine
948 790 1014 827 per
1043 783 1206 826 stragem
1234 790 1436 828 corporum

321 852 585 889 armorumque
611 853 774 884 evasere,
798 846 842 877 ut
868 841 971 890 prius
1000 841 1120 877 hostis
1151 841 1345 878 desisteret
1377 854 1436 878 se-

320 904 399 952 qui,
419 917 532 953 quam
556 903 754 941 Romanus
780 904 923 952 fugere.
979 904 1165 948 Tandem,
1189 904 1370 941 conlectis
1390 918 1437 944 ex

103 968 150 1000 U.
166 970 201 1001 C.
219 976 294 1002 284.
321 967 506 1017 dissipato
534 980 646 1003 cursu
673 967 872 1011 militibus,
903 967 1048 1011 consul,
1079 981 1194 1017 quum
1221 969 1435 1006 revocando

104 1013 144 1044 Δ·
163 1013 291 1046 0468·
320 1031 573 1081 nequidquam
602 1044 690 1068 suos
719 1038 937 1081 persecutus
966 1037 1078 1075 esset,
1108 1032 1148 1069 in
1177 1038 1313 1082 pacato
1343 1045 1435 1082 agro

319 1101 446 1131 castra
467 1096 618 1145 posuit;
651 1096 908 1146 advocataque
928 1097 1126 1141 concione,
1147 1097 1315 1134 invectus
1334 1099 1437 1136 haud

318 1157 416 1195 falso
445 1158 484 1194 in
514 1159 748 1209 proditorem
777 1161 983 1197 exercitum
1012 1159 1184 1197 militaris
1213 1161 1434 1212 disciplinae,

319 1221 548 1259 desertorem
577 1224 802 1272 signorum3
835 1224 900 1260 ubi
929 1225 1051 1274 signa,
1071 1224 1137 1260 ubi
1164 1237 1269 1261 arma
1294 1233 1434 1270 essent,

317 1285 487 1334 singulos
507 1287 691 1336 rogitans,
712 1288 873 1324 inermes
893 1287 1046 1330 milites,
1067 1288 1178 1336 signo
1197 1289 1335 1325 amisso
1355 1290 1433 1338 sig-

317 1349 459 1386 niferos
477 1365 488 1396 3
520 1351 567 1388 ad
593 1352 668 1389 hoc
693 1353 933 1389 centuriones
954 1352 1269 1402 duplicariosque,
1290 1353 1354 1402 qui
1374 1366 1435 1390 re·

317 1412 506 1463 liquerant
524 1415 690 1460 ordines,
709 1416 823 1466 virgis
843 1429 960 1453 caesos
982 1416 1102 1453 securi
1129 1417 1339 1467 percussit:
1372 1429 1433 1455 ce-

316 1483 398 1514 tera
429 1478 634 1517 multitudo
671 1486 773 1517 sorte
809 1480 975 1517 decimus
1012 1482 1171 1530 quisque
1207 1481 1254 1517 ad
1289 1480 1433 1532 suppli·

316 1543 416 1579 cium
435 1543 536 1582 lecti.

367 1607 458 1645 LX.
489 1609 634 1645 Contra
653 1622 698 1646 ea
721 1610 760 1647 in
780 1608 917 1658 AEquis
937 1610 1037 1646 inter
1055 1608 1248 1645 consulem
1267 1622 1312 1646 ac
1330 1611 1431 1647 mili-

313 1675 394 1707 tem
413 1672 593 1709 comitate
612 1685 656 1709 ac
682 1673 874 1709 beneficiis
904 1678 1087 1708 certatum
1117 1678 1198 1709 est:
1231 1679 1269 1709 et
1296 1680 1434 1712 natura

100 1739 244 1771 Quinctii
315 1734 519 1774 Quinctius
539 1742 620 1772 erat
637 1735 773 1780 lenior,
794 1742 832 1772 et
850 1737 994 1773 saevitia
1013 1736 1145 1773 infelix
1163 1735 1332 1786 collegae,
1353 1751 1429 1788 quo

96 1792 162 1858 ἓξ·
178 1785 279 1816 ‘mni‘
316 1798 346 1834 is
367 1801 486 1847 magis
506 1801 688 1848 gauderet
705 1801 861 1849 ingenio
880 1813 963 1843 suo,
981 1799 1166 1837 effecerat.
1223 1800 1326 1837 Huic
1344 1808 1431 1838 tan-

315 1868 364 1898 tae
380 1865 591 1901 concordiae
612 1864 715 1900 ducis
735 1864 996 1912 exercitusque
1014 1875 1093 1899 non
1109 1863 1188 1899 ausi
1211 1863 1359 1901 obferre
1374 1877 1428 1908 se,

314 1925 433 1974 AEqui
452 1928 582 1975 vagari
602 1927 911 1976 populabundum
930 1928 1079 1963 hostem
1099 1939 1166 1976 per
1184 1939 1295 1975 agros
1315 1929 1430 1978 passi.

312 1989 398 2026 Nec
427 1990 504 2026 ullo
534 1997 621 2027 ante
650 1990 750 2027 bello
777 1990 889 2026 latius
915 1990 1001 2026 inde
1029 1996 1124 2027 actae
1155 1991 1314 2040 praedae:
1347 2005 1430 2030 om·-

312 2055 370 2090 nis
400 2054 512 2090 militi
541 2055 629 2092 data
657 2061 726 2091 est.
781 2054 1029 2091 Addebantur
1049 2061 1088 2092 et
1112 2055 1255 2099 laudes,
1276 2057 1428 2106 quibus,

311 2118 412 2154 haud
439 2120 562 2155 minus
592 2132 704 2167 quam
732 2120 901 2169 praemio,
922 2120 1087 2168 gaudent
1112 2120 1275 2156 militum
1297 2122 1428 2160 animi.

311 2181 411 2218 Tum
430 2182 530 2225 duci,
551 2189 630 2219 tum
656 2189 810 2232 propter
828 2183 960 2219 ducem
980 2182 1156 2220 Patribus
1176 2196 1326 2233 quoque
1344 2183 1426 2234 pla-

311 2246 434 2281 catior
462 2247 646 2282 exercitus
675 2247 785 2283 rediit
801 2262 812 2292 3
845 2246 916 2283 sibi
944 2254 1152 2297 parentem,
1183 2248 1291 2284 alteri
1320 2260 1426 2284 exer-

309 2308 403 2347 citui
425 2309 617 2347 dominum
638 2311 765 2347 datum
791 2310 838 2347 ab
859 2317 1007 2354 senatu,
1027 2323 1253 2349 memoranS.
1310 2309 1425 2348 Varia
