1573 2598
79 285 123 316 U.
139 285 176 316 C.
193 293 267 320 292.

79 329 120 361 A.
136 328 174 362 C.
189 335 264 363 460.

127 876 220 907 caesi.

132 1716 197 1745 Lex
210 1716 273 1745 Te-

132 1759 267 1789 sentilla.

295 189 376 230 180
747 205 793 235 T.
817 207 951 237 mvn

293 287 387 326 locis
413 296 535 341 rapta,
556 290 859 343 adpropinquare
877 293 962 331 urbi
988 306 1067 331 non
1086 295 1183 339 ausi,
1203 287 1319 345 quum
1337 295 1412 332 cir-

295 361 469 392 cumacto
499 357 650 404 agmine
678 358 858 402 redirent,
882 364 1034 408 'quanto
1062 359 1212 409 longius
1242 359 1289 397 ab
1318 359 1412 396 urbe

293 419 462 456 hostium
499 419 758 465 abscederent,
788 434 835 459 eo
863 422 1046 460 solutiore
1075 436 1164 461 cura
1199 425 1240 461 in
1268 424 1412 460 Lucre-

294 484 391 521 tium
416 484 590 521 incidunt
613 486 823 531 consulem,
840 486 925 538 jam
953 494 1042 524 ante
1069 487 1275 539 exploratis
1298 488 1413 524 itine-

295 548 399 585 ribus
436 550 512 585 suis
549 550 790 594 instructum,
828 557 867 588 et
902 552 949 589 ad
981 559 1173 590 certamen
1209 553 1413 589 intentum.

296 612 435 662 Igitur,
461 616 681 664 praeparatis
709 617 858 659 animis,
886 618 1085 668 repentino
1103 629 1243 668 pavore
1266 615 1414 666 percul-

298 690 359 713 sos
380 677 517 721 adorti,
539 677 735 727 aliquanto
756 681 951 730 pauciores
971 681 1255 718 multitudinem
1278 681 1412 729 ingen-

297 747 375 778 tem
397 741 563 778 fundunt
588 742 822 792 fugantque5
855 751 893 781 et
912 745 1126 795 compulsos
1145 746 1186 782 in
1205 757 1314 781 cavas
1333 742 1414 780 val--

297 806 366 849 les,
398 818 514 854 quum
544 806 666 842 exitus
697 806 799 843 haud
830 808 870 843 in
903 808 1007 844 facili
1037 815 1177 852 essent,
1207 809 1414 844 circumve-

297 870 419 906 niunt.
477 869 537 906 Ibi
573 870 754 907 Volscum
790 884 930 908 nomen
967 886 1085 923 prope
1122 872 1286 908 deletum
1324 877 1412 907 est:

297 934 479 970 tredecim
501 934 620 970 millia
644 936 941 984 quadringentos
966 937 1209 987 septuaginta
1234 936 1415 972 cecidisse

298 999 336 1034 in
360 999 441 1034 acie
470 1011 513 1034 ac
542 998 648 1046 fuga,
676 999 778 1036 mille
801 1001 984 1036 ducentos
1011 1001 1287 1053 quinquaginta
1308 1000 1414 1035 vivos

299 1070 445 1114 captOS,
467 1063 576 1111 signa
594 1065 730 1111 viginti
750 1070 895 1114 septem
917 1065 1098 1100 militaria
1119 1063 1252 1106 relata,
1272 1063 1311 1098 in
1331 1063 1415 1112 qui-

299 1128 458 1165 busdam
487 1128 685 1164 annalibus
715 1130 891 1166 invenio:
935 1129 997 1165 ubi
1027 1129 1097 1165 etsi
1127 1127 1316 1178 adjectum
1345 1126 1416 1163 ali-

299 1191 387 1240 quid
416 1204 576 1228 numero
605 1193 667 1235 sit,
694 1205 834 1242 magna
863 1199 964 1228 certe
993 1192 1112 1228 caedcs
1140 1191 1225 1228 fuit.
1281 1190 1419 1226 Victor

298 1255 444 1298 consul,
468 1256 614 1303 ingenti
643 1257 771 1306 praeda
798 1258 956 1306 potitus,
981 1257 1111 1293 eadem
1134 1257 1171 1292 in
1197 1255 1334 1291 stativa
1355 1266 1417 1290 re-

299 1320 379 1355 diit.
437 1320 537 1355 Tum
566 1320 738 1356 consules
769 1328 892 1357 castra
922 1321 1184 1370 conjungunt:
1218 1326 1255 1355 et
1282 1318 1414 1354 Volsci

298 1383 491 1432 AEquique
524 1383 691 1420 adflictas
721 1385 818 1420 vires
857 1397 941 1420 suas
980 1386 1017 1419 in
1057 1396 1173 1419 uuum
1207 1382 1415 1419 contulere.

299 1447 431 1483 Tertia
457 1447 521 1483 illa
546 1461 674 1498 pugna
697 1461 742 1485 co
762 1462 863 1485 anno
883 1449 956 1485 fuit
975 1463 982 1484 ε
1016 1448 1146 1484 eadem
1164 1448 1319 1484 fortuna
1338 1447 1417 1483 vic-

300 1513 438 1548 toriam
456 1513 558 1548 (ledit
576 1527 583 1547 :
617 1513 708 1548 fusis
729 1513 918 1556 hostibus,
939 1513 1052 1549 etiam
1073 1518 1195 1548 castra
1215 1518 1337 1561 capta.

355 1576 428 1613 IX.
460 1577 522 1613 Sic
545 1590 602 1613 res
625 1577 804 1613 Romana
825 1578 863 1613 in
891 1578 1088 1625 antiquum
1114 1582 1255 1612 statum
1279 1575 1389 1611 rediit
1404 1589 1412 1597 ·

303 1642 550 1691 secundaeque
575 1642 662 1678 belli
690 1655 748 1677 res
778 1641 969 1691 extemplo
1000 1641 1164 1677 urbanos
1195 1647 1319 1676 motus
1350 1653 1415 1675 ex·

304 1707 526 1743 citaverunt.
585 1707 627 1743 C.
654 1706 884 1742 Terentilius
907 1707 1005 1742 Ana
1028 1706 1204 1741 tribunus
1226 1704 1346 1755 plebis
1370 1717 1417 1740 eo

304 1784 406 1807 anno
434 1771 529 1807 fuit:
567 1772 611 1813 is,
643 1771 861 1806 consulibus
892 1770 1126 1812 absentibus,
1158 1777 1261 1806 ratus
1291 1769 1417 1805 locum

304 1835 516 1870 tribuniciis
547 1835 763 1870 actionibus
793 1834 938 1876 datum,
972 1846 1039 1883 per
1064 1833 1209 1881 aliquot
1238 1833 1315 1869 dies
1341 1832 1416 1869 Pa·

303 1906 404 1936 trum
433 1900 648 1948 superbiam
677 1899 722 1934 ad
752 1898 901 1948 plebem
926 1899 1160 1940 criminatus,
1188 1897 1350 1933 maxime
1377 1897 1415 1933 in

305 1963 502 2000 consulare
527 1964 740 2012 imperium,
765 1970 958 2011 tamquam
984 1963 1156 2003 nimium,
1180 1974 1249 1997 nec
1276 1961 1415 1997 tolera-

303 2028 380 2065 bilc
403 2028 528 2063 liberae
558 2028 717 2070 civitati,
744 2027 992 2062 invehebatur
1011 2041 1017 2061 :
1051 2027 1204 2062 Nomine
1223 2028 1313 2062 enim
1336 2031 1417 2062 tan-

306 2100 381 2130 tum
408 2096 525 2130 minus
551 2094 776 2134 invidiosum,
802 2104 841 2127 re
870 2093 947 2139 ipsa
972 2103 1085 2139 prope
1117 2093 1285 2133 atrocius,
1312 2103 1420 2139 quam

306 2159 455 2206 regium,
477 2170 556 2193 esse.
616 2158 757 2205 Quippe
777 2158 864 2192 (laos
884 2168 953 2204 pro
981 2168 1051 2191 uno
1074 2157 1218 2191 domino
1243 2161 1420 2203 acceptos,

301 2223 544 2261 immoderata,
568 2223 707 2271 infinita
730 2227 930 2271 potestate:
959 2223 1031 2268 qui,
1058 2223 1166 2256 soluti
1191 2226 1298 2268 atque
1316 2223 1419 2271 effre-

304 2289 383 2322 nati
404 2288 483 2333 ipsi,
507 2299 624 2322 omnes
650 2293 761 2324 metus
788 2289 904 2335 legum
930 2288 1118 2335 omniaque
1140 2287 1319 2334 supplicia
1342 2298 1419 2322 ver-

307 2355 420 2387 terent
446 2352 482 2386 in
502 2351 653 2399 plebem.
711 2352 798 2393 Qnoe
819 2363 864 2387 ne
887 2350 1020 2388 (εἰει-για
1039 2351 1109 2387 illis
1126 2351 1273 2387 licentia
1289 2351 1349 2393 sit,
1370 2350 1420 2386 le·
