1573 2598
396 142 552 172 Ltssssn
576 140 671 170 vn.
705 140 812 169 οΑΡ.
835 140 917 171 xx„
1127 123 1211 186 527

99 247 157 272 nes
178 233 395 272 Samnitium
404 233 574 282 fudistis,
594 232 644 269 bis
663 236 781 269 castra
799 233 835 269 vi
853 233 1004 281 cepistis.
1036 233 1119 281 ‘Ego
1135 245 1214 270 sum

101 300 157 338 M.
181 299 344 336 hiterius
363 299 511 342 Corvus,
531 299 676 341 milites,
703 296 802 344 cujus
825 309 886 334 vos
912 298 1139 334 nobilitatem
1157 299 1215 336 be·

99 366 232 415 mficiis
250 376 336 412 erga
353 376 427 407 vos,
453 376 526 400 non
554 362 707 410 injuriis,
733 364 912 408 sensistis,·
940 364 1076 400 nullius
1091 376 1215 413 super-

99 430 151 466 bae
167 431 204 466 in
223 441 282 466 vos
302 431 402 477 legis,
423 429 558 465 nullius
583 428 737 465 crudelis
756 429 1051 464 senatusconsulti
1070 434 1196 465 auctor
1199 445 1217 473 ς

98 495 137 531 in
158 495 314 531 omnibus
333 496 418 530 meis
437 494 596 542 imperiis
622 495 659 530 in
683 504 740 529 me
763 495 928 537 severior,
945 506 1054 542 quam
1078 496 1118 530 in
1144 506 1217 533 vos.

100 561 156 596 Ac
177 561 209 596 si
236 562 295 596 cui
320 572 445 608 genem,
474 561 504 596 si
533 560 590 595 cui
613 571 680 595 sua
706 560 832 602 virtus,
858 560 889 595 si
914 561 971 596 cui
998 560 1110 596 etiam
1136 572 1217 597 ma-

91 622 219 670 jestas,
249 626 360 660 sicui
389 624 539 660 honores
565 623 713 660 subdere
738 618 887 671 spiritus
913 628 1136 672 potuerunt;
1173 625 1218 661 iis

99 700 198 724 erum
222 693 341 731 natus,
368 688 407 724 id
433 689 609 736 specimen
633 689 704 724 mei
729 688 911 731 dederam,
938 700 982 724 ea
1003 693 1108 725 aetate
1130 700 1216 725 con-

98 753 258 788 sulat-um
286 753 438 800 adeptus
469 763 581 794 eram,
611 756 654 787 ut
685 754 882 799 potuerim,
922 756 992 788 tres
1023 757 1058 788 et
1086 754 1218 800 viginti

99 819 210 852 annos
238 821 357 859 natus,
389 817 512 853 consul
543 816 712 852 Patribus
736 828 874 864 quoque
891 815 1006 865 ferox
1033 829 1117 860 esse,
1145 828 1218 853 non

97 882 213 917 solum
239 882 347 930 plebi.
407 882 511 923 Quod
539 893 657 918 meum
677 879 829 929 factum
857 882 1035 918 dictumve
1063 882 1217 919 consulis

98 947 256 992 gravius,
278 957 382 993 quam
405 945 550 987 tribuni,
575 946 758 981 audistis?
785 946 907 981 eodem
930 951 1050 982 tenore
1068 947 1139 982 cluo
1157 947 1214 983 in·

99 1016 281 1058 sequentes
300 1010 504 1046 consulatus
519 1011 609 1057 gessi
619 1027 630 1053 ;
660 1011 781 1045 eodem
801 1010 874 1045 hoec
893 1011 1081 1057 imperiosa
1099 1012 1216 1047 dicta-

102 1080 185 1110 tura
201 1079 371 1122 geretur:
400 1079 441 1111 ut
459 1087 570 1122 neque
589 1076 623 1110 in
647 1074 709 1110 hos
727 1085 819 1110 meos
838 1079 874 1110 et
894 1076 1026 1122 patrice
1044 1087 1130 1112 ineoe
1146 1076 1217 1112 mi-

102 1140 182 1175 lites
199 1140 334 1181 mitior,
355 1151 464 1186 quam
484 1139 517 1174 in
541 1150 613 1180 vos,
635 1138 760 1174 horreo
780 1138 908 1180 uicere,
933 1138 1059 1175 hostes.
1115 1139 1217 1187 Ergo

99 1215 160 1239 vos
185 1204 287 1251 prius
307 1204 339 1239 in
360 1214 415 1238 me
432 1204 648 1238 strinxeritis
664 1202 826 1251 ferrum,
853 1215 960 1251 quum
986 1205 1023 1239 in
1047 1215 1107 1240 vos
1129 1216 1191 1252 ego
1205 1220 1218 1241 .-

100 1269 204 1303 istine
227 1268 330 1314 signa
356 1271 498 1308 canent,
525 1268 629 1302 istinc
655 1267 790 1302 clamor
813 1266 917 1314 prius
943 1268 1090 1316 incipiet
1108 1272 1218 1316 atque

102 1333 255 1379 inpetus,
274 1332 305 1366 si
322 1331 564 1367 dimicandum
586 1335 648 1366 est.
688 1330 851 1366 Inclucite
870 1332 905 1366 in
924 1333 1099 1375 animum,
1121 1332 1219 1381 quod

100 1407 172 1431 non
200 1395 417 1431 induxerunt
440 1400 566 1443 patres
591 1397 718 1443 avique
741 1397 847 1431 vestri
861 1412 873 1438 ‚·
902 1407 973 1432 non
998 1397 1068 1440 illi,
1093 1399 1156 1445 qui
1180 1399 1219 1434 in

103 1461 255 1495 Sacrum
275 1464 429 1495 montem
446 1464 659 1496 secesserunt
670 1475 681 1504 3
712 1471 784 1495 non
804 1459 854 1502 hi,
875 1461 936 1508 qui
950 1458 1077 1508 postea
1095 1463 1225 1507 Acen-l

101 1526 215 1560 tinum
243 1524 460 1560 insederunt.
517 1524 744 1572 Exspectate,
767 1523 854 1558 dum
871 1523 966 1560 vobis
989 1525 1154 1572 singulis,
1173 1531 1217 1562 ut

102 1589 188 1624 olim
209 1588 413 1631 Coriolano,
433 1593 568 1624 matres
592 1586 826 1635 conju-gesque
847 1588 1001 1624 crinibus
1021 1591 1138 1636 passis
1155 1590 1216 1626 ob-

100 1655 165 1688 vice
193 1653 238 1688 ab
264 1652 348 1688 urbe
375 1654 532 1688 veniant.
594 1653 684 1687 Tum
708 1651 914 1687 Volscorum
940 1652 1108 1699 legiones,
1133 1656 1219 1702 quia

103 1715 307 1752 Romanum
324 1715 498 1750 habebant
517 1716 658 1756 ducem,
679 1716 887 1762 quieverunt
894 1731 907 1758 ,-
934 1727 1008 1758 vos,
1030 1716 1218 1754 Romanus

102 1781 285 1821 exercitus,
306 1791 351 1815 ne
369 1779 578 1815 destiteritis
602 1779 703 1826 inpio
727 1777 817 1813 bello
835 1779 855 1814 9
889 1779 929 1814 Τ.
949 1779 1108 1823 Quincti,
1130 1794 1216 1830 quo-

103 1855 250 1892 cumque
272 1844 350 1879 istic
369 1843 458 1885 loco,
479 1853 540 1877 seu
564 1842 696 1884 volens,
722 1853 783 1878 seu
802 1843 946 1884 invitus,
964 1845 1167 1887 constitisti,
1186 1846 1219 1882 si

102 1908 346 1946 dimicandum
365 1908 445 1949 erit,
465 1912 541 1942 tum
563 1911 602 1942 tu
623 1908 657 1942 in
677 1908 880 1944 novissimos
899 1911 934 1943 te
951 1909 1100 1956 recipito
1114 1924 1128 1945 .·
1144 1908 1216 1958 fu-

101 1975 195 2021 geris
223 1974 335 2009 etiam
366 1971 557 2014 honestius,
592 1976 799 2020 tergumque
828 1972 897 2007 civi
926 1971 1078 2016 dederis,
1109 1986 1219 2022 quam

100 2038 317 2086 pugnaveris
346 2040 472 2071 contra
502 2036 678 2084 patriam.
734 2035 843 2072 Nunc
870 2035 920 2071 ad
951 2036 1220 2086 pacificandum

103 2101 195 2152 bene,
216 2106 324 2150 atque
356 2100 498 2137 honeste
534 2101 629 2136 inter
654 2101 792 2148 primos
819 2099 940 2144 stabis,
970 2105 1007 2137 et
1038 2102 1219 2151 conloquii

104 2165 207 2211 hujus
234 2166 407 2201 salutaris
435 2167 608 2212 interpres
628 2163 763 2213 fueris.
821 2165 1012 2202 Postulate
1037 2177 1152 2214 oequa,
1182 2171 1218 2205 et

92 2230 221 2280 ferte:
249 2241 466 2278 quamquam
483 2230 540 2266 vel
557 2231 688 2278 iniquis
704 2229 872 2266 standum
889 2234 941 2265 est
955 2231 1089 2277 potius,
1110 2243 1219 2279 quam

102 2294 220 2344 inpias
257 2295 351 2330 inter
387 2305 451 2330 nos
486 2305 708 2330 conseramus
741 2304 881 2330 manus.
936 2291 983 2331 T.
1012 2292 1216 2334 Quinctius

1228 235 1270 266 U.
1282 234 1320 267 C.
1336 239 1411 267 4132

1226 279 1266 311 A.
1281 278 1318 311 C.
1334 284 1410 312 339.
