1573 2598
132 228 1248 260 Q

293 420 357 473 T.
399 420 610 474 LIVII
661 421 1080 477 PATAVINI

534 558 732 597 LIBER
768 558 838 598 IV.

501 711 859 738 ..φ-,ῳ

249 840 314 879 08
334 840 454 878 secuti
471 839 528 878 M.
549 840 742 878 Genucius
763 847 801 878 et
821 842 864 878 C.
887 843 1040 896 Curtius
1062 845 1250 884 consules.
1264 849 1306 882 U.
1324 851 1360 881 C.
1377 856 1453 884 310.

276 906 366 943 Fuit
385 917 506 942 annus
527 905 629 941 domi
645 905 814 955 forisque
834 905 993 943 infestus
1011 922 1018 944 ι
1050 921 1139 946 nam
1159 911 1250 947 anni
1262 895 1301 925 A·
1319 895 1358 925 ς’·
1374 902 1448 926 ‘¹⁴²'

133 972 321 1025 principio
341 976 380 1007 et
399 970 445 1006 de
464 970 658 1006 connubio
677 970 835 1007 Patrum
858 978 896 1007 et
914 971 1033 1021 plebis
1056 973 1099 1010 C.
1121 974 1249 1011 Canu-

133 1037 227 1075 leius
247 1034 423 1072 tribunus
449 1033 569 1084 plebis
596 1035 837 1083 rogationem
863 1036 1119 1086 promulgavit
1133 1054 1143 1084 3
1176 1051 1250 1088 qua

134 1099 387 1138 contaminari
417 1098 642 1147 sanguinem
675 1111 783 1134 suum
816 1098 962 1143 Patres,
992 1101 1250 1152 confundique
1264 1113 1328 1143 Lex
1338 1114 1376 1143 de
1390 1121 1467 1144 con.

0 1144 5 1268 ἱ
128 1164 221 1216 jura
236 1163 408 1213 gentium
427 1161 608 1198 rebantur
625 1177 633 1198 :
657 1169 695 1198 et
713 1164 872 1206 mentio,
890 1164 1012 1214 primo
1032 1166 1171 1202 sensim
1189 1167 1249 1203 in·
1262 1156 1364 1186 nubio
1379 1157 1437 1187 Pa‘

0 1062 1 1076 l

0 1078 3 1094 l

133 1229 212 1266 lata
231 1241 252 1264 a
271 1226 449 1267 tribunis,
471 1231 512 1261 ut
532 1225 691 1261 alterum
712 1239 758 1262 ex
777 1226 886 1276 plebe
907 1228 1100 1265 consulem
1120 1229 1251 1267 liceret
1262 1205 1397 1283 {legista

134 1293 230 1336 fieri,
251 1304 297 1328 eo
316 1291 502 1341 processit
521 1289 668 1333 deinde,
689 1296 732 1326 ut
758 1292 998 1339 rogationem
1025 1306 1163 1331 novem
1182 1295 1250 1331 tri-

135 1357 228 1394 buni
260 1354 561 1406 promulgarent,
594 1360 635 1390 ut
656 1356 792 1403 populo
813 1360 974 1403 potestas
997 1363 1096 1402 esset,
1123 1371 1184 1396 seu
1211 1360 1315 1396 deDe
1330 1369 1422 1409 qom-

132 1422 247 1472 plebe,
279 1432 339 1457 sea
371 1422 415 1457 de
443 1420 614 1456 Patribus
641 1420 759 1463 vellet,
791 1422 947 1458 consules
968 1422 1149 1471 faciendi.
1207 1424 1252 1461 ld
1263 1404 1465 1487 {Txssffgsso

136 1499 225 1523 vero
251 1486 283 1522 si
311 1485 431 1528 fieret,
460 1497 539 1521 non
571 1482 718 1534 vulgari
749 1485 864 1522 modo
893 1499 979 1523 cum
1007 1488 1160 1532 infimis,
1187 1489 1253 1525 sed
1265 1490 1448 1522 consulatu,

136 1563 289 1602 prorsus
320 1549 459 1586 auferri
488 1563 511 1586 a
538 1549 768 1599 primoribus
799 1551 846 1586 ad
873 1550 1036 1601 plebem,
1064 1560 1255 1589 summum

136 1615 336 1666 imperium
372 1614 590 1651 credebant.
646 1614 746 1651 Laeti
783 1627 874 1663 ergo
916 1616 1068 1652 audiere
1103 1616 1252 1661 Patres,

133 1680 360 1717 Ardeatium
388 1678 573 1730 populum
596 1679 646 1715 ob
668 1678 846 1729 injuriam
866 1681 947 1728 agri
964 1680 1171 1730 abjudicati
1191 1682 1255 1717 de-

137 1745 266 1787 scisse,
283 1749 321 1779 et
334 1743 514 1779 Veientes
531 1742 780 1793 depopulatos
794 1749 961 1779 extrema
978 1745 1058 1792 agri
1070 1743 1254 1787 Romani,

137 1814 175 1845 et
194 1807 355 1845 Volscos
376 1807 602 1857 AEquosque
625 1806 674 1843 ob
703 1808 976 1844 communitam
1002 1808 1255 1858 Verruginem

134 1871 319 1909 fremere:
352 1871 447 1908 adeo
472 1871 530 1907 vel
551 1870 685 1907 infelix
711 1870 851 1906 bellum
879 1871 1144 1920 ignominiosae
1170 1871 1253 1922 paci

136 1935 401 1986 praeferebant.
458 1934 531 1971 His
561 1935 690 1984 itaque
717 1935 756 1970 in
782 1934 904 1984 majus
932 1936 1046 1971 etiam
1074 1937 1253 1985 acceptis,

135 2006 179 2037 ut
204 2001 303 2036 inter
331 2000 532 2050 strepitum
562 2005 622 2035 tot
652 1998 838 2035 bellorum
862 2000 1162 2035 conticescerent
1192 2013 1254 2036 ac·

135 2068 259 2103 tiones
285 2067 513 2109 tribuniciae,
542 2066 708 2102 delectus
735 2065 881 2108 haberi,
908 2065 1050 2102 bellum
1076 2079 1255 2116 armaque

135 2130 173 2166 vi
191 2143 338 2166 summa
363 2130 534 2180 adparari
554 2129 720 2180 jubent3
754 2129 784 2164 si
806 2142 881 2178 quo
909 2129 1092 2165 intentius
1117 2132 1252 2179 possit,

137 2208 249 2244 quam
268 2194 315 2231 T.
338 2195 524 2235 Quinctio
544 2194 701 2230 consule
728 2194 952 2244 adparatum
973 2195 1032 2231 sit.
1090 2194 1190 2230 Tum
1210 2195 1252 2231 C.

139 2258 342 2296 Canuleius
368 2272 491 2310 pauca
516 2260 556 2295 in
583 2265 716 2295 senatu
742 2258 985 2301 vociferatus,
1013 2260 1255 2307 nequidquam

138 2325 337 2362 territando
355 2325 510 2361 consules
528 2329 690 2361 avertere
704 2324 841 2372 plebem
867 2338 890 2360 α
909 2337 995 2361 cura
1013 2336 1181 2360 novarum
1205 2326 1253 2360 le-
