1573 2598
407 187 563 216 nmzn
588 186 623 214 1.
657 186 763 215 cAP.
785 186 924 215 XLVI.
1165 174 1219 229 65

103 287 249 314 memor
277 275 447 326 responsi
478 273 660 311 Sabinum
688 274 744 310 ita
765 273 1006 322 adloquitur:
1041 274 1222 316 Quidnam

102 346 155 385 tu,
177 341 310 390 hospes,
326 352 438 389 paras
450 341 471 376 ‚9
489 339 626 387 inquit,
644 340 770 375 inceste
787 340 997 389 sacrificium
1008 339 1221 388 Dianaefa-

102 407 210 442 cere?
241 406 336 447 Quin
364 410 402 441 tu
429 409 511 440 ante
533 405 612 439 vivo
632 402 858 452 perfunderis
871 403 1062 453 flumine?
1090 403 1222 453 Irfima

99 470 194 506 valle
206 469 362 519 praestuit
385 468 528 504 Tiberis.
584 466 790 515 Religione
818 472 942 503 tactus
971 467 1125 517 hospes,
1155 467 1221 516 qui

101 535 243 578 omnia,
264 541 306 569 ut
322 534 500 584 prodigio
519 532 766 582 responderet
783 538 954 575 eventus,
976 538 1130 581 cuperet
1147 532 1220 568 rite

100 599 215 642 facta,
253 611 300 635 ex
335 597 479 648 templo
517 597 711 633 descendit
745 597 792 632 ad
828 595 1010 633 Tiberim.
1066 595 1221 633 Interea

98 663 297 700 Romanus
328 661 489 698 inmolat
514 661 652 697 Dianae
681 660 846 697 bovem:
878 660 916 696 id
945 660 1038 696 mire
1067 666 1218 708 gratum

99 728 179 777 regi
198 735 312 777 atque
331 728 477 764 civitati
495 726 581 763 fuit.

151 791 299 829 XLVI.
337 792 502 835 Servius,
540 803 768 841 quamquam
793 788 877 839 jam
911 801 980 825 usu
1010 789 1113 826 haud
1148 789 1218 826 du-

97 856 204 895 blum
222 870 381 907 regnum
406 857 640 908 possederat,
659 862 803 898 tamen,
824 855 912 903 quia
930 854 1118 890 interdum
1131 853 1218 904 jac-

98 921 172 958 tari
195 934 307 958 voces
333 935 357 958 a
378 920 520 971 juvene
542 920 754 970 Tarquinio
784 918 976 962 audiebat,
1004 930 1044 954 se
1071 917 1218 967 injussu

98 985 232 1036 populi
265 998 438 1036 regnare,
478 985 682 1022 conciliata
716 985 818 1034 prius
847 983 1045 1020 voluntate
1080 983 1216 1034 plebis,

99 1061 193 1098 agro
230 1056 344 1100 capto
373 1062 420 1086 ex
455 1049 631 1085 hostibus
660 1049 802 1084 viritim
838 1047 973 1091 diviso,
1011 1060 1122 1084 ausus
1161 1053 1218 1083 est

98 1113 196 1150 ferre
215 1113 262 1149 ad
281 1113 476 1163 populum,
495 1115 636 1156 vellent,
644 1113 864 1160 juberentne,
880 1125 916 1149 se
929 1114 1108 1161 regnare?
1130 1118 1215 1148 tan·
1229 1105 1265 1154 L,-
1279 1105 1416 1146 Tarqui-

98 1182 214 1226 toque
237 1190 439 1220 consensu,
463 1186 608 1226 quanto
638 1178 741 1214 haud
769 1178 967 1226 quisquam
995 1176 1089 1213 alius
1112 1183 1214 1220 ante,
1229 1159 1404 1230 ζῃιξηξίᾱ-

96 1253 162 1277 rex
192 1247 250 1277 est
278 1241 503 1279 declaratus.
558 1242 695 1290 Neque
724 1254 768 1277 ea
795 1254 853 1276 res
873 1241 1084 1289 Tarquinio
1112 1253 1217 1291 spem
1228 1236 1336 1267 fectat.

97 1303 313 1342 adfectandi
338 1305 449 1354 regui
477 1305 640 1341 minuit:
672 1305 789 1341 immo
816 1317 861 1340 eo
889 1305 1098 1354 inpensius,
1129 1305 1219 1354 quia

97 1369 144 1406 de
172 1382 266 1418 agro
301 1368 422 1420 plebis
453 1370 609 1406 adversa
638 1369 796 1406 Patrum
823 1369 1020 1406 voluntate
1049 1377 1219 1406 senserat

96 1434 173 1483 agi,
203 1434 427 1470 criminandi
454 1434 574 1470 Servii
599 1434 700 1484 apud
718 1434 865 1477 Patres,
890 1435 1155 1484 crescendique
1176 1435 1217 1471 in

96 1498 200 1534 curia
218 1497 290 1534 sibi
310 1499 551 1535 occasionem
571 1499 696 1535 datam
720 1505 823 1535 ratus
844 1506 914 1542 est,
935 1505 974 1535 et
1001 1499 1082 1549 ipse
1102 1498 1215 1549 juve-

95 1562 154 1598 nis
182 1562 348 1598 ardentis
372 1563 503 1606 animi,
528 1569 567 1599 et
589 1563 692 1600 domi
718 1576 836 1599 uxore
855 1562 982 1599 Tullia
1004 1564 1215 1612 inquietum

95 1627 264 1663 animum
292 1627 524 1664 stimulante.
581 1627 688 1664 Tulit
717 1629 818 1664 enim
848 1635 886 1664 et
907 1627 1086 1664 Romana
1111 1629 1216 1677 regia
1248 1616 1254 1620 s

95 1690 244 1726 sceleris
263 1692 402 1740 tragici
421 1691 650 1741 exemplum,
671 1699 714 1727 ut
735 1692 850 1728 taedio
873 1704 1006 1740 regum
1030 1693 1216 1728 maturior

94 1755 241 1790 veniret
272 1754 454 1801 liberta83
495 1755 746 1805 ultimumque
778 1768 938 1804 regnum
968 1762 1079 1798 esset,
1115 1757 1216 1805 quod

95 1817 234 1854 scelere
270 1825 421 1868 partum
456 1819 569 1856 foret.
625 1819 703 1856 Hic
734 1819 782 1856 L.
808 1819 1036 1868 Tarquinius
1077 1820 1214 1867 (Prisci

93 1881 292 1930 Tarquinii
311 1884 410 1932 regis
434 1883 531 1919 filius
554 1896 723 1934 neposne
751 1884 880 1926 fuerit,
907 1896 1040 1933 parum
1067 1883 1213 1933 liquet3

93 1945 264 1996 pluribus
290 1952 419 1983 tamen
446 1947 665 1983 auctoribus
695 1947 814 1983 filium
840 1947 1036 1993 ediderim)
1058 1946 1216 1985 fratrem

93 2009 280 2045 habuerat
301 2010 488 2046 Aruntem
510 2010 775 2060 Tarquinium,
805 2011 907 2046 mitis
937 2011 1080 2059 ingenii
1102 2011 1214 2061 juve-

94 2087 193 2111 nem.
249 2074 323 2111 His
345 2075 508 2118 duobus,
530 2084 573 2113 ut
592 2083 681 2112 ante
707 2076 850 2112 dictum
870 2083 940 2118 est,
961 2077 1044 2112 duae
1063 2076 1212 2120 Tuuiae,

94 2139 192 2187 regis
213 2139 312 2183 filiae,
331 2147 553 2189 nupserant,
583 2147 620 2176 et
643 2141 733 2190 ipsae
762 2139 877 2188 longe
905 2139 1072 2190 dispares
1098 2141 1214 2177 mori-

94 2201 176 2238 bus.
232 2203 347 2239 Forte
374 2205 430 2240 ita
457 2204 655 2247 inciderat,
686 2217 735 2240 ue
763 2204 838 2240 duo
863 2203 1033 2239 violenta
1061 2204 1214 2253 ingenia

94 2267 340 2303 matrimonio
352 2267 620 2318 jungerentur,
641 2268 812 2311 fortuna,
834 2268 959 2310 credo,
980 2268 1112 2318 populi
1131 2268 1212 2306 Ro-

94 2331 211 2375 mani,
237 2344 314 2382 quo
342 2332 555 2370 diuturnius
586 2333 705 2370 Servii
736 2345 897 2383 regnum
926 2339 1038 2376 esset,
1069 2334 1213 2370 consti-
