<?xml version="1.0" encoding="UTF-8"?>
<!DOCTYPE html PUBLIC "-//W3C//DTD XHTML 1.0 Transitional//EN"
    "http://www.w3.org/TR/xhtml1/DTD/xhtml1-transitional.dtd">
<html xmlns="http://www.w3.org/1999/xhtml" xml:lang="en" lang="en">
 <head>
  <title>
</title>
<meta http-equiv="Content-Type" content="text/html;charset=utf-8" />
  <meta name='ocr-system' content='tesseract 3.04.00' />
  <meta name='ocr-capabilities' content='ocr_page ocr_carea ocr_par ocr_line ocrx_word'/>
</head>
<body>
  <div class='ocr_page' id='page_1' title='image "./historiarumquaes01livyuoft/historiarumquaes01livyuoft_0252.png"; bbox 0 0 1573 2598; ppageno 0'>
   <div class='ocr_carea' id='block_1_1' title="bbox 321 123 975 166">
    <p class='ocr_par' dir='ltr' id='par_1_1' title="bbox 321 123 975 166">
     <span class='ocr_line' id='line_1_1' title="bbox 321 123 975 166; baseline 0.002 -10"><span class='ocrx_word' id='word_1_1' title='bbox 321 123 404 166; x_wconf 85' lang='lat'>240</span> <span class='ocrx_word' id='word_1_2' title='bbox 773 127 818 156; x_wconf 84' lang='lat' dir='ltr'>T.</span> <span class='ocrx_word' id='word_1_3' title='bbox 842 127 975 157; x_wconf 72' lang='lat' dir='ltr'>mvn</span> 
     </span>
    </p>
   </div>
   <div class='ocr_carea' id='block_1_2' title="bbox 105 210 1430 263">
    <p class='ocr_par' dir='ltr' id='par_1_2' title="bbox 105 210 1430 263">
     <span class='ocr_line' id='line_1_2' title="bbox 105 210 1430 263; baseline 0.005 -13"><span class='ocrx_word' id='word_1_4' title='bbox 105 212 150 245; x_wconf 86' lang='lat' dir='ltr'>U·</span> <span class='ocrx_word' id='word_1_5' title='bbox 167 210 203 242; x_wconf 88' lang='lat' dir='ltr'>C·</span> <span class='ocrx_word' id='word_1_6' title='bbox 221 216 295 244; x_wconf 79' lang='lat'><strong>306.</strong></span> <span class='ocrx_word' id='word_1_7' title='bbox 321 216 404 251; x_wconf 82' lang='lat' dir='ltr'>lium</span> <span class='ocrx_word' id='word_1_8' title='bbox 437 214 548 263; x_wconf 82' lang='lat' dir='ltr'>plebis</span> <span class='ocrx_word' id='word_1_9' title='bbox 576 213 748 251; x_wconf 79' lang='lat' dir='ltr'>Romanae</span> <span class='ocrx_word' id='word_1_10' title='bbox 773 227 898 251; x_wconf 78' lang='lat' dir='ltr'>vocare</span> <span class='ocrx_word' id='word_1_11' title='bbox 924 217 972 252; x_wconf 79' lang='lat' dir='ltr'>sit</span> <span class='ocrx_word' id='word_1_12' title='bbox 997 216 1132 251; x_wconf 73' lang='lat' dir='ltr'>solitus.</span> <span class='ocrx_word' id='word_1_13' title='bbox 1187 216 1360 262; x_wconf 82' lang='lat' dir='ltr'><strong><em>Proinde,</em></strong></span> <span class='ocrx_word' id='word_1_14' title='bbox 1389 224 1430 256; x_wconf 79' lang='lat' dir='ltr'>ut</span> 
     </span>
    </p>
   </div>
   <div class='ocr_carea' id='block_1_3' title="bbox 104 256 290 287">
    <p class='ocr_par' dir='ltr' id='par_1_3' title="bbox 104 256 290 287">
     <span class='ocr_line' id='line_1_3' title="bbox 104 256 290 287; baseline -0.005 -1"><span class='ocrx_word' id='word_1_15' title='bbox 104 257 145 287; x_wconf 84' lang='lat' dir='ltr'>A.</span> <span class='ocrx_word' id='word_1_16' title='bbox 161 256 198 286; x_wconf 93' lang='lat' dir='ltr'>C.</span> <span class='ocrx_word' id='word_1_17' title='bbox 215 261 290 287; x_wconf 76' lang='lat'><strong>446.</strong></span> 
     </span>
    </p>
   </div>
   <div class='ocr_carea' id='block_1_4' title="bbox 308 280 1430 457">
    <p class='ocr_par' dir='ltr' id='par_1_4' title="bbox 308 280 1430 457">
     <span class='ocr_line' id='line_1_4' title="bbox 318 280 1430 331; baseline 0.003 -15"><span class='ocrx_word' id='word_1_18' title='bbox 318 281 380 316; x_wconf 80' lang='lat' dir='ltr'>ille</span> <span class='ocrx_word' id='word_1_19' title='bbox 399 282 524 315; x_wconf 80' lang='lat' dir='ltr'>iterum</span> <span class='ocrx_word' id='word_1_20' title='bbox 546 291 588 314; x_wconf 84' lang='lat' dir='ltr'>ac</span> <span class='ocrx_word' id='word_1_21' title='bbox 604 280 731 326; x_wconf 73' lang='lat' dir='ltr'>soepz&#39;us</span> <span class='ocrx_word' id='word_1_22' title='bbox 752 285 932 327; x_wconf 75' lang='lat' dir='ltr'>provocet,</span> <span class='ocrx_word' id='word_1_23' title='bbox 951 282 1002 316; x_wconf 78' lang='lat' dir='ltr'>sic</span> <span class='ocrx_word' id='word_1_24' title='bbox 1028 292 1064 315; x_wconf 84' lang='lat' dir='ltr'>se</span> <span class='ocrx_word' id='word_1_25' title='bbox 1089 281 1216 316; x_wconf 80' lang='lat' dir='ltr'>iterum</span> <span class='ocrx_word' id='word_1_26' title='bbox 1238 294 1281 317; x_wconf 83' lang='lat' dir='ltr'>ae</span> <span class='ocrx_word' id='word_1_27' title='bbox 1302 284 1430 331; x_wconf 76' lang='lat' dir='ltr'>saepius</span> 
     </span>
     <span class='ocr_line' id='line_1_5' title="bbox 308 342 1428 392; baseline 0.003 -12"><span class='ocrx_word' id='word_1_28' title='bbox 308 346 469 391; x_wconf 65' lang='lat' dir='ltr'>judicem</span> <span class='ocrx_word' id='word_1_29' title='bbox 492 344 548 379; x_wconf 78' lang='lat' dir='ltr'>illi</span> <span class='ocrx_word' id='word_1_30' title='bbox 559 342 676 392; x_wconf 79' lang='lat' dir='ltr'>serre,</span> <span class='ocrx_word' id='word_1_31' title='bbox 697 345 734 379; x_wconf 78' lang='lat' dir='ltr'>ni</span> <span class='ocrx_word' id='word_1_32' title='bbox 759 345 931 380; x_wconf 78' lang='lat' dir='ltr'>vindicias</span> <span class='ocrx_word' id='word_1_33' title='bbox 956 345 999 380; x_wconf 78' lang='lat' dir='ltr'>ab</span> <span class='ocrx_word' id='word_1_34' title='bbox 1029 344 1193 381; x_wconf 78' lang='lat' dir='ltr'>libertate</span> <span class='ocrx_word' id='word_1_35' title='bbox 1220 347 1256 381; x_wconf 83' lang='lat' dir='ltr'>in</span> <span class='ocrx_word' id='word_1_36' title='bbox 1280 349 1428 383; x_wconf 72' lang='lat' dir='ltr'>servitu-</span> 
     </span>
     <span class='ocr_line' id='line_1_6' title="bbox 320 407 1430 457; baseline 0.002 -12"><span class='ocrx_word' id='word_1_37' title='bbox 320 414 388 445; x_wconf 78' lang='lat' dir='ltr'>tem</span> <span class='ocrx_word' id='word_1_38' title='bbox 408 409 568 451; x_wconf 79' lang='lat' dir='ltr'>dederit;</span> <span class='ocrx_word' id='word_1_39' title='bbox 596 410 625 443; x_wconf 84' lang='lat' dir='ltr'>si</span> <span class='ocrx_word' id='word_1_40' title='bbox 650 410 698 444; x_wconf 80' lang='lat' dir='ltr'>ad</span> <span class='ocrx_word' id='word_1_41' title='bbox 715 407 875 455; x_wconf 77' lang='lat' dir='ltr'>judicem</span> <span class='ocrx_word' id='word_1_42' title='bbox 902 421 972 444; x_wconf 74' lang='lat' dir='ltr'>non</span> <span class='ocrx_word' id='word_1_43' title='bbox 1001 414 1072 451; x_wconf 76' lang='lat' dir='ltr'>eat,</span> <span class='ocrx_word' id='word_1_44' title='bbox 1098 423 1165 457; x_wconf 85' lang='lat' dir='ltr'>pro</span> <span class='ocrx_word' id='word_1_45' title='bbox 1193 411 1365 446; x_wconf 79' lang='lat' dir='ltr'>damnato</span> <span class='ocrx_word' id='word_1_46' title='bbox 1392 413 1430 447; x_wconf 84' lang='lat' dir='ltr'>in</span> 
     </span>
    </p>
   </div>
   <div class='ocr_carea' id='block_1_5' title="bbox 98 471 1428 524">
    <p class='ocr_par' dir='ltr' id='par_1_5' title="bbox 98 471 1428 524">
     <span class='ocr_line' id='line_1_7' title="bbox 98 471 1428 524; baseline 0.003 -18"><span class='ocrx_word' id='word_1_47' title='bbox 98 475 137 506; x_wconf 88' lang='lat' dir='ltr'>In</span> <span class='ocrx_word' id='word_1_48' title='bbox 148 483 306 506; x_wconf 85' lang='lat' dir='ltr'>carcerem</span> <span class='ocrx_word' id='word_1_49' title='bbox 317 474 460 509; x_wconf 81' lang='lat' dir='ltr'>vincula</span> <span class='ocrx_word' id='word_1_50' title='bbox 479 474 560 509; x_wconf 80' lang='lat' dir='ltr'>duci</span> <span class='ocrx_word' id='word_1_51' title='bbox 572 471 709 519; x_wconf 80' lang='lat' dir='ltr'>jubere.</span> <span class='ocrx_word' id='word_1_52' title='bbox 768 472 822 509; x_wconf 89' lang='lat' dir='ltr'>Ut</span> <span class='ocrx_word' id='word_1_53' title='bbox 849 473 949 508; x_wconf 84' lang='lat' dir='ltr'>haud</span> <span class='ocrx_word' id='word_1_54' title='bbox 972 486 1162 522; x_wconf 84' lang='lat' dir='ltr'>quoquam</span> <span class='ocrx_word' id='word_1_55' title='bbox 1186 473 1428 524; x_wconf 85' lang='lat' dir='ltr'>inprobante,</span> 
     </span>
    </p>
   </div>
   <div class='ocr_carea' id='block_1_6' title="bbox 99 519 240 549">
    <p class='ocr_par' dir='ltr' id='par_1_6' title="bbox 99 519 240 549">
     <span class='ocr_line' id='line_1_8' title="bbox 99 519 240 549; baseline 0 0"><span class='ocrx_word' id='word_1_56' title='bbox 99 519 240 549; x_wconf 79' lang='lat' dir='ltr'>ducitun</span> 
     </span>
    </p>
   </div>
   <div class='ocr_carea' id='block_1_7' title="bbox 127 1629 264 1705">
    <p class='ocr_par' dir='ltr' id='par_1_7' title="bbox 127 1629 264 1705">
     <span class='ocr_line' id='line_1_9' title="bbox 127 1629 264 1661; baseline -0.015 0"><span class='ocrx_word' id='word_1_57' title='bbox 127 1629 264 1661; x_wconf 79' lang='lat' dir='ltr'>&#39;rabulae</span> 
     </span>
     <span class='ocr_line' id='line_1_10' title="bbox 129 1674 205 1705; baseline -0.026 0"><span class='ocrx_word' id='word_1_58' title='bbox 129 1674 205 1705; x_wconf 80' lang='lat' dir='ltr'>XII.</span> 
     </span>
    </p>
   </div>
   <div class='ocr_carea' id='block_1_8' title="bbox 296 537 1428 2319">
    <p class='ocr_par' dir='ltr' id='par_1_8' title="bbox 296 537 1428 2319">
     <span class='ocr_line' id='line_1_11' title="bbox 317 537 1428 589; baseline 0 -15"><span class='ocrx_word' id='word_1_59' title='bbox 317 538 371 574; x_wconf 90' lang='lat' dir='ltr'>sic</span> <span class='ocrx_word' id='word_1_60' title='bbox 394 549 535 585; x_wconf 82' lang='lat' dir='ltr'>magno</span> <span class='ocrx_word' id='word_1_61' title='bbox 553 542 659 572; x_wconf 86' lang='lat' dir='ltr'>motu</span> <span class='ocrx_word' id='word_1_62' title='bbox 685 537 911 579; x_wconf 83' lang='lat' dir='ltr'>animorum,</span> <span class='ocrx_word' id='word_1_63' title='bbox 933 550 1047 585; x_wconf 87' lang='lat' dir='ltr'>quum</span> <span class='ocrx_word' id='word_1_64' title='bbox 1071 538 1168 573; x_wconf 89' lang='lat' dir='ltr'>tanti</span> <span class='ocrx_word' id='word_1_65' title='bbox 1187 537 1256 573; x_wconf 87' lang='lat' dir='ltr'>viri</span> <span class='ocrx_word' id='word_1_66' title='bbox 1285 537 1428 589; x_wconf 88' lang='lat' dir='ltr'>suppli-</span> 
     </span>
     <span class='ocr_line' id='line_1_12' title="bbox 315 590 1427 650; baseline 0.001 -13"><span class='ocrx_word' id='word_1_67' title='bbox 315 602 376 637; x_wconf 90' lang='lat' dir='ltr'>cio</span> <span class='ocrx_word' id='word_1_68' title='bbox 401 590 558 637; x_wconf 26' lang='lat' dir='ltr'>suamet*</span> <span class='ocrx_word' id='word_1_69' title='bbox 576 599 678 650; x_wconf 87' lang='lat' dir='ltr'>plebi</span> <span class='ocrx_word' id='word_1_70' title='bbox 700 599 785 650; x_wconf 83' lang='lat' dir='ltr'>jam</span> <span class='ocrx_word' id='word_1_71' title='bbox 815 601 933 636; x_wconf 88' lang='lat' dir='ltr'>nimia</span> <span class='ocrx_word' id='word_1_72' title='bbox 965 600 1119 637; x_wconf 85' lang='lat' dir='ltr'>libertas</span> <span class='ocrx_word' id='word_1_73' title='bbox 1150 601 1353 644; x_wconf 78' lang='lat' dir='ltr'>videretur,</span> <span class='ocrx_word' id='word_1_74' title='bbox 1387 602 1427 638; x_wconf 90' lang='lat' dir='ltr'>in</span> 
     </span>
     <span class='ocr_line' id='line_1_13' title="bbox 314 662 1426 715; baseline 0.001 -14"><span class='ocrx_word' id='word_1_75' title='bbox 314 676 501 702; x_wconf 84' lang='lat' dir='ltr'>carcerem</span> <span class='ocrx_word' id='word_1_76' title='bbox 524 669 582 700; x_wconf 90' lang='lat' dir='ltr'>est</span> <span class='ocrx_word' id='word_1_77' title='bbox 604 662 821 713; x_wconf 86' lang='lat' dir='ltr'>conjectus:</span> <span class='ocrx_word' id='word_1_78' title='bbox 853 663 1027 700; x_wconf 84' lang='lat' dir='ltr'>tribunus</span> <span class='ocrx_word' id='word_1_79' title='bbox 1058 664 1091 700; x_wconf 90' lang='lat' dir='ltr'>ei</span> <span class='ocrx_word' id='word_1_80' title='bbox 1120 665 1219 701; x_wconf 90' lang='lat' dir='ltr'>diem</span> <span class='ocrx_word' id='word_1_81' title='bbox 1247 664 1426 715; x_wconf 87' lang='lat' dir='ltr'>prodixit.</span> 
     </span>
     <span class='ocr_line' id='line_1_14' title="bbox 313 727 1427 778; baseline 0.001 -13"><span class='ocrx_word' id='word_1_82' title='bbox 313 728 420 765; x_wconf 87' lang='lat' dir='ltr'><strong>Inter</strong></span> <span class='ocrx_word' id='word_1_83' title='bbox 446 729 527 768; x_wconf 81' lang='lat' dir='ltr'>hacc</span> <span class='ocrx_word' id='word_1_84' title='bbox 556 728 602 764; x_wconf 90' lang='lat' dir='ltr'>ab</span> <span class='ocrx_word' id='word_1_85' title='bbox 623 728 770 764; x_wconf 89' lang='lat' dir='ltr'>Latinis</span> <span class='ocrx_word' id='word_1_86' title='bbox 796 734 835 764; x_wconf 90' lang='lat' dir='ltr'>et</span> <span class='ocrx_word' id='word_1_87' title='bbox 853 727 1032 764; x_wconf 80' lang='lat' dir='ltr'><strong>Hernicis</strong></span> <span class='ocrx_word' id='word_1_88' title='bbox 1056 728 1173 778; x_wconf 85' lang='lat' dir='ltr'>legati</span> <span class='ocrx_word' id='word_1_89' title='bbox 1195 729 1427 778; x_wconf 85' lang='lat' dir='ltr'>gratulatum</span> 
     </span>
     <span class='ocr_line' id='line_1_15' title="bbox 312 791 1421 842; baseline -0.001 -12"><span class='ocrx_word' id='word_1_90' title='bbox 312 794 357 830; x_wconf 84' lang='lat' dir='ltr'>de</span> <span class='ocrx_word' id='word_1_91' title='bbox 385 792 587 829; x_wconf 89' lang='lat' dir='ltr'>concordia</span> <span class='ocrx_word' id='word_1_92' title='bbox 610 791 766 828; x_wconf 85' lang='lat' dir='ltr'>Patrum</span> <span class='ocrx_word' id='word_1_93' title='bbox 796 804 839 828; x_wconf 90' lang='lat' dir='ltr'>ac</span> <span class='ocrx_word' id='word_1_94' title='bbox 868 791 988 842; x_wconf 87' lang='lat' dir='ltr'>plebis</span> <span class='ocrx_word' id='word_1_95' title='bbox 1017 791 1183 828; x_wconf 87' lang='lat' dir='ltr'>Romam</span> <span class='ocrx_word' id='word_1_96' title='bbox 1211 799 1421 839; x_wconf 79' lang='lat' dir='ltr'>venerunt3</span> 
     </span>
     <span class='ocr_line' id='line_1_16' title="bbox 311 856 1425 907; baseline 0.001 -14"><span class='ocrx_word' id='word_1_97' title='bbox 311 858 528 906; x_wconf 86' lang='lat' dir='ltr'>donumque</span> <span class='ocrx_word' id='word_1_98' title='bbox 556 856 606 892; x_wconf 88' lang='lat' dir='ltr'>ob</span> <span class='ocrx_word' id='word_1_99' title='bbox 635 869 718 892; x_wconf 88' lang='lat' dir='ltr'>eam</span> <span class='ocrx_word' id='word_1_100' title='bbox 746 857 835 892; x_wconf 90' lang='lat' dir='ltr'>Jovi</span> <span class='ocrx_word' id='word_1_101' title='bbox 865 857 1016 907; x_wconf 84' lang='lat' dir='ltr'>optimo</span> <span class='ocrx_word' id='word_1_102' title='bbox 1050 857 1214 892; x_wconf 83' lang='lat' dir='ltr'>maximo</span> <span class='ocrx_word' id='word_1_103' title='bbox 1243 870 1425 895; x_wconf 89' lang='lat' dir='ltr'>coronam</span> 
     </span>
     <span class='ocr_line' id='line_1_17' title="bbox 310 919 1425 971; baseline 0.001 -14"><span class='ocrx_word' id='word_1_104' title='bbox 310 933 464 957; x_wconf 82' lang='lat' dir='ltr'>auream</span> <span class='ocrx_word' id='word_1_105' title='bbox 492 920 531 956; x_wconf 91' lang='lat' dir='ltr'>in</span> <span class='ocrx_word' id='word_1_106' title='bbox 555 919 788 969; x_wconf 83' lang='lat' dir='ltr'>Capitolium</span> <span class='ocrx_word' id='word_1_107' title='bbox 816 919 936 955; x_wconf 87' lang='lat' dir='ltr'>tulere</span> <span class='ocrx_word' id='word_1_108' title='bbox 962 920 1066 969; x_wconf 83' lang='lat' dir='ltr'>parvi</span> <span class='ocrx_word' id='word_1_109' title='bbox 1095 920 1285 970; x_wconf 89' lang='lat' dir='ltr'>ponderis,</span> <span class='ocrx_word' id='word_1_110' title='bbox 1311 928 1425 971; x_wconf 86' lang='lat' dir='ltr'>prout</span> 
     </span>
     <span class='ocr_line' id='line_1_18' title="bbox 311 979 1422 1034; baseline 0.001 -13"><span class='ocrx_word' id='word_1_111' title='bbox 311 997 368 1021; x_wconf 88' lang='lat' dir='ltr'>res</span> <span class='ocrx_word' id='word_1_112' title='bbox 398 984 497 1021; x_wconf 80' lang='lat' dir='ltr'>haud</span> <span class='ocrx_word' id='word_1_113' title='bbox 527 983 717 1034; x_wconf 78' lang='lat' dir='ltr'>opulcntae</span> <span class='ocrx_word' id='word_1_114' title='bbox 745 990 867 1026; x_wconf 86' lang='lat' dir='ltr'>erant,</span> <span class='ocrx_word' id='word_1_115' title='bbox 895 979 1193 1033; x_wconf 81' lang='lat' dir='ltr'>colebanturque</span> <span class='ocrx_word' id='word_1_116' title='bbox 1221 983 1422 1034; x_wconf 84' lang='lat' dir='ltr'>religiones</span> 
     </span>
     <span class='ocr_line' id='line_1_19' title="bbox 309 1048 1422 1100; baseline 0.001 -15"><span class='ocrx_word' id='word_1_117' title='bbox 309 1049 372 1100; x_wconf 89' lang='lat' dir='ltr'>pie</span> <span class='ocrx_word' id='word_1_118' title='bbox 390 1049 524 1098; x_wconf 84' lang='lat' dir='ltr'>magis,</span> <span class='ocrx_word' id='word_1_119' title='bbox 545 1061 656 1098; x_wconf 88' lang='lat' dir='ltr'>qnam</span> <span class='ocrx_word' id='word_1_120' title='bbox 676 1048 888 1096; x_wconf 82' lang='lat' dir='ltr'>magnifice.</span> <span class='ocrx_word' id='word_1_121' title='bbox 935 1048 1073 1085; x_wconf 86' lang='lat' dir='ltr'>Iisdem</span> <span class='ocrx_word' id='word_1_122' title='bbox 1094 1048 1310 1085; x_wconf 87' lang='lat' dir='ltr'>auctoribus</span> <span class='ocrx_word' id='word_1_123' title='bbox 1330 1062 1422 1099; x_wconf 83' lang='lat' dir='ltr'>eog-</span> 
     </span>
     <span class='ocr_line' id='line_1_20' title="bbox 309 1113 1421 1162; baseline 0.002 -13"><span class='ocrx_word' id='word_1_124' title='bbox 309 1114 432 1150; x_wconf 86' lang='lat' dir='ltr'>nitum</span> <span class='ocrx_word' id='word_1_125' title='bbox 452 1119 522 1156; x_wconf 88' lang='lat' dir='ltr'>est,</span> <span class='ocrx_word' id='word_1_126' title='bbox 542 1113 691 1162; x_wconf 87' lang='lat' dir='ltr'>AEquos</span> <span class='ocrx_word' id='word_1_127' title='bbox 713 1113 947 1161; x_wconf 76' lang='lat' dir='ltr'>Volscosque</span> <span class='ocrx_word' id='word_1_128' title='bbox 971 1126 1116 1149; x_wconf 83' lang='lat' dir='ltr'>summa</span> <span class='ocrx_word' id='word_1_129' title='bbox 1135 1114 1171 1149; x_wconf 87' lang='lat' dir='ltr'>vi</span> <span class='ocrx_word' id='word_1_130' title='bbox 1193 1113 1333 1150; x_wconf 91' lang='lat' dir='ltr'>bellum</span> <span class='ocrx_word' id='word_1_131' title='bbox 1355 1115 1421 1151; x_wconf 86' lang='lat' dir='ltr'>ad-</span> 
     </span>
     <span class='ocr_line' id='line_1_21' title="bbox 308 1177 1420 1227; baseline 0.001 -14"><span class='ocrx_word' id='word_1_132' title='bbox 308 1190 453 1226; x_wconf 83' lang='lat' dir='ltr'>parare.</span> <span class='ocrx_word' id='word_1_133' title='bbox 516 1177 650 1226; x_wconf 83' lang='lat' dir='ltr'>Itaque</span> <span class='ocrx_word' id='word_1_134' title='bbox 687 1177 818 1226; x_wconf 86' lang='lat' dir='ltr'>partiri</span> <span class='ocrx_word' id='word_1_135' title='bbox 856 1177 1068 1226; x_wconf 81' lang='lat' dir='ltr'>provincias</span> <span class='ocrx_word' id='word_1_136' title='bbox 1106 1177 1278 1213; x_wconf 85' lang='lat' dir='ltr'>eonsules</span> <span class='ocrx_word' id='word_1_137' title='bbox 1307 1177 1420 1227; x_wconf 84' lang='lat' dir='ltr'>jussi.</span> 
     </span>
     <span class='ocr_line' id='line_1_22' title="bbox 309 1239 1419 1289; baseline 0.001 -12"><span class='ocrx_word' id='word_1_138' title='bbox 309 1240 475 1277; x_wconf 82' lang='lat' dir='ltr'>Horatio</span> <span class='ocrx_word' id='word_1_139' title='bbox 514 1240 658 1283; x_wconf 86' lang='lat' dir='ltr'>Sabini,</span> <span class='ocrx_word' id='word_1_140' title='bbox 689 1239 842 1276; x_wconf 84' lang='lat' dir='ltr'>Valerio</span> <span class='ocrx_word' id='word_1_141' title='bbox 871 1240 989 1289; x_wconf 81' lang='lat' dir='ltr'>AEqui</span> <span class='ocrx_word' id='word_1_142' title='bbox 1019 1240 1222 1289; x_wconf 73' lang='lat' dir='ltr'>Volscique</span> <span class='ocrx_word' id='word_1_143' title='bbox 1251 1253 1419 1278; x_wconf 75' lang='lat' dir='ltr'>evenere.</span> 
     </span>
     <span class='ocr_line' id='line_1_23' title="bbox 307 1303 1418 1355; baseline 0.002 -15"><span class='ocrx_word' id='word_1_144' title='bbox 307 1305 434 1345; x_wconf 86' lang='lat' dir='ltr'>Quum</span> <span class='ocrx_word' id='word_1_145' title='bbox 462 1305 507 1340; x_wconf 90' lang='lat' dir='ltr'>ad</span> <span class='ocrx_word' id='word_1_146' title='bbox 530 1317 574 1340; x_wconf 86' lang='lat' dir='ltr'>ea</span> <span class='ocrx_word' id='word_1_147' title='bbox 598 1303 698 1340; x_wconf 69' lang='lat' dir='ltr'>bella</span> <span class='ocrx_word' id='word_1_148' title='bbox 726 1303 914 1340; x_wconf 87' lang='lat' dir='ltr'>delectum</span> <span class='ocrx_word' id='word_1_149' title='bbox 942 1303 1160 1348; x_wconf 80' lang='lat' dir='ltr'>edixissent,</span> <span class='ocrx_word' id='word_1_150' title='bbox 1182 1305 1311 1341; x_wconf 86' lang='lat' dir='ltr'>favore</span> <span class='ocrx_word' id='word_1_151' title='bbox 1339 1305 1418 1355; x_wconf 89' lang='lat' dir='ltr'>ple-</span> 
     </span>
     <span class='ocr_line' id='line_1_24' title="bbox 306 1367 1420 1420; baseline 0.001 -15"><span class='ocrx_word' id='word_1_152' title='bbox 306 1369 363 1406; x_wconf 81' lang='lat' dir='ltr'>bis</span> <span class='ocrx_word' id='word_1_153' title='bbox 393 1382 471 1405; x_wconf 87' lang='lat' dir='ltr'>non</span> <span class='ocrx_word' id='word_1_154' title='bbox 493 1367 666 1419; x_wconf 84' lang='lat' dir='ltr'>juniores</span> <span class='ocrx_word' id='word_1_155' title='bbox 695 1368 824 1411; x_wconf 85' lang='lat' dir='ltr'>modo,</span> <span class='ocrx_word' id='word_1_156' title='bbox 852 1368 916 1404; x_wconf 80' lang='lat' dir='ltr'>scd</span> <span class='ocrx_word' id='word_1_157' title='bbox 942 1369 1105 1404; x_wconf 88' lang='lat' dir='ltr'>emeritis</span> <span class='ocrx_word' id='word_1_158' title='bbox 1133 1370 1247 1405; x_wconf 87' lang='lat' dir='ltr'>etiam</span> <span class='ocrx_word' id='word_1_159' title='bbox 1277 1370 1420 1420; x_wconf 83' lang='lat' dir='ltr'>stipen-</span> 
     </span>
     <span class='ocr_line' id='line_1_25' title="bbox 305 1432 1418 1483; baseline 0.004 -15"><span class='ocrx_word' id='word_1_160' title='bbox 305 1433 390 1476; x_wconf 85' lang='lat' dir='ltr'>diis,</span> <span class='ocrx_word' id='word_1_161' title='bbox 421 1445 505 1483; x_wconf 85' lang='lat' dir='ltr'>pars</span> <span class='ocrx_word' id='word_1_162' title='bbox 535 1445 675 1481; x_wconf 83' lang='lat' dir='ltr'>magna</span> <span class='ocrx_word' id='word_1_163' title='bbox 694 1432 1008 1475; x_wconf 79' lang='lat' dir='ltr'>voluntariorum,</span> <span class='ocrx_word' id='word_1_164' title='bbox 1039 1432 1085 1469; x_wconf 88' lang='lat' dir='ltr'>ad</span> <span class='ocrx_word' id='word_1_165' title='bbox 1112 1433 1268 1469; x_wconf 86' lang='lat' dir='ltr'>nomina</span> <span class='ocrx_word' id='word_1_166' title='bbox 1296 1433 1418 1472; x_wconf 81' lang='lat' dir='ltr'>danda</span> 
     </span>
     <span class='ocr_line' id='line_1_26' title="bbox 304 1496 1416 1547; baseline 0.001 -14"><span class='ocrx_word' id='word_1_167' title='bbox 304 1502 444 1547; x_wconf 85' lang='lat' dir='ltr'>praesto</span> <span class='ocrx_word' id='word_1_168' title='bbox 472 1496 601 1532; x_wconf 84' lang='lat' dir='ltr'>fuere:</span> <span class='ocrx_word' id='word_1_169' title='bbox 637 1508 756 1544; x_wconf 87' lang='lat' dir='ltr'>coque</span> <span class='ocrx_word' id='word_1_170' title='bbox 785 1508 862 1532; x_wconf 79' lang='lat' dir='ltr'>non</span> <span class='ocrx_word' id='word_1_171' title='bbox 893 1496 1004 1545; x_wconf 89' lang='lat' dir='ltr'>copia</span> <span class='ocrx_word' id='word_1_172' title='bbox 1031 1496 1157 1540; x_wconf 85' lang='lat' dir='ltr'>modo,</span> <span class='ocrx_word' id='word_1_173' title='bbox 1188 1497 1251 1533; x_wconf 89' lang='lat' dir='ltr'>sed</span> <span class='ocrx_word' id='word_1_174' title='bbox 1279 1510 1416 1546; x_wconf 79' lang='lat' dir='ltr'>genere</span> 
     </span>
     <span class='ocr_line' id='line_1_27' title="bbox 304 1560 1414 1604; baseline 0.002 -7"><span class='ocrx_word' id='word_1_175' title='bbox 304 1561 418 1597; x_wconf 86' lang='lat' dir='ltr'>etiam</span> <span class='ocrx_word' id='word_1_176' title='bbox 438 1560 614 1603; x_wconf 85' lang='lat' dir='ltr'>militum,</span> <span class='ocrx_word' id='word_1_177' title='bbox 638 1561 820 1596; x_wconf 77' lang='lat' dir='ltr'>veteranis</span> <span class='ocrx_word' id='word_1_178' title='bbox 850 1561 1040 1604; x_wconf 78' lang='lat' dir='ltr'>admixtis,</span> <span class='ocrx_word' id='word_1_179' title='bbox 1064 1561 1207 1597; x_wconf 84' lang='lat' dir='ltr'>firmior</span> <span class='ocrx_word' id='word_1_180' title='bbox 1229 1563 1414 1599; x_wconf 74' lang='lat' dir='ltr'>exercitus</span> 
     </span>
     <span class='ocr_line' id='line_1_28' title="bbox 303 1624 1412 1674; baseline -0.001 -11"><span class='ocrx_word' id='word_1_181' title='bbox 303 1626 389 1663; x_wconf 84' lang='lat' dir='ltr'>fuit.</span> <span class='ocrx_word' id='word_1_182' title='bbox 445 1625 669 1674; x_wconf 82' lang='lat' dir='ltr'>Priusquam</span> <span class='ocrx_word' id='word_1_183' title='bbox 692 1624 822 1661; x_wconf 88' lang='lat' dir='ltr'>urbem</span> <span class='ocrx_word' id='word_1_184' title='bbox 843 1625 1121 1673; x_wconf 77' lang='lat' dir='ltr'>egrederentur,</span> <span class='ocrx_word' id='word_1_185' title='bbox 1144 1625 1245 1673; x_wconf 78' lang='lat' dir='ltr'>leges</span> <span class='ocrx_word' id='word_1_186' title='bbox 1268 1626 1412 1662; x_wconf 76' lang='lat' dir='ltr'>deceni-</span> 
     </span>
     <span class='ocr_line' id='line_1_29' title="bbox 304 1690 1412 1739; baseline 0.001 -12"><span class='ocrx_word' id='word_1_187' title='bbox 304 1690 452 1733; x_wconf 77' lang='lat' dir='ltr'>virales,</span> <span class='ocrx_word' id='word_1_188' title='bbox 483 1690 618 1739; x_wconf 87' lang='lat' dir='ltr'>quibus</span> <span class='ocrx_word' id='word_1_189' title='bbox 649 1690 776 1726; x_wconf 78' lang='lat' dir='ltr'>tabulis</span> <span class='ocrx_word' id='word_1_190' title='bbox 804 1691 989 1726; x_wconf 79' lang='lat' dir='ltr'>duodecim</span> <span class='ocrx_word' id='word_1_191' title='bbox 1017 1696 1072 1725; x_wconf 89' lang='lat' dir='ltr'>est</span> <span class='ocrx_word' id='word_1_192' title='bbox 1105 1702 1258 1732; x_wconf 89' lang='lat' dir='ltr'>nomen,</span> <span class='ocrx_word' id='word_1_193' title='bbox 1289 1691 1326 1726; x_wconf 93' lang='lat' dir='ltr'>in</span> <span class='ocrx_word' id='word_1_194' title='bbox 1365 1703 1412 1728; x_wconf 81' lang='lat' dir='ltr'>aes</span> 
     </span>
     <span class='ocr_line' id='line_1_30' title="bbox 301 1753 1412 1805; baseline -0.002 -13"><span class='ocrx_word' id='word_1_195' title='bbox 301 1756 438 1792; x_wconf 86' lang='lat' dir='ltr'>incisas</span> <span class='ocrx_word' id='word_1_196' title='bbox 468 1755 508 1791; x_wconf 92' lang='lat' dir='ltr'>in</span> <span class='ocrx_word' id='word_1_197' title='bbox 539 1753 693 1804; x_wconf 87' lang='lat' dir='ltr'>publico</span> <span class='ocrx_word' id='word_1_198' title='bbox 729 1762 1020 1805; x_wconf 74' lang='lat' dir='ltr'>proposuerunt.</span> <span class='ocrx_word' id='word_1_199' title='bbox 1076 1754 1186 1798; x_wconf 88' lang='lat' dir='ltr'>Sunt,</span> <span class='ocrx_word' id='word_1_200' title='bbox 1217 1755 1280 1804; x_wconf 88' lang='lat' dir='ltr'>qui</span> <span class='ocrx_word' id='word_1_201' title='bbox 1301 1753 1412 1804; x_wconf 74' lang='lat' dir='ltr'>jussu</span> 
     </span>
     <span class='ocr_line' id='line_1_31' title="bbox 300 1818 1386 1859; baseline 0 -3"><span class='ocrx_word' id='word_1_202' title='bbox 300 1819 541 1856; x_wconf 83' lang='lat' dir='ltr'>tribunorum</span> <span class='ocrx_word' id='word_1_203' title='bbox 563 1818 685 1856; x_wconf 83' lang='lat' dir='ltr'>aediles</span> <span class='ocrx_word' id='word_1_204' title='bbox 705 1819 856 1855; x_wconf 85' lang='lat' dir='ltr'>functos</span> <span class='ocrx_word' id='word_1_205' title='bbox 877 1832 922 1856; x_wconf 90' lang='lat' dir='ltr'>eo</span> <span class='ocrx_word' id='word_1_206' title='bbox 942 1820 1153 1855; x_wconf 87' lang='lat' dir='ltr'>ministerio</span> <span class='ocrx_word' id='word_1_207' title='bbox 1173 1818 1350 1856; x_wconf 86' lang='lat' dir='ltr'>scribant.</span> <span class='ocrx_word' id='word_1_208' title='bbox 1383 1854 1386 1859; x_wconf 93' lang='grc'>,</span> 
     </span>
     <span class='ocr_line' id='line_1_32' title="bbox 353 1883 1410 1934; baseline -0.001 -13"><span class='ocrx_word' id='word_1_209' title='bbox 353 1883 504 1921; x_wconf 88' lang='lat' dir='ltr'><strong>LVIII.</strong></span> <span class='ocrx_word' id='word_1_210' title='bbox 534 1883 577 1920; x_wconf 90' lang='lat' dir='ltr'>C.</span> <span class='ocrx_word' id='word_1_211' title='bbox 598 1883 792 1928; x_wconf 85' lang='lat' dir='ltr'>Claudius,</span> <span class='ocrx_word' id='word_1_212' title='bbox 816 1885 910 1932; x_wconf 87' lang='lat' dir='ltr'>(qni,</span> <span class='ocrx_word' id='word_1_213' title='bbox 931 1897 1086 1934; x_wconf 88' lang='lat' dir='ltr'>perosus</span> <span class='ocrx_word' id='word_1_214' title='bbox 1115 1884 1410 1926; x_wconf 85' lang='lat' dir='ltr'>decemvirorum</span> 
     </span>
     <span class='ocr_line' id='line_1_33' title="bbox 300 1947 1408 1998; baseline 0 -14"><span class='ocrx_word' id='word_1_215' title='bbox 300 1947 455 1991; x_wconf 84' lang='lat' dir='ltr'>scelera,</span> <span class='ocrx_word' id='word_1_216' title='bbox 476 1953 514 1984; x_wconf 88' lang='lat' dir='ltr'>et</span> <span class='ocrx_word' id='word_1_217' title='bbox 536 1955 623 1984; x_wconf 83' lang='lat' dir='ltr'>ante</span> <span class='ocrx_word' id='word_1_218' title='bbox 646 1960 775 1984; x_wconf 87' lang='lat' dir='ltr'>omnes</span> <span class='ocrx_word' id='word_1_219' title='bbox 795 1948 921 1984; x_wconf 86' lang='lat' dir='ltr'>fratris</span> <span class='ocrx_word' id='word_1_220' title='bbox 942 1947 1008 1985; x_wconf 87' lang='lat' dir='ltr'>filii</span> <span class='ocrx_word' id='word_1_221' title='bbox 1027 1948 1210 1998; x_wconf 85' lang='lat' dir='ltr'>superbioe</span> <span class='ocrx_word' id='word_1_222' title='bbox 1236 1948 1408 1991; x_wconf 81' lang='lat' dir='ltr'>infestus,</span> 
     </span>
     <span class='ocr_line' id='line_1_34' title="bbox 299 2011 1409 2062; baseline 0 -13"><span class='ocrx_word' id='word_1_223' title='bbox 299 2011 508 2061; x_wconf 83' lang='lat' dir='ltr'>Regillum,</span> <span class='ocrx_word' id='word_1_224' title='bbox 540 2012 734 2060; x_wconf 84' lang='lat' dir='ltr'>antiquam</span> <span class='ocrx_word' id='word_1_225' title='bbox 764 2012 802 2048; x_wconf 91' lang='lat' dir='ltr'>in</span> <span class='ocrx_word' id='word_1_226' title='bbox 835 2013 1010 2062; x_wconf 88' lang='lat' dir='ltr'>patriam,</span> <span class='ocrx_word' id='word_1_227' title='bbox 1045 2025 1083 2048; x_wconf 89' lang='lat' dir='ltr'>se</span> <span class='ocrx_word' id='word_1_228' title='bbox 1116 2012 1345 2059; x_wconf 83' lang='lat' dir='ltr'>contulerat)</span> <span class='ocrx_word' id='word_1_229' title='bbox 1379 2014 1409 2052; x_wconf 80' lang='lat' dir='ltr'>is</span> 
     </span>
     <span class='ocr_line' id='line_1_35' title="bbox 298 2074 1409 2127; baseline 0 -13"><span class='ocrx_word' id='word_1_230' title='bbox 298 2088 440 2125; x_wconf 87' lang='lat' dir='ltr'>magno</span> <span class='ocrx_word' id='word_1_231' title='bbox 452 2074 535 2126; x_wconf 88' lang='lat' dir='ltr'>jam</span> <span class='ocrx_word' id='word_1_232' title='bbox 555 2081 661 2119; x_wconf 90' lang='lat' dir='ltr'>natu,</span> <span class='ocrx_word' id='word_1_233' title='bbox 683 2088 797 2125; x_wconf 89' lang='lat' dir='ltr'>quum</span> <span class='ocrx_word' id='word_1_234' title='bbox 817 2076 863 2112; x_wconf 86' lang='lat' dir='ltr'>ad</span> <span class='ocrx_word' id='word_1_235' title='bbox 891 2076 1055 2127; x_wconf 83' lang='lat' dir='ltr'>pericula</span> <span class='ocrx_word' id='word_1_236' title='bbox 1075 2076 1154 2126; x_wconf 80' lang='lat' dir='ltr'>ejus</span> <span class='ocrx_word' id='word_1_237' title='bbox 1175 2077 1409 2127; x_wconf 86' lang='lat' dir='ltr'>deprecanda</span> 
     </span>
     <span class='ocr_line' id='line_1_36' title="bbox 296 2139 1408 2190; baseline 0.001 -13"><span class='ocrx_word' id='word_1_238' title='bbox 296 2140 469 2182; x_wconf 87' lang='lat' dir='ltr'>redisset,</span> <span class='ocrx_word' id='word_1_239' title='bbox 497 2139 602 2190; x_wconf 88' lang='lat' dir='ltr'>cujus</span> <span class='ocrx_word' id='word_1_240' title='bbox 626 2141 717 2177; x_wconf 86' lang='lat' dir='ltr'>vitia</span> <span class='ocrx_word' id='word_1_241' title='bbox 740 2140 903 2189; x_wconf 86' lang='lat' dir='ltr'>fugerat,</span> <span class='ocrx_word' id='word_1_242' title='bbox 932 2141 1140 2177; x_wconf 89' lang='lat' dir='ltr'>sordidatus</span> <span class='ocrx_word' id='word_1_243' title='bbox 1170 2154 1256 2178; x_wconf 86' lang='lat' dir='ltr'>cum</span> <span class='ocrx_word' id='word_1_244' title='bbox 1283 2142 1408 2190; x_wconf 85' lang='lat' dir='ltr'>genti·</span> 
     </span>
     <span class='ocr_line' id='line_1_37' title="bbox 296 2202 1406 2255; baseline 0.002 -15"><span class='ocrx_word' id='word_1_245' title='bbox 296 2202 395 2241; x_wconf 85' lang='lat' dir='ltr'>libus</span> <span class='ocrx_word' id='word_1_246' title='bbox 415 2203 690 2254; x_wconf 85' lang='lat' dir='ltr'>clientibusque</span> <span class='ocrx_word' id='word_1_247' title='bbox 710 2205 749 2241; x_wconf 87' lang='lat' dir='ltr'>in</span> <span class='ocrx_word' id='word_1_248' title='bbox 768 2204 852 2241; x_wconf 90' lang='lat' dir='ltr'>foro</span> <span class='ocrx_word' id='word_1_249' title='bbox 871 2204 1074 2255; x_wconf 87' lang='lat' dir='ltr'>prensabat</span> <span class='ocrx_word' id='word_1_250' title='bbox 1094 2204 1287 2253; x_wconf 68' lang='lat' dir='ltr'>singulos,</span> <span class='ocrx_word' id='word_1_251' title='bbox 1320 2219 1406 2243; x_wconf 89' lang='lat' dir='ltr'>ora·</span> 
     </span>
     <span class='ocr_line' id='line_1_38' title="bbox 296 2267 1404 2319; baseline 0.003 -14"><span class='ocrx_word' id='word_1_252' title='bbox 296 2267 450 2319; x_wconf 80' lang='lat' dir='ltr'>batque,</span> <span class='ocrx_word' id='word_1_253' title='bbox 472 2269 530 2307; x_wconf 86' lang='lat' dir='ltr'>Ne</span> <span class='ocrx_word' id='word_1_254' title='bbox 549 2269 708 2308; x_wconf 67' lang='lat' dir='ltr'>Claudiae</span> <span class='ocrx_word' id='word_1_255' title='bbox 728 2271 829 2319; x_wconf 75' lang='lat' dir='ltr'>genti</span> <span class='ocrx_word' id='word_1_256' title='bbox 855 2282 935 2308; x_wconf 85' lang='lat' dir='ltr'>eam</span> <span class='ocrx_word' id='word_1_257' title='bbox 957 2272 1112 2308; x_wconf 78' lang='lat' dir='ltr'>inustam</span> <span class='ocrx_word' id='word_1_258' title='bbox 1135 2271 1315 2308; x_wconf 71' lang='lat' dir='ltr'>maculam</span> <span class='ocrx_word' id='word_1_259' title='bbox 1332 2272 1404 2308; x_wconf 77' lang='lat' dir='ltr'>vel·</span> 
     </span>
    </p>
   </div>
  </div>
 </body>
</html>
