1573 2598
459 166 615 196 Lim-:R
638 166 671 196 1.
704 167 812 196 cm».
837 168 937 197 mv.
1202 153 1254 213 73

138 255 342 293 adventum
371 253 451 305 ejus
480 267 583 291 esse:
615 253 859 304 futurumque
878 255 1029 293 credere
1058 254 1176 301 brevi,
1197 265 1254 301 ut,

135 319 204 356 illo
231 318 447 370 adjuvante,
468 318 515 355 ab
541 319 661 369 portis
682 319 842 356 Gabinis
869 320 938 357 sub
959 320 1137 358 Romana
1159 335 1254 359 moe-

129 384 202 420 nia
218 382 361 420 bellum
379 382 639 420 transferatur.

127 468 129 471 .
186 446 293 484 LIV.
329 445 424 482 Inde
460 446 500 482 in
536 444 699 482 concilia
735 443 888 496 publica
923 447 1126 486 adhiberi:
1172 448 1251 493 ubi,
1266 457 1339 489 Sex.
1354 458 1432 489 'rar-

132 523 250 562 quum
278 511 324 547 de
351 509 434 546 aliis
463 509 574 546 rebus
604 510 793 547 adsentire
821 523 861 547 se
880 512 1070 549 veteribus
1091 512 1252 550 Gabinis
1265 502 1366 542 qumi
1382 500 1454 534 ‘¹⁰¹³'

131 576 289 619 diceret,
308 574 442 624 quibus
472 574 530 610 hae
560 575 729 612 notiores
759 581 898 619 essent,
925 576 1006 627 ipse
1034 577 1253 615 idemtidem

131 639 222 678 belli
248 645 380 677 auctor
398 651 493 682 esse,
514 639 554 675 in
581 652 626 676 eo
653 639 726 676 sibi
753 640 982 691 praecipuam
1011 642 1252 692 prudentiam

133 705 342 747 adsumere,
372 703 473 753 quod
501 704 696 753 utriusque
725 704 856 755 populi
878 706 974 742 vires
1003 713 1149 749 nosset,
1177 708 1250 744 sci-

122 776 276 819 retque,
307 769 467 805 invisam
493 771 665 819 profecto
692 769 908 820 superbiam
937 770 1082 819 regiam
1106 771 1250 808 civibus

131 846 228 877 esse,
251 845 364 883 quam
390 832 488 869 ferre
513 845 561 868 ne
590 831 699 869 liberi
727 833 877 881 quidem
906 834 1133 884 potuissent.
1190 834 1251 872 Ita

118 911 248 949 quum
275 898 415 934 sensim
443 897 490 933 ad
517 897 776 933 rebellandum
805 898 987 947 primores
1012 898 1251 936 Gabinorum

132 962 322 1004 incitaret,
342 961 422 1012 ipse
441 974 526 997 cum
547 961 814 1012 promtissimis
828 960 1015 1011 juvenum
1041 963 1251 1013 praedatum

131 1033 246 1076 atque
264 1028 304 1063 in
322 1026 580 1076 expeditiones
604 1026 688 1069 iret,
710 1032 748 1061 et
773 1026 881 1062 dictis
911 1026 1096 1077 factisque
1125 1029 1249 1066 omni-

131 1091 202 1128 bus
231 1091 279 1127 ad
307 1090 513 1127 fallendum
540 1090 732 1125 instructis
758 1103 856 1126 vana
884 1091 1118 1128 adcresceret
1142 1092 1248 1130 fides.

131 1156 209 1191 dux
241 1155 289 1191 ad
324 1153 499 1190 ultimum
534 1153 624 1189 belli
660 1153 811 1202 legitur.
868 1154 930 1190 Ibi
964 1168 1095 1204 quum,
1130 1156 1250 1193 inscia

130 1217 385 1260 multitudine,
407 1216 495 1265 quid
524 1223 712 1264 ageretur,
737 1217 874 1266 proelia
901 1231 1017 1267 parva
1045 1219 1144 1254 inter
1164 1219 1247 1256 Ro-

115 1295 231 1319 .mam
259 1280 477 1329 Gabiosque
506 1280 653 1323 fierent,
684 1281 818 1329 quibus
847 1281 1067 1332 plerumque
1096 1283 1249 1320 Gabina

129 1359 187 1382 res
218 1345 387 1395 superior
415 1350 540 1389 esset3
579 1350 658 1379 tum
686 1345 860 1381 certatim
890 1347 1025 1382 summi
1054 1346 1249 1396 infimique

128 1410 366 1447 Gabinorum
395 1409 479 1444 Sex.
500 1408 748 1457 Tarquinium
776 1409 878 1445 dono
901 1409 1028 1446 Deum
1057 1411 1129 1447 sibi
1157 1412 1248 1448 mis-

127 1488 211 1512 sum
230 1475 363 1510 ducem
380 1473 542 1510 credere.
586 1473 697 1523 Apud
718 1473 854 1509 milites
875 1487 964 1510 vero
985 1474 1162 1512 obeundo
1182 1488 1249 1526 pe—

128 1538 247 1576 ricula
274 1551 317 1574 ac
342 1537 506 1580 labores,
529 1538 670 1588 pariter
688 1538 854 1587 praedam
879 1538 1055 1575 munifice
1081 1539 1247 1588 largien-

125 1604 192 1646 do,
212 1610 320 1640 tanta
338 1604 495 1639 caritate
515 1615 609 1645 esse,
631 1608 673 1638 ut
697 1615 777 1638 non
799 1609 907 1652 pater
926 1602 1156 1652 Tarquinius
1176 1616 1253 1654 po*

127 1659 270 1703 tentior
297 1666 446 1709 Romae,
485 1678 596 1715 quam
629 1665 727 1702 filius
758 1665 890 1702 Gabiis
927 1672 1037 1702 esset.
1094 1667 1244 1716 Itaque,

128 1739 329 1783 postquam
355 1731 443 1766 satis
463 1731 600 1766 virium
626 1729 842 1766 conlectum
867 1730 914 1767 ad
933 1743 1064 1766 omnes
1085 1738 1244 1768 conatus

128 1796 294 1838 videbat,
325 1802 405 1831 tum
433 1807 454 1830 e
484 1795 559 1831 suis
589 1807 706 1831 unum
735 1796 967 1832 sciscitatum
995 1794 1160 1831 Romam
1197 1796 1245 1833 ad

126 1866 273 1911 patrem
290 1859 423 1901 mittit,
444 1858 624 1909 quidnam
643 1871 684 1895 se
701 1859 826 1896 facere
845 1858 981 1894 vellet?
1007 1861 1244 1908 quandoqui-

127 1925 226 1968 dem,
246 1929 289 1959 ut
306 1923 436 1959 omnia
454 1934 549 1958 unus
570 1921 703 1958 Gabiis
729 1928 871 1972 posset,
892 1923 926 1958 ei
945 1922 1012 1958 Dii
1040 1923 1242 1961 dedissent.

126 1988 230 2026 Huic
251 1988 406 2031 nuncio,
427 1987 529 2036 quia,
550 1986 676 2029 credo,
697 1986 820 2023 dubiae
845 1986 933 2023 fidei
952 1986 1162 2030 videbatur,
1182 1989 1241 2023 ni·-

125 2052 181 2089 hil
199 2065 291 2089 voce
316 2063 538 2101 responsum
563 2057 646 2087 est:
678 2063 758 2093 rex,
778 2051 883 2087 velut
911 2050 1241 2094 deliberabundus,

127 2117 166 2152 in
194 2116 348 2151 hortum
371 2115 505 2150 aedium
524 2114 674 2156 transit,
693 2119 873 2162 sequente
892 2115 1033 2149 nuncio
1052 2113 1118 2150 filii
1134 2128 1141 2150 ε
1175 2114 1242 2156 ibi,

127 2177 364 2216 inambulans
388 2178 541 2220 tacitus,
568 2189 714 2213 summa
739 2189 966 2227 papaverum
995 2178 1120 2227 capita
1149 2178 1241 2214 dici-

126 2250 189 2280 tur
217 2242 352 2286 baculo
385 2243 602 2279 decussisse.
659 2241 939 2290 Interrogando
968 2242 1241 2291 exspectando-

98 2333 102 2337 «
127 2319 200 2360 que
225 2318 448 2359 responsum
465 2306 627 2343 nuncius
653 2304 789 2350 fessus,
810 2312 853 2343 ut
876 2318 916 2342 re
941 2304 1163 2358 inperfecta,
1185 2318 1242 2343 re-

643 2369 723 2407 ΕΞ
