1573 2598
350 155 505 184 LIBER
532 155 589 183 11.
623 155 732 183 CAP.
757 155 913 183 XXIII.
1130 152 1205 199 115

91 241 198 285 bant,
219 241 366 292 aliaque
393 241 536 278 militiae
562 241 697 277 decora
715 239 844 289 vulgo,
865 241 1086 278 miserantes
1107 255 1206 286 eum,
1222 248 1264 279 U.
1281 247 1317 278 C.
1336 255 1410 280 2⁵9.

84 306 313 357 jactabant:
360 307 454 357 ipse,
491 312 607 341 testes
645 305 893 341 honestarum
930 305 1077 355 aliquot
1114 306 1208 343 locis
1222 291 1408 324 A.C.498.

89 383 316 421 pugnarum,
355 370 547 405 cicatrices
585 369 742 405 adverso
786 375 941 418 pectore
978 370 1209 407 ostentabat.

92 435 379 471 sciscitantibus
415 435 507 470 unde
542 434 603 469 ille
638 433 814 469 habitus?
846 435 938 469 unde
967 433 1212 482 deformitas?

91 512 207 548 quum
226 497 451 535 circumfusa
469 497 583 533 turba
601 503 700 533 esset
718 509 837 547 prope
858 498 896 533 in
913 499 1107 534 concionis
1128 511 1212 535 mo-

90 564 190 606 dum,
212 563 344 599 Sabino
363 563 465 605 bello,
486 563 552 606 ait,
572 575 608 598 se
626 563 852 604 militantem,
875 565 958 610 quia
979 568 1127 611 propter
1144 576 1209 612 po-

84 628 286 676 pulationes
310 628 390 674 agri
410 639 480 662 non
497 626 628 676 fructu
652 628 757 663 modo
780 628 947 669 caruerit,
966 629 1028 664 sed
1045 628 1134 663 villa
1152 629 1208 664 in-

89 703 189 727 censa
214 690 348 740 fuerit,
380 692 520 739 direpta
549 692 682 733 omnia,
708 703 840 739 pecora
867 691 1008 734 abacta,
1039 692 1209 727 tributam

90 757 207 804 iniquo
225 768 286 791 suo
307 760 461 803 tempore
479 756 706 803 imperativa,
727 768 772 791 aes
796 757 951 792 alienum
967 755 1122 804 fecisse:
1156 758 1206 798 id,

88 821 307 857 cumulatum
324 821 452 863 usuris,
474 822 595 868 primo
620 833 655 856 se
680 833 767 868 agro
789 825 939 868 paterno
964 822 1127 868 avitoque
1148 833 1207 857 ex-

87 886 189 927 uisse,
211 885 335 920 deinde
342 884 506 933 fortunis
525 885 628 920 aliis:
659 890 847 932 postremo,
863 885 959 920 velut
979 883 1106 927 tabem,
1124 897 1208 932 per—

87 951 218 986 venisse
236 950 284 985 ad
302 961 436 997 corpus.
492 949 656 984 Dactum
674 961 710 984 se
728 949 772 984 ab
792 950 977 991 creditore,
994 961 1063 984 non
1083 951 1116 985 in
1136 962 1209 985 ser-

89 1015 229 1056 vitium,
256 1015 316 1049 sed
342 1015 378 1049 in
404 1014 620 1061 ergastulum.
646 1018 681 1048 et
709 1015 807 1049 carni
834 1015 950 1049 cinam
979 1025 1059 1049 esse.
1116 1013 1210 1050 Inde

91 1083 284 1112 ostentare
308 1083 469 1125 tergum,
489 1076 632 1113 foedum
657 1076 871 1113 recentibus
892 1077 1058 1125 vestigiis
1079 1077 1210 1114 verbe-

90 1153 184 1176 rum.
241 1141 301 1177 Ad
328 1141 409 1177 haec
428 1142 508 1177 visa
535 1142 736 1190 auditaque
756 1140 899 1176 clamor
924 1141 1055 1189 ingens
1077 1142 1209 1179 oritur.

89 1203 182 1240 Non
201 1203 285 1254 jam
310 1204 395 1240 foro
416 1216 454 1240 se
480 1205 664 1240 tumultus
685 1206 870 1247 continet,
892 1206 956 1240 sed
983 1206 1123 1254 passim
1148 1211 1210 1241 to-

90 1273 168 1303 tam
197 1267 328 1304 urbem
358 1269 540 1318 pervadit.
596 1268 712 1304 Nexu
731 1268 848 1304 vincti
871 1267 1061 1317 solutique
1080 1280 1119 1303 se
1138 1280 1210 1304 un-

90 1332 201 1381 dique
229 1332 269 1368 in
297 1332 491 1383 publicum
520 1334 749 1384 proripiunt,
780 1333 974 1383 inplorant
1002 1332 1209 1371 Quiritium

88 1395 210 1433 fidem.
266 1396 386 1432 Nullo
414 1396 501 1433 loco
531 1397 635 1433 deest
663 1397 857 1433 seditionis
878 1395 1113 1432 voluntarius
1144 1408 1209 1432 co-

89 1472 166 1495 mes
191 1475 198 1494 :
231 1459 358 1496 multis
385 1461 524 1511 passim
552 1461 765 1510 agminibus
790 1473 856 1510 per
875 1472 1005 1496 omnes
1025 1460 1103 1496 vias
1125 1472 1212 1496 cum

90 1523 254 1561 clamore
281 1526 321 1560 in
358 1525 483 1562 forum
513 1527 685 1562 curritur.
741 1525 889 1574 Msagno
919 1537 1005 1561 cum
1041 1523 1211 1574 periculo

91 1602 174 1631 suo,
197 1590 259 1639 qui
282 1590 382 1626 forte
402 1590 560 1626 Patrum
586 1591 625 1626 in
650 1590 735 1626 foro
756 1596 877 1632 erant,
898 1590 937 1624 in
957 1601 1039 1625 eam
1058 1588 1211 1624 turbam
1248 1616 1251 1619 v

91 1654 305 1690 inciderunt
327 1670 334 1691 z
384 1668 454 1691 nec
497 1660 751 1705 temperatum
794 1653 967 1690 manibus
1011 1653 1125 1696 foret,
1169 1654 1211 1689 ni

91 1730 249 1768 propere
279 1718 465 1761 consules,
497 1718 539 1755 P.
567 1718 744 1754 Servilius
775 1724 812 1753 et
838 1718 910 1767 Ap.
941 1716 1134 1759 Claudius,
1165 1717 1212 1753 ad

92 1782 413 1831 comprimendam
446 1783 671 1818 seditionem
708 1782 1010 1817 intervenissent.
1069 1779 1115 1816 In
1146 1793 1210 1816 eos

91 1844 294 1881 multitudo
328 1858 447 1887 versa,
481 1851 675 1881 ostentare
708 1845 859 1881 vincula
891 1857 958 1881 sua
992 1843 1209 1887 deformita-

91 1916 242 1958 temque
272 1909 396 1946 aliam.
454 1909 550 1947 Haec
577 1923 615 1946 se
641 1911 796 1946 meritos
820 1909 956 1951 dicere,
978 1909 1210 1958 exprobran-

90 1979 147 2010 tes
185 1986 291 2009 suam
323 1973 482 2022 quisque
514 1973 608 2010 alius
639 1973 730 2009 alibi
767 1973 953 2009 militiam.
1011 1971 1212 2010 Postulare

91 2037 211 2074 multo
242 2038 440 2074 minaciter
468 2039 603 2087 magis,
631 2050 743 2087 quam
769 2037 1002 2088 suppliciter,
1031 2043 1072 2072 ut
1101 2049 1209 2072 sena-

93 2107 175 2138 tum
193 2107 398 2138 vocarent:
431 2103 648 2151 curiamque
675 2102 759 2152 ipsi,
779 2101 898 2138 futuri
924 2101 1055 2137 arbitri
1081 2099 1209 2136 mode-

94 2172 313 2214 ratoresque
331 2166 473 2217 publici
493 2166 655 2210 consilii,
677 2167 969 2202 circumsistunt.
1007 2164 1125 2202 Pauci
1145 2165 1210 2202 ad-

95 2230 248 2283 modum
266 2230 438 2274 Patrum‚
463 2244 556 2280 quos
584 2244 691 2268 casus
718 2231 923 2274 obtulerat,
950 2229 1134 2266 contracti
1166 2228 1211 2267 ad

95 2295 268 2336 consules
288 2311 294 2333 ε
329 2303 472 2336 ceteros
495 2304 618 2335 metus
645 2309 724 2335 non
743 2298 848 2336 curia
865 2297 993 2340 modo,
1013 2296 1078 2334 sed
1095 2296 1211 2334 etiam
