1573 2598
354 146 509 175 LIBER
535 145 604 173 lv.
637 143 744 174 cAP.
768 144 901 173 xvn.
1114 131 1191 174 281

87 233 233 271 assibus
260 234 297 269 in
324 233 470 269 modios
498 232 738 273 aestimatum,
759 230 861 280 plebi
883 230 1021 267 divisit.
1078 229 1196 266 Hunc

86 296 314 339 Minucium,
335 296 434 347 apud
461 295 643 344 quosdam
665 300 853 336 auctoreS,
873 294 1055 331 transisse
1080 306 1102 329 a
1121 293 1196 330 Pa„-

87 360 207 396 tribus
238 360 285 396 ad
313 360 476 410 plebem,
510 357 823 406 undecimumque
851 357 1046 393 tribunum
1074 355 1195 406 plebis

87 430 310 474 cooptatum
342 423 581 465 seditionem,
614 428 758 457 motam
791 434 838 457 ex
869 420 1051 457 Maeliana
1080 420 1195 461 caede,

87 488 249 531 sedasse,
270 488 433 524 invenio.
491 487 668 522 Ceterum
688 486 748 520 vix
773 485 951 521 credibile
971 491 1041 528 est,
1061 496 1194 520 nume-

86 564 169 587 rum
190 551 430 587 tribunorum
448 549 580 585 Patres
606 549 736 597 augeri
765 560 912 598 passos,
932 548 1044 597 idque
1072 547 1195 598 potis-

86 615 222 650 simum
244 613 457 663 exemplum
483 625 505 648 a
532 613 693 662 patricio
722 608 880 648 homine
908 611 1193 656 introductum;

83 691 154 715 nec
183 677 317 714 deinde
342 677 379 713 id
405 676 554 727 plebem
583 688 804 712 concessum
827 675 943 711 semel
967 675 1195 718 obtinuisse,

83 748 151 778 aut
179 746 279 777 certe
304 746 493 776 tentasse:
527 740 592 776 sed
619 745 709 775 ante
732 739 862 775 omnia
892 738 1032 775 refellit
1055 737 1195 774 falsum

84 806 261 854 imaginis
292 804 446 841 titulum
483 804 612 854 paucis
646 809 735 839 ante
768 803 876 839 annis
909 802 993 851 lege
1026 808 1194 844 cautum,

82 882 131 906 ne
145 869 307 905 tribunis
329 868 514 917 collegam
533 873 714 918 cooptare
732 867 875 904 liceret.
931 867 980 906 Q.
1003 866 1194 909 Caecilius,

83 933 132 973 Q.
152 933 303 976 Junius,
329 933 432 968 Sext.
451 931 633 974 Titinius,
660 930 728 966 soli
754 943 801 966 ex
827 929 990 978 collegio
1018 930 1194 966 tribuno·

84 1009 168 1033 rum
196 1009 319 1046 neque
346 996 513 1033 tulerant
536 996 581 1032 de
609 994 819 1030 honoribus
849 994 1012 1030 Minucii
1040 993 1192 1042 legem;

85 1067 124 1097 et
149 1062 339 1097 criminari
367 1074 468 1096 nunc
487 1060 716 1102 Minucium,
736 1071 838 1094 nunc
868 1058 1067 1094 Servilium
1096 1057 1195 1108 apud

84 1124 247 1175 plebem,
278 1125 457 1174 querique
487 1125 682 1172 indignam
713 1135 845 1158 necem
870 1122 990 1158 Maelii
1022 1135 1100 1158 non
1130 1123 1196 1158 de-

84 1188 272 1224 stiterant.
328 1188 573 1223 Pervice'runt
602 1187 731 1235 igitur,
756 1192 798 1221 ut
825 1186 1067 1221 tribunorum
1094 1185 1195 1221 mili-

83 1260 165 1288 tum
195 1252 337 1301 potiUS,
367 1264 480 1300 quam
511 1250 724 1293 consulum,
755 1250 910 1285 comitia
938 1249 1191 1294 haberentur3

83 1316 185 1352 haud
205 1315 323 1358 dubii,
343 1316 434 1363 quin
457 1327 523 1350 sex
548 1315 641 1350 locis
666 1318 743 1362 (tot
768 1315 867 1350 enim
890 1313 974 1363 jam
1003 1314 1121 1349 creari
1149 1313 1196 1348 li-

84 1378 213 1425 cebat)
239 1384 277 1414 et
305 1377 444 1427 plebeii
473 1377 603 1426 aliqui,
632 1377 846 1427 profitendo
876 1390 915 1412 se
945 1376 1085 1412 ultores
1114 1375 1197 1411 fore

82 1443 273 1479 Maelianae
293 1442 418 1485 caedis,
440 1448 669 1479 crearentur.
724 1441 853 1484 Plebs,
870 1453 1097 1490 quamquam
1114 1440 1196 1488 agi-

84 1511 167 1542 tata
183 1505 311 1542 multis
331 1518 376 1541 eo
396 1518 498 1541 anno
518 1512 555 1541 et
574 1506 686 1541 variis
709 1504 875 1540 motibus
899 1510 993 1547 erat,
1013 1516 1084 1539 nec
1113 1502 1197 1552 plu-

84 1582 158 1614 res,
186 1584 299 1619 quam
326 1577 417 1612 tres,
446 1570 622 1606 tribunos
652 1569 843 1605 consulari
871 1575 1063 1618 potestate
1093 1580 1197 1604 crea-

84 1635 154 1677 vit,
184 1640 223 1670 et
250 1635 289 1669 in
321 1635 365 1670 iis
397 1634 444 1670 L.
468 1634 693 1673 Quinctium
723 1634 942 1669 Cincinnati
973 1632 1117 1667 filium:
1151 1644 1198 1668 ex

86 1697 193 1747 cujus
213 1697 408 1733 dictaturae
428 1698 570 1733 invidia
588 1697 772 1732 tumultus
793 1696 1043 1744 quaerebatur.
1094 1695 1197 1731 Prae-

86 1759 184 1796 latus
205 1760 391 1808 suffragiis
411 1760 595 1799 Quinctio
614 1759 736 1795 Mam.
752 1758 946 1800 AEmilius‚
967 1759 1023 1793 vir
1042 1771 1197 1794 summae

86 1823 296 1872 dignitatis.
342 1823 388 1859 L.
409 1823 553 1858 Julium
572 1823 727 1858 tertium
747 1828 890 1859 creant.

140 1887 274 1924 XVII.
300 1887 345 1922 In
367 1888 502 1923 horum
520 1888 745 1935 magistratu
761 1886 926 1928 Fidenae,
948 1885 1098 1922 colonia
1114 1884 1196 1921 Ro·
1211 1891 1252 1920 U.
1271 1889 1307 1922 C.
1324 1895 1400 1925 317.

87 1964 213 1994 mana,
241 1952 289 1987 ad
306 1951 463 1987 Lartem
482 1950 729 1987 Tolumnium
748 1950 967 1986 Veientium
997 1962 1124 1998 regem
1153 1963 1196 1986 ac
1209 1935 1248 1964 A·
1266 1934 1303 1964 C·
1323 1939 1398 1964 ‘¹3⁵'

87 2015 264 2051 Veientes
294 2014 475 2051 defecere.
530 2012 659 2063 Majus
687 2013 857 2049 additum
885 2011 1090 2049 defectioni
1115 2025 1195 2049 sce-

89 2078 158 2114 lus.
215 2078 258 2114 C.
278 2077 506 2119 Fulcinium,
535 2076 714 2113 Cloelium
739 2076 906 2119 Tullum,
938 2077 1002 2126 Sp.
1022 2077 1196 2118 Antium,
1212 2082 1315 2121 Legati
1381 2125 1386 2131 Ι

1209 2124 1405 2198 ἓᾷἳέῑέηῗ

91 2203 165 2241 silii
191 2211 412 2253 quaerentes,
430 2204 542 2254 jussu
559 2205 754 2241 Tolumnii
782 2204 1065 2241 interfecerunt.
1121 2203 1196 2240 Le·
1210 2210 1296 2241 caesi.

92 2275 181 2306 vant
201 2268 351 2317 quidam
371 2270 468 2318 regis
487 2268 634 2307 facinus
653 2284 661 2305 ι
694 2269 734 2305 in
761 2275 987 2306 tesserarum
1016 2279 1198 2319 prospero

92 2140 138 2177 L.
156 2140 354 2184 Roscium,
381 2140 527 2190 legatos
546 2140 760 2184 Romanos,
788 2154 959 2177 caussam
988 2140 1075 2176 novi
1105 2153 1197 2176 con-
