1573 2598
476 179 630 209 mer-:R
655 181 712 209 11.
747 180 854 209 CAP.
878 181 979 210 LVI.
1184 179 1260 226 157

148 262 253 300 dines
278 263 458 310 duxisset,
478 274 650 316 negaret,
671 280 711 304 se
738 268 898 304 militem
922 268 1003 305 fieri
1031 267 1181 311 debere,
1201 268 1268 305 lic-

148 336 211 367 tor
232 332 367 367 missus
387 339 445 368 est
464 345 485 368 a
504 332 735 370 consulibus,
791 333 934 368 Volero
959 333 1123 383 atlpellat
1149 332 1268 369 tribu-

148 406 231 431 nos.
288 395 416 434 Quum
445 396 586 433 auxilio
615 410 727 433 nemo
761 405 874 440 esset,
908 398 1082 434 consules
1112 398 1268 448 spoliari

147 455 356 500 hominem,
386 465 424 493 et
451 459 574 508 virgas
604 460 769 509 expediri
797 459 950 509 jubent.
1006 461 1180 504 Provoco,
1210 460 1270 496 in·

149 523 245 570 quit,
273 525 321 560 ad
343 525 529 572 populum,
551 524 706 568 Volero,
728 528 895 573 quoniam
915 526 1045 562 tribuni
1065 528 1174 562 civem
1194 525 1270 561 Ro·

147 601 293 625 manum
318 591 355 625 in
380 595 564 638 conspectu
587 603 650 626 suo
674 592 784 638 virgis
803 591 888 626 caedi
906 591 1058 634 malunt,
1081 603 1187 639 quam
1206 591 1274 638 ipsi

146 653 186 687 in
205 652 293 687 lecto
311 663 374 687 suo
393 664 416 687 α
433 653 528 688 vobis
548 654 736 689 trucidari.
792 653 882 691 Quo
907 652 1071 688 ferocius
1102 653 1274 689 clamita·

148 712 228 755 bat,
260 725 306 748 eo
339 713 513 749 infestius
543 715 857 750 circumscindere
886 721 925 750 et
954 715 1117 764 spoliare
1149 715 1274 756 lictor,

148 774 246 810 Tum
266 773 424 819 Volero,
446 782 484 811 et
509 776 717 826 praevalens
743 778 837 827 ipse,
859 784 896 812 ct
919 776 1186 827 adjuvantibus
1211 776 1275 812 ad·

148 838 308 882 vocatis,
342 838 497 888 repulso
529 839 678 883 lictore,
714 839 779 874 ubi
811 839 1093 887 indignantium
1129 851 1200 889 pro
1238 850 1278 874 se

150 903 354 938 acerrimus
381 910 462 939 erat
487 903 643 947 clamor,
666 917 711 939 eo
740 916 779 939 se
805 905 843 939 in
870 904 1020 940 turbam
1045 904 1279 940 confertissi-

148 979 250 1003 mam
279 969 427 1017 recipit,
458 967 673 1012 clamitans,
696 970 870 1012 Provoco,
902 974 936 1005 et
952 969 1065 1019 fidem
1090 969 1203 1017 plebis
1227 970 1281 1004 in-

148 1033 278 1080 ploro.-
314 1035 433 1070 adeste
464 1035 581 1070 cives!
619 1036 736 1069 adeste
772 1036 1054 1070 commilitones!
1090 1034 1182 1071 nihil
1212 1039 1277 1077 est,

150 1101 246 1147 quod
262 1102 464 1148 exspectetis
481 1100 648 1142 tribunos,
670 1100 792 1148 quibus
813 1101 895 1147 ipsis
910 1104 1023 1136 vestro
1041 1101 1176 1136 auxilio
1194 1112 1282 1148 opus

150 1171 216 1202 est.
275 1166 470 1201 Concitati
500 1166 688 1208 homines,
709 1165 825 1200 veluti
855 1164 903 1200 ad
932 1164 1124 1214 proelium,
1151 1177 1191 1201 se
1217 1177 1282 1201 ex·-

153 1228 335 1279 pediunt:
369 1228 662 1276 adparebatque,
683 1239 796 1262 omne
816 1227 1018 1261 discrimen
1039 1226 1190 1272 adesse3
1222 1227 1282 1262 ni-

153 1289 208 1326 hil
233 1289 408 1337 cuiquam
432 1296 621 1331 sanctuni,
642 1302 722 1324 non
750 1288 893 1338 publici
922 1288 1020 1331 fore,
1040 1300 1118 1324 non
1148 1285 1285 1336 privati

151 1353 265 1404 juris·
323 1353 427 1390 Huic
446 1361 564 1390 tantu:
583 1354 801 1403 tempestati
822 1367 937 1402 quum
957 1366 998 1390 se
1019 1353 1192 1389 consules
1213 1352 1284 1389 ob-

159 1419 349 1462 tulissent,
368 1419 480 1456 facile
499 1421 645 1470 experti
664 1427 768 1463 sunt,
793 1433 926 1470 parum
954 1427 1077 1457 tutam
1102 1419 1284 1470 majesta-

148 1492 235 1520 sem
264 1485 345 1520 siue
373 1485 514 1522 viribus
545 1499 651 1522 esse:
684 1487 835 1522 violatis
875 1487 1088 1530 lictoribus,
1118 1487 1287 1524 fascibus

163 1550 311 1594 fractis,
350 1564 370 1587 e
406 1551 491 1588 foro
528 1553 569 1588 in
607 1552 749 1587 curiam
786 1552 1096 1601 compelluntur3
1136 1554 1287 1597 incerti,

162 1624 350 1667 quatenus
369 1617 512 1653 Volero
533 1623 726 1653 exerceret
745 1617 954 1654 victoriam.
995 1616 1288 1654 Conticescente

166 1680 302 1715 deinde
328 1680 507 1722 tumultu,
530 1693 644 1728 quum
669 1680 708 1715 in
736 1686 908 1715 senatum
926 1680 1055 1715 vocari
1067 1678 1286 1729 jussissent,

164 1752 374 1794 queruntur
394 1745 550 1796 injurias
571 1758 670 1787 suaS,
691 1746 766 1780 vim
793 1745 928 1794 plebis,
949 1745 1151 1780 Voleronis
1172 1744 1287 1780 auda·-

163 1814 276 1849 eiam.
332 1811 467 1849 Multis
497 1812 675 1848 ferociter
703 1811 813 1846 dictis
843 1810 1054 1852 sententiis,
1079 1809 1200 1844 vicere
1230 1820 1288 1844 se-

163 1879 305 1919 mores,
345 1877 495 1925 quibus,
535 1877 590 1912 ira
626 1876 784 1912 Pati-um
823 1876 997 1911 adversus
1034 1875 1288 1911 temeritatem

164 1939 286 1991 plebis
308 1940 458 1982 certari,
479 1951 558 1974 non
578 1938 733 1988 placuit.

220 2005 325 2042 LVI.
355 2005 587 2041 Voleronem
613 2003 788 2054 amplexa
812 2002 942 2039 favore
969 2002 1076 2053 plebs
1105 2002 1286 2052 proximis
1301 1992 1492 2073 ξ’·(ξέῗέο

167 2073 332 2109 comitiis
361 2071 558 2108 tribunum
584 2070 686 2119 plebi
717 2075 819 2105 creat
851 2070 889 2104 in
921 2081 1006 2104 eum
1034 2081 1189 2111 annum,
1223 2069 1286 2116 qui
1302 2059 1348 2110 Fit
1364 2059 1434 2112 trib.
1451 2049 1484 2074 ⁰.

165 2135 216 2172 L.
230 2136 439 2178 Pinarium,
460 2135 502 2171 P.
518 2135 675 2170 Furium
695 2132 869 2169 consules
888 2131 1045 2167 habuit:
1079 2137 1286 2180 contraque
1299 2124 1409 2163 P¹ebi⁸·

172 2198 341 2233 omnium
368 2198 599 2247 opinionem,
628 2197 691 2245 qui
717 2208 802 2231 eum
828 2194 1005 2230 vexandis
1034 2193 1169 2243 prioris
1196 2194 1287 2230 anni

173 2258 392 2300 consulibus
421 2260 688 2309 permissurum
709 2259 946 2294 tribunatum
963 2255 1179 2298 credebant,
1200 2261 1288 2305 post

174 2322 367 2375 publicam
395 2335 566 2361 caussam
594 2324 743 2376 privato
771 2323 901 2361 dolore
928 2322 1076 2368 habito,
1096 2334 1146 2359 ne
1170 2321 1287 2360 verbo
