1573 2598
411 206 567 235 LIBER
586 205 674 235 111.
707 204 814 234 cAP.
840 205 956 235 XLV.
1164 204 1246 248 223

129 295 231 345 quod
259 302 365 345 pater
393 293 527 345 puellae
553 292 715 336 abesset,
744 291 872 329 locum
899 291 1046 344 injuriae
1076 305 1157 330 esse
1185 306 1244 330 ra·
1257 290 1355 365 ἕξ·
1372 297 1446 323 305-

127 366 200 397 tus.
257 359 420 409 Virgini,
441 358 607 395 venienti
626 358 666 393 in
691 357 832 400 forum,
855 357 927 405 (ibi
946 369 1109 407 namque
1127 358 1167 394 in
1185 364 1244 394 ta·
1256 339 1446 417 Vfrgihg‘gf,

127 424 254 461 bernis
280 424 474 460 literarum
497 422 577 458 ludi
601 421 726 468 erant)
748 421 920 457 minister
939 421 1139 458 decemviri
1157 420 1244 458 libi·
1257 422 1442 471 servitutem

128 488 225 524 dinis
256 500 409 523 manum
437 485 569 536 injecit
583 500 595 532 3
627 497 734 521 serva
759 496 827 521 sua
854 491 984 521 natam
1009 486 1247 534 (servamque
1258 467 1422 498 adseritur.

128 551 338 602 adpellans)
371 562 475 587 esse:
508 549 688 598 sequique
724 560 763 585 se
792 547 970 598 jubebat,
1005 555 1250 586 cunctantem

129 618 165 653 vi
198 616 487 652 abstracturum.
544 613 687 650 Pavida
719 612 846 663 puella
875 620 1068 664 stupente,
1099 614 1146 650 ad
1173 612 1251 651 cla-

127 695 272 719 morem
290 681 463 724 nutricis,
482 680 594 716 fidem
613 679 822 720 Quiritium
841 679 1084 730 inplorantis,
1101 680 1143 717 fit
1159 693 1252 717 con-

127 758 270 783 cursus.
326 744 491 793 virginii
531 745 649 795 patris
687 744 894 794 sponsique
932 743 1032 781 Icilii
1069 745 1253 795 populare

128 822 269 847 nomen
289 808 501 846 celebratur
521 824 527 845 :
560 814 675 844 notos
699 809 823 857 gratia
847 821 993 852 eorum,
1014 809 1166 846 turbam
1194 809 1253 845 in-

130 875 296 924 dignitas
325 875 379 910 rei
398 873 537 922 virgini
567 872 758 910 conciliat.
815 873 904 910 Jam
930 886 953 910 a
980 874 1018 910 vi
1036 879 1123 910 tuta
1147 880 1251 920 erat3

130 951 247 989 quum
278 939 450 975 adsertor
476 937 573 974 nihil
606 950 701 988 opus
735 933 824 974 essev
845 937 1091 975 multitudine
1125 938 1255 975 conci-

132 1009 215 1040 tata
233 1004 300 1047 ait,
322 1015 361 1038 se
374 1001 463 1052 jure
482 1003 659 1051 grassari,
680 1014 760 1038 non
779 1002 828 1039 vi.
883 1002 1011 1039 Vocat
1032 1001 1196 1052 puellam
1215 1002 1255 1039 in

124 1067 217 1119 jus;
258 1066 491 1110 auctoribus,
525 1067 589 1116 qui
626 1067 798 1110 aderant,
832 1072 876 1103 ut
907 1072 1138 1116 sequeretur.
1193 1066 1256 1103 Ad

131 1131 302 1168 tribunal
326 1131 443 1180 Appii
472 1137 697 1180 perventum
725 1136 807 1166 est:
839 1136 973 1167 notam
993 1129 1117 1180 judici
1143 1129 1257 1167 fabu-

131 1195 208 1232 lam
245 1195 402 1245 petitor,
436 1195 575 1245 quippe
612 1194 713 1245 apud
749 1195 873 1245 ipsum
911 1201 1105 1231 auctorem
1142 1207 1256 1243 argu-

130 1260 264 1303 menti,
294 1259 469 1310 peragit,
507 1258 687 1309 puellam,
719 1259 822 1295 domi
851 1271 927 1295 suae
956 1266 1101 1303 natam,
1130 1258 1256 1296 furto-

131 1335 205 1372 que
236 1323 323 1359 inde
355 1323 396 1358 in
425 1322 579 1358 domum
606 1321 773 1370 virginii
810 1321 1047 1366 translatam,
1078 1322 1255 1373 subposi-

128 1393 210 1423 tam
229 1387 262 1423 ei
282 1399 375 1423 esse.
432 1385 478 1422 Id
500 1398 539 1422 se
559 1386 701 1422 indicio
723 1393 964 1437 compertum
985 1387 1144 1431 adferre,
1164 1399 1255 1438 pro-

130 1450 383 1499 baturumque
399 1449 459 1485 vel
485 1450 568 1500 ipso
587 1450 766 1498 Virginio
788 1450 935 1500 judice,
957 1450 1005 1487 ad
1033 1463 1146 1500 quem
1172 1463 1255 1489 ma-

124 1513 191 1564 jor
218 1527 303 1564 pars
332 1513 478 1564 injuriae
505 1513 586 1564 ejus
615 1515 819 1564 pertineat.
875 1515 1036 1552 Interim
1058 1516 1255 1552 dominum

131 1579 237 1627 sequi
257 1578 615 1627 aneillamkaequum
636 1591 729 1615 esse.
758 1579 948 1617 Advocati
967 1579 1116 1630 puellae,
1137 1593 1256 1629 quum

130 1641 348 1690 Virginium
372 1642 590 1692 reipublicae
613 1656 747 1679 caussa
765 1644 951 1680 dixissent
970 1644 1115 1688 abesse,
1135 1645 1254 1682 biduo

134 1705 366 1749 adfuturum,
387 1707 418 1742 si
443 1708 667 1744 nunciatum
695 1709 730 1743 ei
759 1709 834 1753 sit;
867 1709 1040 1757 iniquum
1065 1721 1161 1752 esse,
1187 1709 1256 1746 ab·

134 1776 280 1805 sentem
308 1771 354 1806 de
381 1770 508 1807 liberis
538 1772 744 1817 dimicare3
784 1772 996 1821 postulant,
1018 1779 1060 1808 ut
1088 1786 1168 1809 rem
1196 1774 1256 1809 in-

133 1840 281 1882 tegram
300 1835 337 1870 in
358 1836 475 1884 patris
496 1836 700 1872 adventum
719 1836 866 1872 differat
882 1852 893 1881 3
925 1836 1010 1885 lege
1029 1836 1076 1873 ab
1097 1838 1180 1887 ipso
1199 1837 1255 1873 la-

132 1904 174 1934 ta
192 1898 372 1935 vindicias
394 1899 459 1935 det
477 1900 684 1936 secundum
702 1899 917 1937 libertatem
935 1917 945 1947 ;
977 1914 1053 1937 neu
1072 1902 1254 1951 patiatur,

133 1962 319 2011 virginem
348 1963 515 2001 adultam
541 1965 652 2002 famae
680 1966 799 2015 prius,
820 1978 933 2015 quam
962 1965 1164 2009 libertatis,
1190 1978 1257 2016 pe-

134 2027 293 2064 riculum
313 2029 428 2066 adire.

189 2090 313 2127 XLV.
343 2093 490 2142 Appius
529 2092 681 2129 decreto
718 2093 912 2143 praefatuS,
946 2095 1063 2136 Quam
1101 2095 1259 2131 libertati

124 2153 279 2203 faverit,
317 2167 395 2192 eam
430 2159 542 2205 ipsam
579 2158 690 2205 legem
727 2159 924 2201 declarare,
963 2171 1069 2206 quam
1104 2159 1258 2207 Virginii

135 2223 242 2256 αηιὶεὶ
262 2223 497 2269 postulationi
514 2236 586 2260 suae
605 2226 844 2272 praetendant.
903 2225 1065 2261 Ceterum
1087 2227 1139 2261 ita
1159 2227 1196 2261 in
1214 2236 1267 2262 ea,

122 2284 274 2333 firmum
295 2286 449 2323 libertati
458 2287 546 2336 fore
561 2289 782 2336 praesidium,
801 2290 831 2325 si
849 2301 912 2325 nec
931 2290 1072 2332 caussz'S,
1092 2301 1156 2325 nec
1170 2301 1257 2337 per-

133 2350 226 2385 sonis
242 2352 365 2387 variet.
424 2351 468 2388 In
496 2352 550 2389 his
577 2354 684 2395 enim,
709 2365 786 2401 quae
809 2354 1020 2390 adserantur
1044 2355 1082 2390 in
1110 2354 1255 2390 liberta·

655 2415 690 2453 L
709 2417 733 2452 4
758 2419 761 2423 “
