1573 2598
378 209 533 238 mmm
555 204 605 238 v.
638 207 746 237 cAi’.
771 207 941 238 xxvn.
1136 207 1220 253 373

100 295 155 333 ibi
174 294 336 334 scelesto
354 296 517 334 facinori
536 296 791 334 scelestiorem
816 310 1030 334 sermonem
1054 298 1197 335 addidit
1213 313 1220 333 ε
1236 294 1279 325 U·
1294 293 1333 325 C·
1350 300 1426 326 36¹·

102 362 262 399 Falerios
286 374 324 399 se
350 364 388 398 in
413 374 541 399 manus
559 362 734 399 Romanis
759 364 950 399 tradidisse
964 380 975 406 ,-
1005 364 1148 411 quando
1164 375 1221 399 eos
1236 337 1327 369 A.C.
1344 344 1421 371 ³⁹¹⁰

97 437 240 474 pueros,
262 438 413 474 quorum
438 430 607 475 parentes
625 427 747 474 capita
774 426 819 462 ibi
837 439 956 463 rerum
975 428 1061 469 sint,
1092 428 1129 463 in
1153 439 1223 475 po-

104 493 268 525 testatem
296 490 488 526 dediderit.
535 490 631 528 Quae
654 488 717 525 ubi
747 489 928 525 Camillus
957 490 1114 532 audivit,
1136 491 1222 526 Non

101 554 151 589 ad
163 555 328 596 similem,
346 554 483 603 inquit,
505 555 559 590 tui
577 566 640 589 nec
657 555 844 602 populum,
870 566 935 591 nec
954 556 1226 602 imperatorem,

102 618 266 653 scelestus
284 619 357 665 ipse
374 630 455 654 cum
471 618 617 653 scelesto
641 630 788 669 munere
810 619 945 654 venisti.
1004 618 1115 654 Nobis
1142 631 1222 655 cum

103 681 262 722 Faliscis,
284 693 362 728 quae
377 685 484 728 pacto
494 681 547 730 fit
567 681 735 723 hamam,
756 683 906 718 societas
923 693 994 718 non
1013 687 1087 718 est:
1115 693 1227 730 qnam

101 744 325 790 ingeneravit
342 749 488 786 natura,
508 746 668 792 utrisque
687 749 751 786 est,
772 746 922 792 eritque.
960 745 1055 781 Sunt
1073 751 1109 781 et
1128 745 1224 787 belli,
1258 736 1267 738 ἡ

102 808 195 843 sicut
216 809 331 855 ραι-ξε,
351 807 442 854 jura
456 825 468 844 .·
486 807 656 857 justeque
673 821 729 851 ea,
751 820 822 844 non
846 810 965 844 ‘minus
983 819 1090 856 quam
1106 808 1224 857 forti-

102 876 169 914 ter,
200 873 388 909 didicimus
411 884 545 920 gerere.
602 874 718 909 Arma
747 873 925 915 habemns,
956 885 1026 909 non
1056 874 1224 909 adversus

103 947 183 971 eam
214 940 369 979 aetatem,
400 938 458 972 cui
485 938 594 972 etiam
623 938 737 984 captis
763 936 904 972 urbibus
933 937 1126 984 parcitur:
1161 937 1224 972 sed

104 1000 272 1036 adversus
288 1005 460 1043 armatos,
480 1005 516 1036 et
534 1002 637 1048 ipsos,
659 1002 732 1048 qui,
754 1013 817 1036 nec
842 1002 927 1043 laesi,
948 1012 1011 1036 nec
1029 1001 1181 1037 lacessiti
1200 1013 1225 1037 a

102 1063 215 1105 nobis,
236 1067 355 1100 castra
374 1064 541 1099 Romana
559 1065 608 1100 ad
632 1064 732 1100 Veios
750 1064 1010 1111 obpugnarunt.
1067 1063 1142 1100 Eos
1170 1068 1222 1107 tu,

105 1131 279 1174 quantum
301 1129 340 1162 in
363 1132 397 1163 te
413 1127 510 1176 fuit,
537 1139 626 1164 novo
651 1128 778 1163 scelere
801 1128 941 1163 vicisti:
969 1138 1034 1175 ego
1054 1127 1226 1164 Romanis

106 1193 253 1236 artibus,
287 1195 433 1236 virtute,
472 1206 589 1242 opere,
627 1195 750 1236 armis,
787 1195 880 1230 sicut
919 1194 1034 1236 Veios,
1071 1194 1223 1230 vincam.

106 1256 352 1293 Denudatum
372 1258 507 1294 deinde
535 1270 636 1300 eum,
663 1257 838 1293 manibus
859 1263 947 1307 post
965 1263 1116 1305 tergum
1135 1254 1224 1292 inli-

108 1321 220 1370 gatis,
250 1320 505 1357 reducendum
533 1320 702 1358 Falerios
722 1321 847 1370 pueris
867 1320 1046 1356 tradidit:
1077 1320 1224 1368 virgas-

107 1396 179 1434 que
198 1386 266 1429 eis,
286 1385 422 1434 quibus
441 1386 677 1435 proditorem
696 1390 854 1434 agerent
879 1385 920 1420 in
938 1384 1071 1421 urbem
1090 1383 1224 1420 verbe-

107 1455 247 1493 rantes,
278 1449 392 1486 dedit.
448 1450 509 1485 Ad
529 1449 631 1498 quod
655 1447 912 1498 spectaculum
939 1460 1126 1484 concursu
1152 1459 1223 1498 po-

108 1512 188 1563 puli
219 1513 383 1563 primum
414 1512 532 1556 facto,
567 1512 702 1549 deinde
737 1524 759 1548 a
788 1511 1075 1560 magistratibus
1108 1511 1152 1547 de
1183 1523 1225 1547 re

107 1588 208 1614 nova
235 1583 373 1614 vocato
401 1585 550 1621 senatu,
580 1583 690 1613 tanta
718 1576 882 1612 mutatio
912 1575 1049 1611 animis
1079 1581 1137 1611 est
1165 1575 1225 1611 in·
1249 1562 1254 1565 7

101 1641 222 1692 jecta,
242 1648 298 1685 ut,
319 1642 383 1690 qui
402 1642 530 1684 modo,
551 1641 696 1677 efferati
723 1640 812 1676 odio
839 1641 984 1688 iraque,
1006 1639 1226 1675 Veientium

108 1707 252 1742 exitum
286 1718 398 1754 pene,
432 1718 545 1753 quam
582 1705 835 1754 Capenatium
872 1716 1020 1753 pacem,
1051 1702 1223 1746 mallent,

110 1769 210 1820 apud
236 1781 302 1805 eos
334 1781 467 1819 pacem
496 1770 672 1804 universa
704 1775 879 1817 posceret
913 1767 1058 1803 civitas.
1114 1766 1226 1803 Fides

109 1834 302 1877 Romana,
325 1832 480 1883 justitia
505 1832 759 1882 imperatoris,
779 1833 820 1867 in
839 1831 928 1867 foro
949 1837 987 1867 et
1006 1831 1111 1867 curia
1130 1829 1228 1866 cele-

110 1899 292 1935 brantur.-
326 1908 587 1944 consensuque
616 1896 785 1931 omnium
810 1894 927 1942 legati
953 1894 1000 1930 ad
1024 1893 1227 1930 Camillum

111 1963 152 2001 in
178 1968 315 2003 castra,
342 1967 456 2009 atque
483 1960 570 1995 iude
596 1959 781 2009 permissu
809 1958 961 1994 Camilli
988 1957 1155 1993 Romam
1181 1958 1229 1994 ad

113 2032 300 2068 senatum,
322 2025 386 2074 qui
405 2024 585 2060 dederent
603 2023 787 2066 Falerios,
808 2023 1113 2072 proficiscuntur.
1160 2021 1226 2057 In·
1240 2029 1352 2060 Falisci
1368 2030 1424 2060 de-

112 2090 277 2127 troducti
307 2089 354 2125 ad
383 2095 557 2125 senatum
590 2089 645 2124 ita
674 2087 793 2124 locuti
826 2087 1054 2123 traduntur:
1099 2087 1228 2123 Patres
1239 2073 1409 2146 (ἓξῖῐξὲξίδ.

115 2155 314 2202 eonscripti,
334 2154 498 2195 victoria,
525 2154 581 2188 cui
600 2165 664 2188 nee
688 2153 805 2195 Deus,
832 2164 896 2188 nec
921 2152 1024 2187 homo
1043 2152 1230 2198 quisquam

116 2219 287 2259 invideat,
312 2219 399 2253 victi
430 2229 453 2252 a
479 2217 574 2252 ‘cobis
602 2222 638 2253 et
664 2219 882 2264 imperatore
907 2219 1033 2256 vestro,
1069 2215 1232 2250 dedimus

117 2294 179 2318 nos
200 2282 318 2324 vobi33
346 2283 431 2324 rati,
461 2294 528 2328 quo
554 2281 647 2317 nihil
670 2283 797 2317 victori
821 2280 1007 2328 pulchrius
1024 2283 1087 2321 est,
1108 2279 1234 2314 melius

116 2358 180 2385 nos
203 2346 265 2383 sub
289 2347 437 2394 imperio
459 2350 587 2390 vestro,
615 2358 724 2394 quam
749 2345 881 2393 legibus
905 2345 1045 2387 nostris,
1065 2345 1232 2380 victuros.
