1573 2598
146 237 190 271 U.
201 239 239 271 C.
251 246 326 273 404.

146 282 186 313 A.
200 283 237 315 C.
252 290 326 316 848.

122 493 161 524 C.
177 494 320 526 Marcius

121 538 244 576 primus
255 548 330 568 cen-

118 589 171 611 sor
180 581 218 611 de
227 581 333 621 plebe.

120 753 170 785 M.
189 755 305 787 Fabius

119 797 265 831 dictator.

122 1207 168 1238 U.
178 1207 215 1238 C.
232 1215 307 1241 405.

122 1252 164 1284 A.
179 1251 216 1283 C.
233 1257 308 1288 347.

123 1536 252 1567 Bellum

122 1580 301 1612 Gallicum.

339 143 425 190 500
796 146 842 179 r.
866 147 999 180 mvn

340 239 489 290 patricii
509 238 682 277 consules
703 247 824 286 erant,
846 241 910 292 qui
934 242 1121 280 rationem
1141 240 1221 294 ejus
1241 255 1281 281 se
1299 241 1455 287 habitu-

339 315 401 340 ros
421 302 626 352 negabant.
684 305 757 342 Sed
777 312 814 342 et
840 307 920 357 ipse
940 306 1157 343 constantia
1174 307 1367 358 inceptum
1385 306 1455 344 ob·

340 367 471 411 tinuit,
492 373 529 403 et
548 367 706 412 tribuni,
727 370 832 406 omni
854 370 889 405 vi
917 370 1175 421 recuperando
1193 370 1259 422 jus
1280 369 1455 408 consula-

341 431 445 467 ribus
465 432 628 468 comitiis
650 433 841 478 amissum,
863 433 1088 485 adjuverunt
1100 451 1111 481 3
1143 441 1181 471 et
1200 448 1315 485 quum
1339 435 1456 486 ipsius

343 495 412 531 viri
429 495 606 546 majestas
626 497 764 534 nullius
784 499 940 536 honoris
956 498 1152 549 fastigium
1170 512 1250 536 non
1266 499 1454 549 aequabat,
1512 523 1513 526 =
1570 490 1573 527 Ῐ

343 563 424 595 tum
444 572 510 609 per
529 561 715 605 eumdem,
729 563 793 611 qui
807 563 853 606 ad
872 563 1100 600 dictaturam
1116 564 1325 613 aperuisset
1342 564 1457 606 viam,

343 635 540 659 censuram
565 637 716 674 quoque
741 627 780 662 in
807 633 953 676 pultem
981 627 1108 663 vocari
1135 627 1264 678 plebes
1292 618 1458 664 volebat.

341 686 425 723 Nec
447 690 633 725 variatum
657 691 820 726 comitiis
848 698 919 734 est,
940 693 1029 741 quin
1060 705 1145 729 cum
1167 691 1317 728 Manlio
1340 691 1459 727 Cnaeo

342 764 476 789 censor
499 753 669 790 Marcius
697 762 899 793 crearetur.
956 757 1197 793 Dictatorem
1217 768 1369 806 quoque
1397 755 1461 792 hic

339 828 460 853 annus
481 816 614 853 habuit
633 817 689 853 M.
710 817 886 863 Fabium,
906 819 1012 856 nullo
1031 827 1177 857 terrore
1194 819 1300 863 belli,
1321 819 1385 856 sed
1411 831 1459 856 ne

335 879 488 917 Licinia
515 880 577 916 lex
597 881 761 917 comitiis
789 883 1050 920 consularibus
1070 883 1346 920 observaretur.
1370 881 1460 920 Ma-

337 945 456 993 gister
485 945 656 993 equitum
685 945 863 982 dictatori
896 947 1045 983 additus
1075 947 1123 986 Q.
1155 946 1357 983 Servilius:
1389 958 1461 984 nec

336 1014 466 1045 tamen
497 1009 687 1046 dictatura
723 1011 983 1062 potentiorem
1012 1025 1099 1049 eum
1129 1024 1357 1049 consensum
1383 1011 1460 1048 Pa-

337 1079 440 1110 trum
478 1074 742 1112 consularibus
783 1077 950 1113 comitiis
987 1076 1093 1121 fecit,
1127 1089 1241 1127 quam
1277 1077 1458 1114 censoriis

337 1137 474 1177 fuerat.

395 1203 557 1241 XXIII.
607 1204 664 1241 M.
697 1205 882 1256 Popillius
901 1206 1040 1243 Laenas
1074 1218 1097 1242 a
1127 1204 1238 1256 plebe
1257 1204 1404 1249 consul,
1437 1217 1460 1242 a

340 1267 520 1305 Patribus
549 1269 595 1306 L.
617 1270 816 1307 Cornelius
845 1272 973 1322 Scipio
996 1271 1117 1308 datus.
1174 1270 1347 1308 Fc-·÷una
1364 1282 1460 1319 quo-

340 1344 413 1382 que
445 1333 701 1370 inlustriorem
738 1335 929 1384 plebeium
965 1334 1161 1372 consulem
1196 1334 1300 1371 fecit.
1356 1333 1460 1371 Nam

339 1409 456 1446 quum
475 1398 669 1447 ingentem
689 1399 889 1437 Gallorum
911 1401 1120 1437 exercitum
1142 1400 1182 1435 in
1202 1410 1296 1448 agro
1314 1398 1458 1436 Latino

340 1468 465 1498 castra
499 1464 670 1513 posuisse
717 1465 940 1502 nunciatum
977 1470 1075 1501 esset
1088 1480 1098 1510 3
1140 1464 1319 1514 Scipione
1354 1463 1460 1513 gravi

341 1526 478 1562 morbo
498 1527 685 1577 inplicito,
707 1528 898 1566 Gallicum
922 1529 1064 1565 bellum
1083 1528 1249 1579 Popillio
1271 1533 1379 1564 extra
1397 1540 1460 1564 or-

342 1591 469 1628 dinem
495 1592 637 1630 datum.
695 1593 748 1637 Is,
779 1594 927 1644 inpigre
964 1593 1134 1630 exercitu
1163 1593 1320 1642 scripto,
1343 1604 1460 1641 quum

340 1669 472 1694 omnes
494 1664 600 1694 extra
620 1665 772 1710 portam
793 1659 987 1710 Capenam
1004 1658 1050 1695 ad
1068 1657 1207 1694 Martis
1229 1656 1347 1693 aedem
1364 1669 1456 1693 con·

337 1723 467 1758 venire
499 1729 665 1760 armatos
689 1723 864 1773 juniores
888 1722 1080 1773 jussisset,
1111 1723 1295 1771 signaque
1324 1722 1458 1759 eodem

339 1793 545 1836 quaestores
566 1800 610 1823 ex
635 1789 767 1824 aerario
787 1788 947 1831 deferre,
969 1793 1132 1837 quatuor
1151 1785 1310 1837 expletis
1334 1785 1454 1835 legio-

337 1851 464 1895 nibus,
485 1853 585 1902 quod
604 1853 790 1903 superfuit
807 1852 983 1896 militum,
1003 1852 1047 1889 P.
1074 1851 1227 1888 Valerio
1249 1849 1456 1888 Publicolae

337 1918 492 1967 praetori
513 1918 670 1954 tradidit
683 1934 693 1963 3
727 1924 860 1955 auctor
882 1917 1060 1954 Patribus
1086 1915 1274 1954 scribendi
1303 1913 1456 1952 alterius

339 1982 542 2024 exercitus,
563 1983 665 2030 quod
687 1983 735 2019 ad
762 1983 928 2019 incertos
947 1981 1038 2019 belli
1064 1986 1219 2018 eventus
1248 1979 1457 2018 subsidium

340 2045 557 2096 reipublicae
579 2053 688 2084 esset.
745 2047 846 2097 Ipse,
860 2046 944 2098 jam
959 2048 1049 2083 satis
1069 2044 1245 2083 omnibus
1262 2045 1456 2082 instructis

341 2111 659 2160 comparatisque,
697 2111 745 2148 ad
780 2112 930 2148 hostem
963 2111 1109 2162 pergit:
1142 2108 1248 2160 cujus
1283 2115 1324 2145 ut
1353 2109 1456 2159 prius

340 2180 516 2211 nosceret
549 2175 660 2219 vires,
689 2187 801 2224 quam
833 2174 1001 2225 periculo
1036 2174 1169 2212 ultimo
1197 2178 1386 2218 tentaret5
1417 2172 1456 2210 in

341 2240 503 2283 tumulo,
533 2253 643 2289 quem
680 2241 896 2291 proximum
929 2241 1060 2277 castris
1094 2237 1291 2276 Gallorum
1322 2248 1455 2287 capere

341 2307 483 2358 potuit,
505 2305 644 2343 vallum
663 2306 798 2343 ducere
817 2305 946 2356 coepit,
1003 2304 1105 2341 Gens
1126 2303 1235 2340 ferox
1254 2307 1292 2339 et
1312 2300 1454 2351 inge-iii
