1573 2598
322 175 391 222 ‚66
612 202 614 204 -
791 188 837 216 T.
858 189 990 218 121v11

121 274 240 322 Tuiliae
257 283 324 304 am·
335 276 467 324 tuique
502 274 664 311 civitatis
700 287 822 311 mores
859 282 1026 326 possent.
1082 275 1309 325 Augebatur
1339 278 1449 316 ferox

124 317 214 347 bmo‘
336 339 476 382 Tullia,
499 338 595 374 nihil
615 340 781 375 materiae
804 340 842 376 in
863 340 944 376 viro
968 352 1090 389 neque
1117 341 1163 376 ad
1189 342 1449 391 cupiditatem,

337 416 459 452 neque
479 403 526 439 ad
544 403 740 439 audaciam
759 416 838 439 esse
853 420 862 448 ;
891 410 975 440 tota
993 405 1033 440 in
1050 404 1210 441 alterum
1228 418 1337 442 versa
1353 405 1450 442 Tar-

316 468 522 517 -quinium,
553 480 638 504 eum
666 468 806 511 mirari,
837 481 922 505 eum
951 470 1071 504 virum
1103 468 1240 512 dicere,
1271 482 1314 504 ac
1345 469 1453 518 regio

339 532 522 580 sanguine
559 537 714 567 ortum':
763 545 937 582 spernere
975 546 1156 576 sororem,
1195 533 1297 582 quod
1331 533 1453 569 virum

339 601 451 631 nacta
473 594 646 630 muliebri
676 602 838 631 cessaret
863 596 1030 632 audacia.
1088 596 1293 632 contrahit
1321 595 1454 632 celeri-

339 666 397 694 ter
426 658 633 694 similitudo
662 671 741 702 eos,
769 665 810 694 ut
838 659 916 696 fere
935 659 977 695 fit
1006 659 1146 695 malum
1174 659 1275 696 malo
1303 659 1454 709 aptissi-

339 735 466 758 mum:
499 722 564 758 sed
592 722 743 759 initium
771 723 948 759 turbandi
970 725 1100 759 omnia
1124 736 1146 759 a
1168 723 1311 759 femina
1329 729 1456 760 ortum

341 793 410 823 est.
465 786 538 829 Ea,
559 788 711 823 secretis
732 788 801 823 viri
827 787 939 824 alieni
965 787 1183 824 adsuefacta
1204 787 1455 831 sermonibus,

341 849 454 886 nullis
473 847 674 886 verborum
693 851 931 887 contumeliis
954 863 1122 901 parcere,
1143 851 1188 886 (le
1207 851 1290 887 viro
1308 850 1356 887 ad
1378 850 1454 888 fra-

341 921 452 958 trem,
470 915 516 952 ‹le
545 912 675 952 sorore
696 916 742 951 ad
761 912 882 951 virum
899 931 909 961 3
942 922 980 951 et
1009 928 1047 951 se
1076 916 1213 951 rectius
1232 909 1397 958 viduani,
1418 920 1457 951 et

340 978 447 1015 illum
485 979 658 1015 coelibem
701 979 871 1014 futurum
911 979 1028 1014 fuisse
1065 978 1306 1021 contendere,
1344 990 1458 1027 quam

341 1056 427 1078 cum
456 1043 578 1092 inpari
600 1042 728 1092 jungi,
758 1049 800 1078 ut
819 1042 1170 1090 ‘elanguescendum
1199 1042 1322 1078 aliena
1349 1042 1458 1090 igna-

341 1108 402 1142 xia
428 1114 537 1143 esset.
595 1107 634 1142 Si
660 1107 732 1142 sibi
757 1120 857 1149 eum,
875 1119 950 1155 quo
973 1107 1089 1155 digna
1113 1112 1223 1148 esset,
1243 1105 1310 1141 Dii
1336 1106 1458 1142 dedis-

344 1177 428 1206 sent
449 1170 584 1213 virum,
604 1169 707 1205 domi
726 1182 766 1205 se
785 1182 903 1219 prope
922 1170 1020 1205 diem
1040 1170 1200 1205 visuram
1221 1181 1380 1217 regnum
1397 1169 1459 1205 fu-

343 1234 430 1277 isse,
461 1234 563 1283 quod
596 1234 695 1283 apud
727 1239 874 1283 patrem
902 1233 1038 1270 videat.
1095 1233 1277 1269 Celeriter
1313 1232 1460 1269 adoles-

345 1306 493 1335 centem
527 1311 604 1334 suae
635 1299 859 1334 temeritatis
888 1298 1020 1348 inplet.
1075 1299 1202 1334 Aruns
1230 1297 1460 1346 Tarquinius

344 1370 383 1398 et
407 1361 535 1398 Tullia
559 1362 685 1397 minor
711 1374 830 1411 prope
860 1362 1092 1397 continuatis
1121 1361 1316 1398 funeribus
1345 1373 1461 1410 quum

346 1426 479 1462 domos
503 1438 639 1461 vacuas
668 1438 770 1461 novo
799 1426 1043 1461 matrimonio
1071 1425 1264 1468 fecissent,
1287 1423 1460 1474 jungun-

127 1492 335 1543 Nubitsoro-
346 1497 408 1526 tur
444 1490 601 1539 nuptiis,
638 1490 758 1538 magis
795 1502 874 1525 non
910 1489 1137 1540 prohibente
1175 1489 1319 1532 Servio,
1349 1501 1464 1538 quam

129 1545 169 1566 ¹¹⁵
185 1546 263 1567 ‘²¹¹⁰‘
346 1553 593 1603 adprobante.

399 1616 568 1653 XLVII.
597 1616 697 1652 Tum
716 1629 805 1651 vero
833 1617 873 1652 in
899 1616 976 1652 dies
1000 1616 1173 1652 infestior
1188 1615 1305 1651 Tullii
1333 1627 1465 1651 senec·

345 1687 422 1723 tuS,
443 1680 615 1716 infestius
639 1680 756 1729 coepit
775 1692 934 1727 regnum
953 1692 1057 1715 esse:
1079 1679 1163 1728 jam
1189 1680 1290 1715 enim
1316 1678 1363 1715 ab
1383 1691 1463 1715 sce-

129 1745 278 1793 Violenta
348 1744 425 1780 lere
444 1744 492 1780 ad
510 1744 612 1780 aliud
634 1751 804 1793 spectare
829 1743 964 1779 mulier
982 1744 1101 1779 scelus
1118 1758 1125 1778 :
1157 1755 1227 1778 nec
1246 1749 1374 1786 nocte,
1394 1755 1464 1779 nec

129 1799 198 1826 ejus
214 1798 291 1819 con·

128 1833 209 1863 silia.
348 1807 513 1844 interdiu
535 1808 656 1843 virum
686 1809 952 1855 conquiescere
978 1808 1071 1856 pati,
1098 1819 1145 1842 ne
1175 1807 1342 1855 gratuita
1368 1819 1464 1856 prae-

347 1873 461 1908 terita
489 1872 690 1921 parricidia
719 1877 855 1907 essent.
913 1872 995 1906 Non
1013 1872 1078 1907 sibi
1097 1870 1258 1919 defuisse,
1280 1872 1336 1906 cui
1353 1876 1466 1919 nupta

347 1937 535 1977 (liceretur,
556 1947 618 1970 nec
639 1947 717 1970 cum
741 1947 807 1982 quo
835 1936 945 1970 tacita
970 1936 1141 1970 serviret:
1172 1933 1334 1982 defuisse,
1355 1936 1468 1982 quise

348 2012 454 2046 regno
484 2000 630 2046 (lignum
654 1998 824 2046 putaret:
855 2000 915 2046 qui
944 2000 1165 2039 meminisset,
1194 2009 1230 2033 se
1257 2009 1326 2034 esse
1351 1999 1468 2035 Prisci

354 2064 541 2110 Tarquinii
565 2063 713 2111 filicum
743 2063 803 2109 qui
831 2062 969 2104 habere,
1001 2074 1103 2109 qaam
1137 2073 1291 2109 sperare,
1323 2074 1467 2109 regnum

349 2128 483 2162 mallet.
540 2126 583 2162 Si
603 2130 640 2162 tu
661 2128 688 2161 is
706 2138 752 2167 es,
774 2126 831 2161 cui
848 2131 996 2173 nuptam
1015 2137 1084 2160 esse
1103 2137 1156 2160 me
1173 2125 1339 2167 arbitror,
1360 2131 1395 2162 et
1415 2128 1467 2162 vi-

348 2203 427 2227 rum
457 2195 491 2226 et
518 2202 635 2238 regem
663 2190 804 2238 adpelle
820 2206 832 2226 .·
862 2191 916 2226 sin
946 2191 1070 2232 miuus,
1091 2201 1129 2225 eo
1151 2201 1243 2225 nunc
1266 2188 1364 2239 pejus
1390 2203 1467 2226 mu-

350 2259 429 2291 tuta
454 2259 503 2290 est
528 2267 596 2297 res,
617 2255 710 2302 quod
733 2254 836 2290 isthic
856 2266 935 2290 cum
959 2255 1101 2301 ignavia
1125 2258 1174 2288 est
1194 2255 1316 2290 scelus.
1374 2254 1468 2296 Quin

351 2315 583 2368 adaugeris?
612 2319 695 2356 Non
724 2318 785 2355 tibi
815 2319 858 2355 ab
879 2318 1060 2361 Corintho,
1090 2330 1151 2355 nec
1179 2318 1222 2354 ab
1254 2319 1465 2366 Tarquiniis,
