1573 2598
412 179 567 210 LIBER
592 178 628 208 1.
661 176 769 207 eAP.
791 176 972 207 xxxlx.
1194 172 1247 219 57

127 271 204 319 pio.
259 267 370 306 Bello
390 267 534 305 Sabino
558 265 744 317 perfecto,
762 264 992 315 Tarquinius
1010 265 1248 315 triumphans

131 334 300 371 Romam
327 333 450 370 rediit.
506 331 602 368 Inde
629 331 760 381 priscis
785 329 936 367 Latinis
963 329 1105 366 bellum
1127 329 1220 366 fecit
1237 344 1244 366 ε
1261 327 1390 360 Bellum

134 398 199 436 ubi
228 410 414 448 nusquam
436 396 484 434 ad
512 396 696 432 universae
714 395 768 431 rei
793 394 1076 431 dimicationem
1094 400 1250 431 ventum
1261 373 1415 448 ᾖξ’-ἕω

134 469 204 507 est,
239 462 286 499 ad
310 461 461 510 singula
489 461 630 511 oppida
657 459 958 496 circumferendo
989 471 1107 502 arma,
1137 471 1250 496 omne

132 540 272 565 nomen
297 526 481 563 Latinum
509 525 668 562 domuit.
724 524 986 568 Corniculum,
1013 522 1168 561 Ficulea
1185 536 1250 560 ve-

133 599 209 635 tus,
241 591 429 634 Cameria,
461 591 777 633 Crustumerium,
807 589 1016 633 Ameriola,
1044 587 1248 632 Medullia,

133 656 384 700 Nomentum,
404 655 486 692 haec
513 655 558 692 de
583 655 715 706 priscis
735 654 900 698 Latinis,
921 661 988 691 aut
1012 654 1076 703 qui
1098 653 1146 690 ad
1171 653 1251 690 La-

132 721 234 756 tinos
271 719 502 762 defecerant,
540 726 652 770 capta
689 719 840 769 oppida.
903 718 985 755 Pax
1022 717 1157 755 deinde
1195 723 1253 754 est
1264 718 1352 750 Pacis
1362 726 1468 759 opera·

134 784 248 821 facta¹
302 783 455 834 Majore
487 784 575 820 inde
608 784 736 820 animo
768 783 870 834 pacis
904 796 1021 833 opera
1056 783 1251 827 inchoata,

137 861 250 898 quam
269 854 412 898 quanta
430 847 531 884 mole
560 854 729 896 gesserat
752 847 878 884 bella:
910 853 953 883 ut
981 859 1060 883 non
1088 847 1254 896 quietior

137 912 299 964 populus
328 913 431 949 domi
457 920 569 957 esset,
591 925 704 962 quam
726 911 871 948 militiae
890 911 1037 948 fuisset.
1092 911 1196 948 Nam
1215 917 1255 947 et

137 989 245 1014 muro
274 976 438 1027 lapideo,
463 976 569 1026 cujus
599 977 797 1014 exordium
826 976 949 1026 operis
980 975 1123 1012 Sabino
1151 974 1254 1012 bello

138 1042 333 1078 turbatum
358 1048 452 1084 erat,
479 1041 626 1085 urbem,
652 1054 726 1090 qua
749 1041 920 1077 nondum
949 1041 1151 1084 munierat,
1173 1041 1256 1076 cin-

139 1118 227 1154 gere
254 1111 389 1155 parat:
422 1111 460 1141 et
487 1105 618 1141 infima
642 1105 744 1141 urbis
769 1104 854 1141 loca
878 1105 978 1140 circa
995 1104 1121 1140 forum
1141 1103 1254 1141 alias-

138 1181 210 1218 que
244 1167 462 1217 interjectas
495 1168 654 1205 collibus
690 1167 894 1211 convalles,
927 1168 1016 1216 quia
1052 1181 1099 1204 ex
1131 1167 1254 1217 planis

137 1231 231 1268 locis
260 1231 362 1267 haud
387 1231 498 1268 facile
518 1231 728 1268 evehebant
748 1243 878 1280 aquas,
900 1231 1038 1267 cloacis
1060 1243 1079 1267 e
1098 1231 1255 1280 fastigio

139 1297 178 1333 in
206 1295 376 1332 Tiberim
405 1295 526 1331 ductis
556 1296 702 1332 siccat:
743 1302 781 1332 et
817 1308 944 1332 aream
980 1295 1028 1332 ad
1065 1295 1182 1332 aedem
1217 1296 1257 1332 in

141 1359 334 1411 Capitolio
361 1359 483 1402 Jovis,
514 1372 628 1410 quam
653 1366 811 1396 voverat
847 1359 949 1396 bello
988 1358 1146 1403 Sabino,
1173 1358 1258 1410 jam

141 1425 391 1475 praesagiente
409 1424 538 1460 animo
557 1423 725 1461 futuram
744 1423 837 1461 olim
856 1423 1145 1475 amplitudinem
1167 1422 1257 1467 loci,

140 1496 303 1538 occupat
320 1488 590 1525 fundamentis,

191 1552 392 1590 XXXIX.
424 1552 485 1588 Eo
517 1559 689 1603 tempore
720 1553 761 1589 in
792 1554 899 1603 regia
927 1553 1144 1604 prodigium
1175 1553 1257 1591 visu
1270 1559 1397 1591 Servius

138 1624 348 1667 eventuque
370 1615 543 1653 mirabile
560 1616 646 1654 fuit.
701 1616 827 1654 Puero
853 1618 1070 1661 dormienti,
1092 1618 1152 1654 cui
1179 1602 1412 1656 SerssTUffiUS·

138 1682 266 1720 Tullio
285 1693 426 1718 nomen
444 1681 532 1725 fuit,
554 1689 669 1733 caput
687 1683 823 1719 arsisse
841 1683 970 1719 ferunt
994 1682 1202 1719 multorum
1221 1683 1261 1719 in

140 1753 359 1796 conspectu.
414 1745 584 1782 Plurimo
612 1747 730 1795 igitur
758 1747 923 1784 clamore
951 1747 1039 1784 inde
1067 1747 1114 1783 ad
1142 1753 1260 1784 tantae

139 1811 194 1848 rei
219 1809 443 1847 miraculum
469 1817 555 1847 orto
575 1811 719 1847 excitos
747 1824 853 1860 reges
873 1826 880 1847 :
914 1818 951 1847 et
973 1824 1088 1861 quum
1108 1811 1261 1860 quidam

139 1875 383 1914 familiarium
402 1887 539 1924 aquam
563 1876 611 1912 ad
639 1876 950 1925 restinguendum
974 1875 1102 1918 ferret,
1123 1875 1171 1911 ab
1199 1887 1259 1911 re-

141 1942 231 1990 gina
257 1946 447 1976 retentum
465 1954 472 1975 :
505 1941 712 1990 sedatoque
731 1954 815 1977 eam
832 1940 1012 1984 tumultu,
1033 1941 1177 1976 moveri
1194 1953 1264 1977 ve·

138 2005 256 2041 tuisse
283 2017 467 2054 puerum;
499 2004 620 2040 donec
643 2017 712 2041 sua
731 2012 868 2056 sponte
887 2011 1127 2055 experrectus
1147 2011 1259 2041 esset.

138 2069 237 2106 Mox
256 2082 341 2105 cum
361 2060 495 2106 somno
516 2076 554 2105 et
571 2070 763 2107 flammam
782 2070 940 2107 abiisse.>
974 2069 1074 2105 Tum
1093 2069 1259 2105 abducto

139 2134 182 2170 in
210 2140 396 2170 secretum
423 2135 505 2170 viro
533 2134 736 2184 Tanaquil,
763 2136 883 2172 Viden’
911 2140 951 2171 tu
976 2146 1124 2183 puerum
1153 2134 1257 2177 hunc,

140 2198 279 2247 inquit,
303 2210 403 2246 quem
430 2203 503 2235 tam
523 2199 651 2235 humili
669 2200 766 2236 cultu
785 2201 973 2236 educamus
989 2200 1009 2235 :9
1037 2199 1138 2234 Scire
1163 2199 1258 2241 licet,

142 2262 234 2298 hune
250 2263 366 2298 lumen
384 2265 561 2312 quondam
580 2264 679 2301 rebus
694 2267 823 2301 nostris
841 2265 955 2301 dubiis
962 2262 1147 2313 futurum,
1164 2274 1259 2311 prae-

139 2327 337 2376 sidiumque
363 2329 470 2377 regiae
495 2330 675 2381 adflictae:
708 2331 860 2378 proinde
894 2330 1078 2366 materiem
1109 2328 1261 2376 ingentis

656 2393 696 2431 D
715 2395 737 2431 5
