1573 2598
472 178 628 211 mmm
651 177 735 212 111.
766 175 875 214 cAP.
897 176 943 206 v.
1188 169 1267 217 195

146 270 236 307 hinc
259 278 373 319 atque
400 268 503 305 illinc
527 266 633 309 facti,
662 265 763 314 quia,
785 269 987 314 superante
1008 262 1266 307 multitudine,
1281 260 1323 298 U·
1340 259 1376 290 C·
1395 266 1470 298 ⁹99-

147 335 278 372 hostes
310 346 461 384 carpere
489 330 736 373 multifariam
756 329 852 372 vires
879 328 1090 373 Romanas,
1119 334 1160 372 ut
1188 340 1267 372 non
1280 305 1321 343 ξ’
1337 302 1374 337 c'
1390 307 1465 341 ὀβ’

148 399 383 437 subfecturas
414 398 461 435 ad
489 397 630 439 omnia,
662 395 828 445 adgressi
858 401 971 432 sunt:
1005 392 1116 437 simul
1145 400 1270 435 castra

149 463 484 514 obpugnabantur,
518 459 629 498 simul
660 472 746 510 pars
781 460 967 496 exercitus
1001 459 1050 495 ad
1081 457 1268 510 populan-

149 528 238 565 dum
268 540 401 576 agrum
429 526 648 562 Romanum
677 524 805 566 missa,
836 523 1044 572 urbemque
1072 523 1206 573 ipsam,
1238 522 1269 563 si

148 605 223 642 qua
241 580 396 628 fortuna
415 589 534 631 daret,
555 587 791 624 tentandam.
848 587 894 624 L.
910 586 1084 626 Valerius
1106 586 1155 629 ad
1172 598 1269 636 pfae-

147 656 283 692 sidium
311 654 414 690 urbis
444 653 596 690 relictus
612 668 623 698 5
656 651 789 694 consul
815 650 1035 689 Postumius
1065 650 1112 688 ad
1137 660 1269 687 arcen-

145 719 211 756 das
232 718 497 768 populationes
517 717 650 754 finium
669 719 817 759 missuS.
874 717 984 755 Nihil
1003 718 1202 758 remissum
1220 715 1269 759 ab

146 782 224 819 ulla
248 789 355 832 parte
375 795 472 819 curae
496 788 563 818 aut
586 781 728 823 laboris
747 796 754 817 :
787 781 926 831 vigiliae
946 782 986 818 in
1005 781 1112 825 urbe,
1133 781 1269 821 statio·-

145 859 212 885 nes
239 854 327 883 ante
355 853 499 897 portas,
527 847 777 898 praesidiaque
796 847 835 884 in
861 847 976 884 muris
998 846 1195 897 disposita,
1216 852 1268 889 et,

146 912 249 962 quod
276 924 430 948 necesse
459 918 541 948 erat
568 913 608 947 in
636 917 748 948 tanto
776 910 959 955 tumultu,
982 909 1179 961 justitium
1203 922 1271 960 per

146 975 293 1025 aliquot
329 976 407 1015 dies
443 982 644 1013 servatum.
702 974 863 1018 Interim
898 975 938 1018 in
971 975 1104 1019 eastris
1133 973 1269 1019 Fffl'isss

147 1043 295 1086 consul,
316 1056 432 1092 quum
460 1043 583 1093 primo
604 1043 752 1091 quietus
780 1041 1021 1081 obsidionem
1049 1051 1180 1090 passus
1211 1050 1270 1083 es—

147 1113 218 1150 set,
238 1107 278 1142 in
303 1108 500 1143 incautum
522 1107 674 1146 hostem
694 1106 904 1146 decumana
925 1110 1038 1156 porta
1057 1103 1195 1154 erupit,
1217 1108 1269 1147 et,

146 1183 263 1220 quum
299 1171 474 1220 persequi
510 1177 653 1220 posset,
685 1176 791 1213 metu
822 1169 996 1213 substitit
1026 1181 1076 1212 ne
1103 1180 1191 1217 qua,
1224 1179 1271 1211 ex

144 1240 252 1284 parte
281 1233 413 1277 altera,
443 1235 482 1270 in
512 1241 638 1270 eastra
659 1236 712 1272 vis
743 1234 861 1276 fieret.
917 1232 1075 1269 Furium
1102 1231 1273 1279 legatum

148 1297 282 1346 (frater
310 1297 411 1334 idem
438 1297 605 1339 consulis
636 1299 734 1345 erat)
765 1297 918 1347 longius
948 1295 1088 1340 extulit
1112 1307 1271 1332 cursus:

144 1375 215 1401 nec
240 1375 328 1398 suos
356 1361 420 1398 ille
452 1363 669 1407 redeuntes,
699 1363 952 1414 persequendi
981 1361 1122 1404 studio,
1148 1372 1272 1410 neque

143 1427 312 1464 hostium
331 1427 378 1464 ab
398 1433 508 1476 tergo
527 1428 722 1465 incursum
734 1428 830 1466 vidit
848 1443 855 1464 :
888 1428 945 1470 ita
964 1425 1152 1470 exclusus,
1172 1424 1271 1468 mul-

144 1491 194 1530 tis
228 1504 326 1541 saepe
353 1491 495 1528 frustra
524 1493 725 1532 conatibus
759 1492 895 1542 captis,
922 1498 965 1533 ut
994 1491 1095 1534 viam
1123 1489 1196 1527 sibi
1224 1489 1272 1533 ad

143 1562 268 1592 castra
292 1554 448 1600 faceret,
469 1558 607 1594 acriter
632 1558 815 1594 dimicans
843 1556 992 1599 cecidit.
1048 1555 1102 1591 Et
1121 1553 1269 1597 consul,

142 1622 285 1660 nuncio
318 1621 565 1664 circumventi
597 1622 726 1664 fratris
760 1633 963 1664 conversus
1000 1620 1048 1657 ad
1085 1616 1267 1671 pugnam,

143 1684 232 1721 dum
252 1698 292 1721 se
310 1692 451 1721 temere
477 1687 613 1735 magis,
634 1700 748 1736 quam
773 1687 864 1729 satis
894 1692 1019 1730 caute,
1040 1686 1081 1723 in
1105 1683 1269 1726 mediam

143 1748 426 1786 dimicationem
452 1751 583 1795 infert,
603 1751 758 1788 vulnere
787 1757 960 1803 accepto,
992 1762 1091 1799 aegre
1120 1748 1167 1793 ab
1193 1749 1267 1785 cir-

143 1814 419 1850 cumstantibus
453 1822 618 1865 ereptus,
650 1822 689 1852 et
716 1829 871 1853 suorum
904 1816 1052 1852 animos
1081 1813 1265 1857 turbavit,

143 1882 181 1912 et
199 1876 404 1918 ferociores
431 1878 561 1914 hostes
587 1879 704 1916 fecit:
737 1879 816 1928 qui,
839 1879 939 1920 caede
965 1878 1082 1927 legati
1109 1884 1148 1913 et
1173 1889 1266 1916 con-

139 1941 232 1978 sulis
261 1942 416 1980 vulnere
445 1945 608 1988 accensi,
638 1944 743 1981 nulla
770 1945 906 1982 deinde
925 1945 962 1982 vi
988 1944 1167 1980 sustineri
1195 1955 1266 1993 po-

141 2015 261 2051 tuere,
300 2022 416 2058 quum
456 2010 643 2061 compulsi
686 2012 726 2048 in
764 2018 888 2048 castra
923 2011 1093 2048 Romani
1136 2023 1264 2047 rursus

141 2073 417 2117 obsiderentur,
446 2087 517 2111 nec
546 2087 626 2126 spe,
656 2089 726 2112 uec
748 2076 887 2112 viribus
917 2088 1048 2127 pares:
1080 2076 1265 2112 venisset-

142 2151 214 2187 que
240 2140 278 2175 in
299 2140 509 2190 periculum
527 2154 675 2178 summa
693 2155 831 2185 rerum,
849 2143 889 2178 ni
907 2142 952 2180 T.
973 2142 1177 2182 Quinctius
1197 2154 1262 2192 pe—
1275 2153 1482 2186 Amnum>

141 2204 299 2250 regrinis
320 2206 438 2256 copiis
458 2218 544 2242 cum
558 2205 702 2243 Latino
718 2206 965 2256 Hernicoque
984 2207 1154 2244 exercitu
1172 2205 1262 2243 sub·
1275 2203 1327 2271 320¹
1336 2197 1450 2229 libera·

142 2267 317 2304 venisset.
373 2269 426 2313 Is,
447 2271 616 2313 intentos
636 2272 675 2307 in
697 2278 821 2314 castra
839 2271 1018 2308 Romana
1037 2271 1185 2321 AEquos
1206 2269 1261 2308 le-
1328 2264 1337 2273 ⁶

143 2331 297 2381 gatique
320 2341 432 2385 caput
457 2334 635 2372 ferociter
663 2341 900 2373 ostentantes
930 2335 978 2373 ab
1008 2343 1118 2386 tergo
1147 2335 1259 2373 ador-

661 2400 680 2436 Ι
700 2401 725 2436 4
