1573 2598
372 178 531 209 mann
550 176 599 210 v.
629 176 739 208 cAP.
761 177 942 208 xxxrx.
1133 165 1215 222 387

99 268 198 307 fuit:
229 275 338 319 terga
357 281 455 307 caesa
474 274 627 307 suomet
645 268 817 320 ipsorum
842 266 1048 305 certamine
1072 266 1112 304 in
1134 274 1214 305 tur·
1230 271 1272 302 U.
1284 271 1321 305 c.
1339 275 1414 304 ³65,

101 332 153 371 ba
173 334 450 385 inpedientium
473 335 617 384 fugam.
673 333 786 370 Circa
810 332 932 383 ripam
949 331 1115 376 Tiberis,
1138 346 1215 383 quo
1227 315 1269 346 A·
1284 317 1320 349 C·
1337 321 1409 353 ³⁸7'

100 398 215 436 armis
238 397 396 449 abjectis
422 404 548 436 totum
571 397 768 435 sinistrum
787 409 907 433 cornu
928 396 1089 446 defugit,
1108 409 1215 446 mag-

100 475 153 500 na
170 470 316 513 strages
333 463 436 501 facta
450 469 531 501 est:
562 461 792 512 multosque,
811 462 995 513 inperitos
1014 461 1132 499 nandi
1151 468 1218 499 aut

50 564 54 567 ,
100 528 301 573 invalidos,
321 541 453 578 graves
472 527 599 565 loricis
619 526 778 577 aliisque
798 525 1031 576 tegminibus
1057 527 1218 564 hausere

100 593 269 643 gurgites
287 607 297 631 t
327 593 493 632 maxima
510 598 640 630 tamen
660 604 747 644 pars
767 591 969 630 incolumis
988 591 1105 629 Veios
1130 604 1217 643 per-

97 657 222 707 fugit3
254 658 355 695 unde
382 670 461 695 non
493 658 609 696 modo
637 658 803 709 praesidii
827 657 1048 708 quidquam,
1073 656 1141 694 sed
1167 669 1218 693 ne

97 722 260 758 nuncius
295 722 449 772 quidem
483 722 617 766 cladis,
653 721 821 759 Romam
855 727 915 758 est
949 722 1100 758 missus.
1153 720 1217 758 Ab

97 784 233 823 dextro
258 798 391 831 cornu,
412 786 516 837 quod
542 785 676 838 procul
701 799 724 823 a
750 786 905 823 flumine
928 791 968 822 et
994 784 1116 834 magis
1145 783 1217 822 sub

97 857 231 887 monte
252 856 425 895 steterat,
444 849 613 889 Romam
635 862 767 887 omnes
793 850 950 901 petiere,
971 855 1024 893 et,
1043 861 1093 886 ue
1112 847 1216 886 clau-

97 913 148 950 sis
168 915 321 964 quidem
338 915 459 966 portis
478 914 597 959 urbis,
617 915 657 951 in
677 926 802 952 arcem
820 913 1089 963 confugerunt.

153 977 355 1016 XXXIX.
385 977 517 1015 Gallos
537 990 689 1028 quoque
707 977 811 1015 velut
829 977 1117 1028 obstupefactos
1144 975 1216 1014 mi·
1229 977 1314 1028 qalli
1329 986 1402 1028 spo-

96 1040 269 1079 taculum
286 1041 456 1079 victoriae
475 1048 555 1079 tam
572 1043 779 1093 repentinae
799 1042 947 1078 tenuit:
979 1047 1018 1078 et
1045 1040 1119 1091 ipsi
1146 1053 1214 1091 pa·
1226 1021 1384 1098 {¹333ch

98 1117 190 1143 vore
211 1105 325 1143 defixi
352 1107 521 1157 primum
537 1111 740 1150 steterunt,
759 1105 864 1142 velut
881 1105 1021 1154 ignari,
1042 1105 1134 1155 quid
1152 1118 1215 1143 ac-
1228 1115 1319 1141 eunt.

97 1170 273 1209 cidisset:
306 1172 442 1209 deinde
464 1171 619 1209 insidias
638 1172 785 1217 vereri;
816 1177 1013 1222 postremo
1033 1184 1218 1210 caesorum

96 1234 222 1287 spolia
245 1234 387 1286 legere,
404 1248 674 1287 armorumque
693 1235 879 1280 cumulos,
899 1242 944 1273 ut
966 1248 1050 1273 mos
1070 1235 1123 1273 eis
1144 1240 1218 1281 est,

98 1312 336 1340 coacervare.
389 1301 492 1339 Tum
515 1302 681 1344 demum,
706 1308 912 1351 postquam
935 1299 1034 1337 nihil
1058 1313 1219 1350 usquam

98 1365 240 1403 hostile
261 1365 501 1410 cernebatur,
524 1366 625 1403 viam
651 1366 826 1414 ingressi,
852 1365 956 1402 haud
980 1364 1103 1402 multo
1129 1371 1220 1403 ante

99 1428 190 1466 solis
224 1443 402 1468 occasum
430 1430 479 1467 ad
508 1430 638 1468 urbem
666 1429 836 1467 Romam
867 1430 1120 1480 perveniunt:
1152 1429 1220 1467 ubi

98 1505 216 1544 quum
247 1494 448 1546 praegressi
478 1495 638 1544 equites,
671 1507 750 1531 non
782 1499 913 1544 portas
947 1492 1107 1538 clausas,
1138 1507 1218 1531 non
1251 1529 1257 1533 l

98 1559 304 1596 stationem
325 1571 396 1610 pro
418 1559 539 1611 portis
558 1558 762 1603 excubare,
782 1572 862 1596 non
889 1565 1055 1596 armatos
1074 1571 1156 1596 esse
1177 1558 1219 1596 in

97 1624 230 1667 muris,
267 1623 510 1670 retulissent3
547 1623 650 1661 aliud
685 1624 805 1675 priori
838 1623 960 1660 simile
993 1622 1220 1660 miraculum

98 1698 164 1723 eos
183 1688 363 1725 sustinuit
378 1704 390 1734 ;
421 1694 651 1738 noctemque
669 1689 781 1725 veriti
799 1695 839 1725 et
860 1690 1003 1737 ignotae
1022 1688 1137 1724 situm
1155 1699 1220 1724 ur-

97 1749 172 1795 bis,
191 1751 293 1788 inter
309 1750 478 1788 Romam
503 1758 619 1801 atque
637 1752 827 1789 Anienem
846 1752 1064 1794 consedere,
1085 1750 1217 1801 explo-

96 1814 289 1852 ratoribus
318 1815 442 1853 missis
468 1815 570 1852 circa
592 1816 737 1853 moenia
757 1815 926 1865 aliasque
947 1821 1093 1865 portem,
1115 1827 1217 1864 quae-

96 1890 187 1917 nam
217 1878 393 1917 hostibus
423 1880 465 1916 in
495 1879 645 1930 perdita
675 1891 717 1917 re
747 1879 909 1917 consilia
939 1885 1078 1916 essent.
1133 1877 1217 1916 Ro-

97 1944 215 1988 mani,
234 1957 353 1995 quum
381 1956 468 1995 pars
490 1943 614 1995 major
639 1956 687 1982 ex
711 1944 792 1982 acie
811 1943 927 1981 Veios
956 1943 1128 1995 petisset,
1149 1954 1216 1979 ne-

98 2019 162 2044 mo
191 2021 386 2062 superesse
414 2021 643 2060 quemquam
671 2016 809 2060 praeter
837 2021 918 2052 eos,
952 2008 1018 2058 qui
1049 2007 1216 2044 Romam

98 2070 332 2122 refugerant,
352 2073 535 2118 crederet,
556 2073 782 2125 complorati
808 2085 954 2116 omneS,
980 2072 1124 2123 pariter
1141 2071 1216 2108 vivi
1229 2076 1392 2107 Romano-

101 2139 330 2189 mortuique,
363 2145 486 2178 totam
518 2152 638 2191 prope
671 2138 805 2175 urbem
836 2136 1011 2176 lamentis
1048 2135 1217 2185 inpleve-
1228 2129 1302 2151 mm
1317 2129 1423 2161 pavo*

99 2205 203 2238 runt.
249 2202 437 2240 Privatos
475 2203 612 2240 deinde
647 2201 771 2240 luctus
808 2200 1012 2252 stupefecit
1042 2198 1216 2249 publicus

100 2275 233 2315 Pavor,
253 2272 455 2317 postquam
472 2268 602 2305 hostes
621 2267 754 2304 adesse
771 2266 996 2303 nunciatum
1015 2269 1095 2300 est:
1126 2275 1219 2300 mox

76 2348 78 2350 ·
103 2328 268 2369 ululatus
297 2337 506 2384 cantusque
527 2332 717 2376 dissonos,
737 2329 965 2382 vagantibus
995 2329 1096 2366 circa
1121 2341 1217 2365 moe-

624 2396 651 2432 S
669 2397 694 2433 2
