1573 2598
868 94 876 110 l

369 191 525 221 LIBER
548 189 643 220 vn.
677 189 784 218 CAP.
808 189 917 217 x1v.
1119 174 1208 228 489

83 294 163 318 rum
178 298 191 319 .·
218 283 275 319 illi
294 294 431 332 quoque
456 286 574 318 tamen
598 280 788 317 videndum
813 288 1028 326 *ryzagnopere
1052 287 1135 319 esse,
1162 282 1204 312 ut
1215 274 1306 350 gg
1323 278 1400 349 {³97-

82 349 274 384 exercz'tum
293 349 328 383 in
347 352 522 396 potestate
540 346 694 382 haberet.
749 345 907 394 Differri
926 354 992 379 non
1002 354 1104 391 posse
1117 342 1206 377 adeo
1250 342 1256 350 ”
1300 340 1307 350 ’
1347 324 1397 349 ⁵⁵‘

84 413 278 448 concitatos
295 413 435 449 animos
447 429 459 449 .·
479 414 571 460 ipsos
587 411 653 448 sibi
668 410 783 446 locum
801 421 845 445 ac
865 413 1002 466 tempus
1017 407 1207 455 pugnandi

83 481 274 520 sumturos,
294 479 325 514 si
344 477 388 514 ab
413 479 630 526 imperatore
647 487 718 512 non
738 476 853 511 detur.
909 473 1015 509 Dum
1040 472 1121 508 haec
1147 470 1205 507 lo-

84 547 266 590 quuntur,
281 540 458 591 jumenta
477 540 577 577 forte
602 539 799 591 pascentia
819 543 926 574 extra
951 535 1091 573 vallum
1111 535 1204 572 Gal-

85 603 123 641 lo
144 603 314 654 abigenti
334 605 410 642 duo
429 604 569 641 milites
590 603 759 641 Romani
779 602 1013 639 ademerunt.
1070 599 1118 636 In
1139 611 1203 636 eos

86 681 178 706 saxa
197 669 371 720 conjecta
391 684 412 706 a
433 669 576 706 Gallis:
611 667 747 706 deinde
766 667 813 704 ab
833 666 1013 703 Romana
1038 665 1205 701 statione

85 732 230 770 clamor
248 741 368 778 ortus,
391 747 435 771 ac
456 746 680 784 procursum
700 733 890 781 utrimque
917 736 985 767 est.
1042 729 1207 778 Jamque

85 798 187 835 haud
213 799 345 849 procul
364 798 474 849 justo
500 798 637 849 proelio
663 810 721 834 res
750 803 871 838 erant,
892 796 933 832 ni
960 794 1132 831 celeriter
1150 793 1205 829 di-

86 869 250 899 remtum
270 871 460 900 certamen
477 876 544 914 per
565 863 805 899 centuriones
827 866 936 897 esset.
993 859 1206 899 Adfirmata

85 935 187 964 certe
214 941 259 964 eo
280 941 368 965 casu
393 928 512 965 Tullii
538 928 636 978 apud
661 928 887 964 dictatorem
907 924 997 962 fides
1025 932 1100 962 est:
1134 938 1205 962 nec

88 992 295 1042 recipiente
307 991 391 1043 jam
411 992 633 1029 dilationem
653 1005 706 1035 re,
727 993 767 1028 in
792 997 986 1042 posterum
1007 990 1106 1027 diem
1127 990 1206 1027 edi-

85 1058 197 1101 citur,
236 1059 315 1094 acie
352 1064 604 1108 pugnaturos.
662 1057 842 1093 Dictator
881 1063 1024 1099 tamen,
1063 1062 1105 1092 ut
1141 1055 1207 1106 qui

83 1123 204 1171 magis
243 1123 392 1166 animis,
427 1136 540 1172 quam
578 1122 734 1164 viribus,
772 1122 890 1158 fretus
930 1120 977 1157 ad
1013 1127 1204 1158 certamen

85 1186 344 1230 descenderet,
365 1188 494 1224 onmia
515 1188 801 1237 circumspicere
828 1193 941 1234 atque
961 1185 1106 1234 agitare
1125 1199 1206 1223 coe-

87 1252 158 1300 pit,
178 1258 222 1286 ut
237 1257 316 1287 arte
337 1251 463 1300 aliqua
481 1258 664 1287 terrorem
681 1250 855 1287 hostibus
878 1251 1075 1287 incuteret.
1133 1250 1210 1286 So·

87 1315 172 1352 lerti
193 1316 320 1352 animo
339 1328 418 1352 rem
445 1329 583 1352 novam
611 1315 818 1364 excogitat,
841 1327 914 1363 qua
934 1314 1069 1350 deinde
1095 1313 1209 1351 multi

86 1380 209 1417 nostri
245 1387 358 1430 atque
394 1381 542 1416 externi
586 1380 846 1430 imperatores,
884 1385 1018 1415 nostra
1053 1391 1211 1429 quoque·

88 1444 241 1493 quidam
258 1450 383 1487 aetate,
405 1446 462 1480 usi
482 1449 581 1480 sunt.
628 1443 746 1479 Malis
768 1449 887 1479 strata
905 1442 1053 1478 detrahi
1064 1442 1202 1492 jubet:

84 1509 260 1557 binisque
272 1514 420 1545 tantum
436 1508 670 1545 centunculis
685 1508 839 1550 relictis,
854 1519 1052 1556 agasoneS,
1067 1508 1210 1557 partim·
1230 1548 1237 1553 l

88 1574 261 1623 captivis,
279 1574 416 1622 partim
434 1585 620 1622 aegrorum
637 1573 749 1608 armis
766 1578 937 1616 ornatos,
951 1573 1114 1622 inponit.
1131 1572 1212 1609 His.

86 1638 165 1675 fere
185 1637 287 1674 mille
308 1638 449 1674 effectis
470 1643 623 1674 centum
639 1637 821 1674 admiscet
837 1638 1001 1686 equites:
1035 1644 1073 1674 et
1092 1646 1207 1676 nocte

88 1714 199 1751 super
218 1707 342 1737 castra
362 1702 401 1737 in
416 1708 568 1737 montes
586 1701 756 1747 evadere,
771 1714 814 1737 ac
834 1701 935 1737 silvis
956 1714 995 1738 se
1015 1701 1207 1740 occultare

82 1765 195 1817 jubet
211 1779 218 1800 :
238 1777 360 1814 neque
375 1765 462 1801 inde
475 1771 563 1801 ante
576 1767 734 1810 moveri,
751 1779 863 1815 quam
879 1766 926 1802 ab
940 1779 979 1803 se
991 1767 1207 1817 acciperent

88 1831 251 1878 signum.
309 1828 411 1879 Ipse,
445 1830 510 1866 ubi
540 1830 690 1873 inluxit,
725 1831 764 1866 in
794 1831 982 1868 radicibus
1016 1834 1211 1873 montium

89 1893 292 1930 extendere
320 1893 440 1930 aciem
467 1895 584 1943 coepit
614 1893 759 1938 sedulo,
787 1901 828 1931 ut
853 1895 1029 1933 adversus
1053 1905 1210 1935 montes.

88 1957 313 1994 consisteret
327 1957 461 1994 hostis.
519 1957 714 1994 Instructo
730 1959 817 1994 vani
836 1960 992 1996 terroris
1005 1961 1210 2011 adparatu,

86 2022 151 2071 qui
170 2021 321 2070 quidem
350 2028 473 2058 terror
501 2022 586 2072 plus
616 2035 712 2072 pene
743 2024 838 2060 veris
870 2024 1011 2061 viribus
1045 2027 1211 2076 profuit,

86 2085 210 2135 primo
237 2085 386 2122 credere
414 2085 525 2123 duces
547 2085 760 2131 Gallorum,
786 2100 866 2124 non
893 2087 1138 2127 descensuros
1163 2093 1205 2128 in

88 2165 235 2204 aequum
271 2152 469 2190 Romanos
484 2170 494 2199 3
536 2153 684 2198 deinde,
718 2154 784 2191 ubi
817 2155 1012 2204 degressos
1048 2165 1211 2209 repente·

87 2215 276 2259 viderunt,
298 2223 335 2253 et
354 2218 426 2268 ipsi
446 2217 546 2254 avidi
565 2218 782 2255 certaminis
802 2219 841 2256 in
866 2219 1043 2268 proelium
1062 2228 1202 2260 ruunt:

87 2279 266 2329 priusque
302 2293 432 2331 pugna
464 2282 595 2334 coepit,
631 2295 744 2333 quam
781 2283 936 2332 signum·
968 2284 1016 2321 ab
1047 2284 1211 2325 ducibus-

87 2344 251 2381 daretur.

615 2409 652 2447 Y
671 2411 693 2448 5
