1573 2598
101 227 146 258 U.
163 226 199 258 C.
215 233 289 258 245.

100 271 140 302 A.
153 270 190 302 C.
208 275 281 307 507,

110 1121 254 1154 Valerius

109 1166 255 1196 adfectati

110 1210 198 1248 regni
217 1208 291 1238 insi-

112 1251 265 1282 mulatur.

113 1375 282 1406 Submittit

114 1420 212 1449 {as‘ces
229 1428 285 1458 po-

112 1460 202 1502 pulo.

117 1822 159 1855 se
174 1827 297 1864 purgat.

314 122 371 177 96
486 114 490 121 ’
766 132 812 161 Τ.
835 132 968 162 mvn

315 220 443 259 racula
468 219 557 258 huic
585 232 722 271 pugnae
740 234 748 256 z
779 219 932 256 silentio
950 218 1133 270 proximae
1151 221 1274 258 noctis
1293 233 1341 260 ex
1358 221 1422 258 sil·

316 300 364 324 va
390 286 502 323 Arsia
533 285 728 334 ingentem
758 284 899 321 editam
926 296 1086 329 vocem3
1118 284 1261 322 Silvani
1291 297 1425 323 vocem

315 364 399 389 eam
418 350 598 387 creditam
613 365 623 394 3
654 348 736 385 haec
755 348 868 392 dicta,
895 349 972 386 Uno
989 349 1071 396 plus
1089 349 1321 386 Etruscorum
1337 351 1428 386 ceci-

315 417 406 453 disse
423 415 459 450 in
477 414 552 450 acie
565 429 578 457 ‚·
605 413 741 448 vincere
758 411 847 448 bello
866 411 1080 449 Romanum.
1137 412 1199 449 Ita
1215 418 1318 450 certe
1339 413 1427 450 inde

315 478 444 516 abiere
478 476 660 520 Romani,
698 482 741 512 ut
775 476 969 522 victores;
1009 475 1163 513 Etrusci
1199 489 1269 528 pro
1304 476 1429 516 victis.

316 542 434 586 Nam,
463 547 663 592 postquam
692 539 842 584 inluxit,
871 553 942 577 nec
967 540 1164 590 quisquam
1191 541 1361 578 hostium
1387 541 1428 578 in

317 611 526 656 conspectu
548 611 642 648 erat,
662 604 706 641 P.
725 603 897 641 Valerius
917 603 1050 641 consul
1076 603 1199 655 spolia
1225 604 1333 654 legit,
1359 604 1429 640 tri·

318 670 580 721 umphansque
608 669 694 705 inde
721 668 889 706 Romam
924 669 1048 707 rediit.
1104 669 1271 718 Collegae
1299 668 1429 713 funus,

318 740 463 784 quanto
488 739 570 769 tum
598 733 724 784 potuit
742 733 938 783 adparatu,
957 732 1075 769 fecit:
1106 732 1172 769 sed
1200 731 1321 769 multo
1349 745 1440 777 ma·-

313 796 379 849 jus
405 798 519 834 morti
542 797 654 834 decus
680 796 833 847 publica
859 797 933 834 fuit
955 797 1153 841 moestitia,
1173 809 1219 834 eo
1241 803 1329 833 ante
1348 809 1432 834 om-

320 862 386 899 nia
413 861 586 911 insigniS,
619 861 709 911 quia
738 869 921 898 matronae
958 874 1113 905 annum,
1147 868 1191 898 ut
1221 867 1432 912 parentem,

320 938 407 962 eum
433 925 623 969 luxerunt,
644 925 746 974 quod
772 932 851 962 tam
877 939 963 962 acer
990 926 1091 963 ultor
1109 925 1259 962 violatae
1288 925 1434 975 pudici-

322 991 385 1026 tiae
421 990 567 1026 fuisset.
624 989 782 1026 Consuli
819 990 968 1034 deinde,
1006 991 1071 1039 qui
1107 989 1356 1040 superfuerat,
1393 995 1438 1025 ut

323 1059 412 1089 sunt
439 1052 639 1089 mutabiles
666 1052 769 1101 vulgi
799 1054 929 1096 animi,
956 1066 1004 1090 ex
1032 1053 1161 1090 favore
1189 1065 1267 1089 non
1295 1051 1438 1088 invidia

323 1117 452 1160 modo,
473 1116 538 1153 sed
566 1116 730 1166 suspicio
757 1117 871 1153 etiam
897 1130 982 1154 cum
1007 1119 1126 1155 atroci
1149 1117 1318 1159 crimine,
1339 1122 1436 1153 orta.

323 1179 504 1229 Regnum
541 1171 627 1216 εἴη]
664 1180 867 1224 adfectare,
896 1181 1000 1218 fama
1034 1181 1204 1218 ferebat:
1244 1180 1332 1229 quia
1366 1191 1436 1215 nec

327 1245 510 1293 collegam
530 1243 800 1293 subrogaverat
820 1245 859 1281 in
878 1245 1005 1282 locum
1023 1245 1147 1288 Bruti,
1169 1251 1208 1281 et
1226 1243 1437 1280 aedificabat

327 1309 366 1345 in
396 1321 541 1344 summa
558 1307 668 1344 Velia
685 1322 692 1343 :
725 1307 778 1344 ibi
803 1308 882 1344 alto
908 1315 1020 1358 atque
1039 1309 1187 1344 munito
1207 1307 1292 1343 loco
1312 1318 1437 1343 arcem

328 1371 659 1423 inexpugnabilem
687 1372 781 1409 fore.
836 1372 933 1409 Haec
961 1373 1062 1410 dicta
1080 1372 1194 1421 vulgo
1224 1371 1440 1420 creditaque

330 1451 444 1487 quum
464 1437 690 1486 indignitate
713 1444 896 1486 angerent
915 1438 1078 1475 consulis
1099 1439 1280 1480 animum,
1301 1442 1438 1473 vocato

330 1502 378 1538 ad
407 1501 609 1538 concilium
637 1501 794 1551 populo,
815 1502 1007 1538 submissis
1033 1502 1198 1539 fascibus
1225 1502 1264 1538 in
1283 1500 1438 1537 concio-

329 1578 416 1602 nem
436 1565 615 1602 escendit.
670 1565 832 1602 Gratum
855 1566 893 1602 id
914 1566 1163 1609 multitudini,
1184 1563 1440 1616 spectaculum

328 1630 428 1675 fuit3
459 1629 646 1666 submissa
681 1629 753 1666 sibi
781 1642 862 1666 esse
890 1630 1039 1680 imperii
1068 1631 1257 1679 insignia:
1291 1627 1439 1665 coufes-

328 1693 552 1742 sionemque
573 1693 728 1736 factam,
757 1692 903 1744 populi,
929 1706 1042 1742 quam
1064 1693 1243 1736 consuli&
1263 1690 1441 1742 majesta·

329 1762 409 1794 tem
427 1757 576 1806 vimque
601 1755 784 1807 majorem
809 1769 903 1794 esse.
960 1756 1038 1794 Ubi
1067 1756 1195 1793 audire
1216 1755 1330 1806 jussi,
1350 1766 1443 1790 con-

331 1820 390 1858 sul
414 1821 563 1858 laudare
575 1820 769 1870 fortunam
788 1822 942 1869 collegae,
962 1821 1069 1870 quod,
1090 1820 1239 1858 liberata
1252 1819 1389 1869 patria,
1408 1819 1446 1854 in

327 1898 465 1923 summo
486 1885 627 1930 honore,
649 1899 718 1935 pro
740 1887 920 1936 republica
943 1888 1126 1930 dimicans,
1147 1891 1291 1923 matura
1311 1885 1445 1933 gloria,

329 1963 393 1988 nec
421 1951 506 1988 dum
531 1963 568 1987 se
593 1956 747 1988 vertente
772 1953 811 1988 z'n
835 1952 1018 1996 invidiam,
1037 1957 1186 1989 mortem
1207 1952 1419 1990 occubuisset
1433 1968 1448 1990 .-

328 2026 367 2052 se
395 2016 616 2063 superstitem
647 2014 773 2062 gloriae
800 2027 872 2051 suoe
898 2016 948 2052 ad
978 2017 1108 2052 crimen
1139 2021 1246 2065 atque
1275 2017 1448 2055 invidiam

329 2088 528 2125 superesse:
556 2088 598 2112 er
624 2077 811 2113 liberatore
831 2079 962 2125 patriae
989 2078 1038 2113 ad
1064 2077 1243 2126 Aquillios
1267 2089 1304 2114 se
1334 2078 1447 2116 Vitel-

332 2139 464 2187 liosque
481 2140 652 2176 recidisse.
709 2140 959 2188 Numquamne
975 2152 1071 2189 ergo,
1094 2140 1232 2188 inquit,
1257 2140 1336 2178 ulla
1358 2141 1448 2178 adeo

331 2216 356 2240 c
381 2205 475 2240 vonis
498 2208 660 2253 spectata
684 2206 797 2242 virtus
823 2206 903 2248 erit,
930 2211 972 2242 ut
1001 2208 1196 2255 suspicione
1225 2207 1354 2244 violari
1382 2220 1445 2246 ne-

333 2272 438 2319 queat
454 2267 477 2303 ,9
504 2267 583 2317 Ego
611 2279 678 2313 me,
707 2268 810 2306 illum
837 2271 1047 2307 acerrimum
1072 2281 1194 2318 regum
1218 2269 1363 2316 hostem,
1389 2272 1446 2322 ip-
