1573 2598
459 190 617 223 LIBER
644 194 679 222 1.
711 193 820 222 cn’.
845 193 1002 222 xxlu.
1230 190 1286 237 35

215 280 377 319 XXIII.
406 279 502 318 Haec
529 280 714 317 nunciant
742 280 896 316 domum
916 278 1069 316 Albani.
1125 278 1177 316 Et
1203 279 1283 317 bel-

159 344 239 382 lum
268 346 455 395 utrimque
477 357 630 382 -summa
659 356 731 395 ope
759 343 979 394 parabatur,
1007 342 1108 380 civili
1138 344 1282 381 similli-

157 422 263 447 mum
287 409 402 453 bello,
422 422 542 460 prope
568 410 871 460 interparentes
900 415 1112 459 natosque3
1144 408 1281 460 Troja-

138 487 246 512 ⁷nam
276 481 474 524 utramque
502 473 662 524 prolem,
693 485 808 523 quum
828 472 1041 510 Lavinium
1070 472 1117 510 ab
1146 472 1280 524 Troja,

157 539 205 577 ab
232 539 397 576 Lavinio
418 538 532 582 Alba,
560 537 607 575 ab
634 537 874 574 Albanorum
903 533 1020 588 stirpe
1045 550 1179 587 regum
1204 539 1286 574 ori--⁴

141 603 246 640 >undi
275 602 445 639 Romani
474 607 611 639 essent.
668 602 838 638 Eventus
872 607 1001 638 tamen
1034 601 1124 638 belli
1157 602 1281 639 minus

154 666 408 704 miserabilem
430 667 715 703 dimicationem
734 665 848 702 fecit:
881 665 983 715 quod
1009 678 1080 702 nec
1100 667 1180 703 acie
1200 678 1288 703 cer--

154 738 277 769 tatum
310 737 367 768 est
384 748 392 777 3
426 737 477 774 et,
511 731 622 767 tectis
656 730 771 767 modo
804 730 938 766 dirutis
973 730 1127 767 alterius
1160 730 1284 775 urbis,v

155 796 231 833 duo
255 795 387 846 populi
414 796 454 832 in
480 808 598 832 unum
625 794 776 831 confusi
805 800 907 831 sunt.
963 794 1106 831 Albani
1135 795 1279 844 priores

154 861 301 910 ingenti
327 860 496 897 exercitu
527 860 567 895 in
600 871 733 908 agrum
764 858 986 896 Romanum
1018 860 1192 909 inpetum
1223 859 1280 896 fe-

153 937 238 961 cere
255 939 263 960 :
296 930 421 960 castra
438 923 486 960 ab
506 923 600 960 urbe
615 923 730 959 haud
759 922 841 973 plus
868 923 1035 972 quinque
1054 922 1174 959 millia
1192 935 1279 973 pas-

153 1001 262 1025 suum
298 989 441 1032 locant‚
478 988 583 1024 fossa
619 987 883 1024 circumdant:
916 985 1019 1024 fossa
1053 986 1194 1024 Cluilia
1230 986 1277 1024 ab

152 1054 307 1089 nomine
336 1053 439 1089 ducis
469 1065 536 1103 per
564 1052 712 1101 aliquot
740 1052 867 1088 secula
895 1052 1089 1103 adpellata
1111 1058 1182 1096 est,
1209 1052 1279 1088 do-

153 1129 222 1153 nec
248 1130 333 1153 cum
366 1129 405 1153 re
437 1129 578 1152 nomen
606 1128 758 1165 quoque
777 1121 967 1151 vetustate
994 1116 1174 1153 abolevit.
1230 1114 1278 1152 In

151 1180 210 1216 his
240 1181 371 1216 castris
403 1179 561 1215 Cluilius
590 1179 762 1216 Albanus
792 1185 858 1215 rex
887 1179 1075 1224 moritum
1112 1179 1277 1215 dictato—

150 1257 229 1280 rem
248 1243 389 1280 Albani
407 1243 576 1280 Mettum
594 1242 799 1279 Fuffet'ium
819 1249 962 1278 creant.
1000 1242 1162 1279 Interim
1181 1242 1275 1279 Tul-

149 1308 206 1345 lus
234 1308 357 1351 ferox,
386 1308 576 1358 praecipue
604 1313 728 1344 morte
756 1307 870 1356 regiS,
890 1313 1148 1357 magnumque
1165 1306 1272 1344 Deo-

149 1386 232 1410 rum
261 1385 416 1416 numen,
438 1373 485 1410 ab
512 1373 594 1421 ipso
622 1372 746 1421 capite
772 1381 914 1415 orsum,
936 1372 976 1408 in
995 1385 1109 1408 omne
1130 1383 1272 1408 nomen

148 1437 340 1474 Albanum
361 1438 616 1488 expetiturum
634 1449 767 1486 poenas
787 1436 836 1473 ob
857 1435 999 1473 bellum
1019 1437 1164 1487 inpium
1192 1437 1272 1473 dic-

147 1503 278 1545 titans,
299 1508 426 1544 nocte,
453 1501 653 1551 praeteritis
680 1501 849 1537 hostium
876 1501 1023 1544 castris,
1044 1501 1185 1537 infesto
1205 1513 1275 1537 ex-

147 1567 266 1602 ercitu
286 1566 324 1602 in
344 1578 481 1614 agrum·
491 1564 685 1601 Albanum
704 1565 840 1615 pergit.
887 1564 957 1601 Ea
975 1577 1032 1601 res
1055 1565 1101 1601 ab
1122 1565 1269 1602 stativis

134 1631 286 1667 -excivit
317 1631 508 1667 Mettum:
541 1630 658 1674 ducit,
690 1643 804 1679 quam
837 1631 1010 1680 proxime
1043 1630 1096 1666 a'd-
1118 1630 1270 1667 hostem

146 1701 296 1746 potest3
328 1695 415 1731 inde
434 1695 602 1743 legatum
621 1695 864 1744 praemissum·
874 1696 1056 1732 nunciare
1074 1693 1269 1745 Tullo-jur

147 1759 224 1802 bet,
254 1760 472 1809 priusquam
500 1759 694 1802 dimicent,
727 1772 823 1809 opus
858 1772 939 1795 esse
972 1759 1203 1808 conloquio:
1232 1754 1268 1794 *si

146 1837 273 1860 secum
302 1836 526 1873 congressus
556 1823 618 1866 sit,
643 1824 733 1859 sat-is
764 1824 872 1867 scire,
895 1836 937 1860 ea
968 1836 1006 1860 se
1036 1823 1264 1866 adlaturum,

144 1901 227 1938 quae
247 1888 367 1925 nihilo
387 1890 510 1925 minus
531 1888 578 1924 ad
597 1887 926 1930 rem-Romanam,
947 1901 1060 1937 quam
1080 1887 1265 1924 ad·Alba-

143 1966 246 1996 nam,
267 1954 494 2004 pertineant.
541 1951 658 1989 Haud
676 1952 924 2002 adspernatus
944 1952 1100 1996 Tullus,¹
1113 1953 1265 1988 tametsi

142 2030 240 2054 vana
259 2017 538 2060 adferebantur,
560 2017 604 2052 in·
622 2016 750 2054 aciem*
762 2015 899 2052 educit.
956 2014 1112 2059 Exeunt
1131 2022 1266 2052 contra

143 2086 181 2117 et
194 2105 196 2107 -
209 2080 360 2118 Albani.
417 2081 626 2130 Postquam
662 2080 837 2116 instructi
875 2081 1065 2130 utrimque
1094 2079 1261 2122 stabant,

143 2158 235 2181 cum
256 2146 385 2195 paucis
417 2145 677 2196 procerum-in
702 2144 868 2181 medium
897 2145 1009 2181 duces
1039 2144 1262 2194 procedunt.

142 2209 201 2246 lbi
230 2210 313 2246 infit
338 2210 509 2247 Albanus
527 2225 535 2246 t
569 2209 725 2257 Injurias
742 2215 777 2245 et
793 2222 863 2246 non
881 2211 1041 2246 redditas
1057 2221 1111 2245 res
1129 2218 1170 2243 ‘ear
1187 2207 1262 2257 soe-

141 2276 234 2318 clere}
255 2287 332 2323 quse
348 2278 506 2324 repetitae
522 2277 606 2319 sint,
625 2279 660 2311 et
678 2287 741 2322 ego
760 2286 878 2322 regem
898 2279 1056 2310 nostram
1077 2273 1267 2315 Cluilium,

139 2352 300 2376 caussam
326 2339 466 2387 hujusce
492 2353 573 2377 esse·
589 2340 683 2382 belli,
704 2334 842 2376 audisse
868 2341 1012 2376 videor.-
1042 2350 1105 2375 nec
1133 2343 1166 2374 te
1194 2338 1261 2373 ctu⁴¹²

1298 282 1339 314 U.
1356 283 1392 313 C.
1412 290 1463 316 8⁵.

1296 327 1336 356 A.
1353 326 1390 357 C.
1408 332 1483 363 667.

1297 369 1426 400 Bellum

1295 421 1374 444 cum
1389 413 1487 444 Alba,-

1295 456 1356 488 nis.
