1573 2598
383 179 543 207 LIBER
569 179 640 207 lv.
673 179 783 207 CAP.
807 178 938 207 LVII·
1131 179 1216 222 329

99 266 180 304 haec
211 279 326 316 quum
362 266 686 302 inflammarentur
722 266 853 309 animi,
887 271 931 301 ut
967 265 1015 302 ad
1047 278 1217 315 quosque
1230 280 1419 315 U.C.347.

100 339 256 368 ventum
277 337 371 375 erat,
392 343 568 367 numerus
582 329 781 380 juniorum
801 329 1123 367 conscribebatur‚
1156 330 1217 366 Ita
1229 324 1268 353 Α·
1287 324 1323 354 C·
1340 331 1416 355 40⁵-

101 397 272 432 omnium
300 394 529 446 populorum
551 394 732 444 juventus
751 394 912 430 Antium
933 401 1144 437 contracta,
1164 393 1218 430 ibi

99 461 230 496 castris
250 461 384 510 positis
403 459 552 495 hostem
574 458 880 508 opperiebantur.
937 459 1034 498 Quae
1062 458 1127 494 ubi
1155 465 1217 494 tu-

97 523 220 560 multu
238 523 382 574 majore
402 525 529 567 etiam,
551 536 662 572 quam
684 535 741 558 res
763 530 856 566 erat,
878 523 1108 558 nunciantur
1134 521 1217 558 Ro-

97 598 212 631 mam,
234 594 387 623 senatus
408 586 599 636 extemplo
623 586 742 635 (quod
762 588 802 622 in
821 586 932 622 rebus
951 586 1107 636 trepidis
1128 586 1218 622 ulti·

96 663 198 687 mum
228 651 428 687 consilium
458 653 556 697 erat)
582 651 808 687 dictatorem
837 651 911 686 dici
933 650 1072 701 jussit:
1105 663 1218 700 quam

94 726 174 751 rem
194 727 292 764 aegre
311 727 442 765 passos
462 716 486 751 J
490 715 608 751 ulium
628 715 925 763 Corneliumque
953 714 1082 750 ferunt
1094 731 1105 759 3
1137 727 1217 751 ma-

93 781 474 829 gnoquecertamine
493 781 708 816 animorum
727 791 807 815 rem
827 785 953 820 actam
969 793 977 815 :
1006 791 1122 828 quum
1141 779 1218 828 pri-

93 854 217 880 mores
247 844 419 888 Patrum,
441 845 697 894 nequidquam
727 843 940 892 conquesti,
960 855 1039 879 non
1069 855 1151 879 esse
1177 844 1217 879 in

95 910 324 946 auctoritate
343 915 496 946 senatus
509 909 684 945 tribunos
698 908 876 951 militum,
891 914 1086 957 postremo
1101 908 1216 944 etiam

93 972 268 1009 tribunos
289 973 413 1023 plebei
433 973 681 1023 adpellarent,
703 979 741 1009 et
760 972 978 1009 consulibus
999 986 1149 1022 quoque
1169 973 1216 1009 ab

94 1049 139 1072 ea
163 1044 354 1086 potestate
374 1038 449 1073 vim
480 1050 592 1087 super
609 1037 678 1073 tali
703 1049 745 1072 re
771 1036 974 1072 inhibitam
1003 1036 1215 1073 referrent:

92 1101 237 1137 tribuni
252 1101 390 1151 plebei,
407 1101 484 1138 laeti
505 1102 691 1138 discordia
710 1102 882 1145 Patrum,
895 1100 992 1137 nihil
1008 1113 1089 1137 esse
1103 1102 1143 1137 in
1157 1101 1216 1137 his

93 1165 225 1201 auxilii
244 1166 427 1210 dicerent,
449 1167 512 1215 qui
531 1179 610 1203 non
630 1168 782 1211 civium,
802 1180 881 1203 non
901 1166 1063 1215 denique
1091 1166 1216 1202 homi-

90 1241 182 1266 num
201 1242 361 1267 numero
381 1237 507 1267 essent
524 1247 534 1276 ;
569 1232 599 1267 si
620 1232 771 1280 quando
800 1232 1006 1281 promiscui
1035 1231 1219 1274 honores,

90 1296 371 1332 communicata
404 1295 618 1346 respublica
650 1303 763 1338 esset,
794 1302 876 1331 tum
911 1307 950 1331 se
980 1295 1216 1331 animadver-

91 1371 214 1403 suros,
243 1372 292 1396 ne
321 1373 408 1410 qua,
430 1360 607 1410 superbia
634 1362 940 1410 magistratuum,
969 1361 1078 1396 irrita
1106 1372 1214 1397 sena-

90 1424 330 1461 tusconsulta
367 1431 517 1470 essent;
558 1426 711 1461 interim
744 1425 909 1475 patricii,
943 1424 1058 1461 soluti
1087 1424 1215 1474 legum

91 1489 459 1538 magistratuumque
473 1490 715 1533 verecundia,
736 1502 803 1540 per
822 1501 862 1524 se
881 1502 1033 1538 quoque
1051 1489 1215 1526 tribuni-

89 1554 187 1590 ciam
205 1559 437 1603 potestatem
457 1560 626 1602 agerent.

140 1617 213 1654 LV
216 1618 269 1655 I-I.
303 1618 400 1655 Haec
430 1619 628 1655 contentio
661 1618 818 1654 minime
853 1618 994 1654 idoneo
1026 1623 1214 1667 tempore,

89 1692 204 1731 quum
232 1688 382 1719 tantum
415 1682 507 1719 bem
539 1683 578 1718 in
612 1681 787 1718 manibus
818 1689 930 1725 esset,
962 1688 1215 1731 occupaverat

87 1746 342 1794 cogitationes
362 1746 584 1782 hominum:
618 1746 753 1788 donec,
774 1746 839 1782 ubi
868 1746 932 1781 diu
961 1745 1114 1781 alternis
1144 1744 1214 1781 Ju-

87 1809 160 1845 iius
182 1808 475 1858 Corneliusque,
497 1822 604 1858 quum
622 1811 672 1845 ad
690 1810 728 1845 id
746 1810 873 1845 bellum
891 1811 959 1857 ipsi
982 1811 1070 1845 satis
1099 1809 1216 1845 idonei

85 1875 188 1909 duces
207 1877 333 1916 essent,
352 1884 420 1909 non
440 1885 509 1909 esse
530 1885 680 1922 aequum,
701 1875 911 1909 mandatum
938 1874 1004 1909 sibi
1031 1885 1055 1908 α
1077 1874 1215 1921 populo

85 1939 175 1985 eripi
204 1936 381 1979 honorem,
412 1936 642 1981 disseruere5
673 1942 756 1972 tum
781 1936 906 1973 Ahala
935 1935 1116 1972 Servilius
1145 1937 1213 1972 tri-

83 2001 208 2037 bunus
234 1999 413 2043 militum,
440 2002 604 2036 Tacuisse
630 2013 667 2037 se
695 2002 848 2044 tamdiu,
869 2001 936 2044 ait,
958 2013 1028 2036 non
1047 2002 1131 2048 quia
1158 2002 1214 2037 in-

86 2070 201 2101 certus
217 2064 527 2113 sententiaefuerit
538 2082 550 2109 ,-
578 2066 697 2113 (quem
716 2067 809 2101 enim
829 2066 954 2102 bonum
974 2067 1083 2101 civem
1100 2076 1213 2100 secer-

85 2140 167 2165 nere
183 2141 249 2165 sua
266 2141 289 2164 α
303 2129 456 2176 publicis
474 2130 622 2165 consilia
632 2130 671 2175 ,9)
702 2130 763 2165 sed
791 2131 875 2178 quia
904 2130 1085 2170 maluerit,
1107 2129 1212 2163 colle-

84 2204 150 2239 gas
174 2203 243 2241 sua·
256 2197 380 2239 sponte
408 2194 527 2228 cedere
554 2194 765 2229 auctoritati
791 2198 945 2235 senatus,
966 2204 1072 2240 quam
1101 2191 1212 2227 trilm-

85 2256 218 2291 m'ciam
252 2260 461 2304 potestatem
500 2258 666 2293 adversus
705 2268 741 2292 se
776 2257 952 2305 inplorari.
987 2259 1210 2303 paterentur.

93 2320 180 2356 Tum
201 2331 349 2368 quoque,
369 2322 398 2356 si
415 2332 470 2357 res
486 2323 628 2363 sineret,
649 2322 794 2358 libenter
810 2333 846 2358 se
873 2322 1044 2357 daturum
1073 2324 1211 2368 tempus
