1573 2598
450 171 606 201 Lmen
629 170 699 200 ιν.
732 168 840 205 οᾼΡ.
859 168 907 198 v.
1168 155 1246 209 267

134 260 228 306 tur?
254 270 380 306 nempe
401 263 544 306 putrem
571 261 770 305 sequuntur
798 256 925 292 liberi:
958 267 1034 298 nec,
1063 256 1160 303 quod
1186 268 1247 291 nos
1260 258 1304 289 U.
1319 257 1357 290 C.
1373 263 1448 290 διο.

132 334 175 359 ex
190 323 364 358 connubio
378 326 494 358 vestro
512 325 689 368 petamus,
706 320 907 367 quidquam
920 323 986 361 est,
1006 303 1299 367 praeterquamA·
1317 302 1355 334 C·
1370 307 1448 334 ⁴⁴²²·

132 390 174 420 ut
203 385 400 426 hominum,
420 389 460 419 ut
489 385 621 419 civium
649 394 796 418 numero
823 384 958 418 simus:
986 394 1062 423 nec,
1082 394 1143 418 vos
1164 384 1252 429 (nisi

133 448 171 483 in
191 448 443 483 contumeliam
465 447 772 494 ignominiamque
789 451 955 481 nostram
970 449 1110 482 certare
1119 443 1247 491 juvat)

134 511 231 558 quod
250 511 488 551 contendatis,
509 510 708 557 quidquam
728 513 792 544 est.

186 573 233 610 V.
272 574 457 620 Denique,
491 577 614 608 utrum
648 572 793 607 tandem
828 572 957 620 populi
992 572 1166 615 Romani,
1201 584 1252 608 an

132 642 289 673 vestrum
322 648 501 672 summum
536 637 727 684 imperium
773 636 860 670 est.9
904 635 1064 683 Regibus
1101 637 1251 676 exactis,

134 704 257 736 utrum
274 699 372 735 vobis
391 700 608 740 dominatio,
629 710 675 734 an
696 699 858 734 omnibus
874 710 978 746 aequa
999 700 1146 735 libertas
1162 711 1253 746 par-

135 766 175 799 ta
192 766 244 798 est
258 763 279 798 :7
308 763 459 810 Oportet
480 762 587 798 licere
602 762 738 809 populo
758 760 939 802 Romano,
960 764 992 798 si
1011 763 1110 803 velit,
1125 760 1254 807 jubere

136 824 271 872 legem:
301 837 362 867 an,
393 829 435 860 ut
461 836 609 872 quaeque
641 825 786 872 rogatio
814 825 1057 872 promulgata
1081 825 1164 866 erit,
1192 836 1254 860 vos

136 888 314 923 delectum
329 900 398 936 pro
419 900 526 936 poena
545 888 740 923 decernetis
754 888 775 923 ,9
802 892 848 926 et,
869 888 979 923 simul
1006 900 1070 936 ego
1091 888 1255 923 tribunus

135 961 266 986 vocare
285 950 398 986 tribus
424 952 462 986 in
479 950 699 999 suffragium
728 961 885 997 coeper0,·
917 954 956 985 tu
982 951 1111 985 statim
1131 950 1256 986 consul

0 1006 2 1058 ᾗ
136 1018 362 1049 sacramento
384 1012 551 1060 juniores
583 1014 721 1060 adiges,
748 1018 783 1049 et
814 1014 853 1048 in
882 1017 1003 1048 castra
1035 1014 1193 1049 educes?
1219 1017 1255 1050 et

137 1075 332 1111 minaberis
364 1075 473 1123 plebi,
509 1075 702 1110 minaberis
739 1075 921 1110 tribuno.9
955 1075 1064 1116 Quid,
1100 1076 1132 1110 si
1166 1086 1253 1118 non,

137 1142 315 1184 quantum
345 1138 424 1173 istae
454 1139 561 1172 minae
588 1138 757 1173 adi-ersus
781 1137 896 1185 plebis
924 1149 1131 1173 consensum
1155 1137 1254 1173 vale-

137 1203 230 1241 rent,
251 1200 303 1236 bis
313 1198 398 1246 jam
422 1200 561 1248 experti
579 1201 700 1236 essetis
717 1200 738 1235 ‚9
765 1200 916 1241 scilicet,
938 1201 1026 1247 quia
1045 1199 1146 1235 nobis
1170 1211 1254 1235 con-
1297 1226 1301 1229 -

136 1262 271 1297 sultum
288 1262 476 1304 volebatis,
503 1263 702 1299 certamine
728 1262 978 1297 abstinuistis:
1009 1274 1056 1297 an
1076 1263 1155 1297 ideo
1182 1274 1255 1298 non

137 1328 189 1360 est
201 1325 427 1367 dimicatum,
443 1325 551 1372 quod,
565 1336 643 1372 quae
655 1337 743 1372 pars
743 1325 907 1374 firmior,
922 1325 1048 1361 eadem
1059 1325 1255 1360 modestior

127 1385 246 1433 fuit.9
272 1399 335 1423 nec
365 1399 459 1422 nunc
484 1389 555 1422 erit
582 1391 775 1428 certamen,
799 1387 987 1428 Quirites:
1017 1388 1156 1422 animos
1178 1399 1255 1423 ves·

139 1454 215 1485 tros
234 1450 291 1486 illi
311 1451 500 1486 tentabunt
517 1462 668 1498 semper,
695 1451 788 1486 vires
806 1462 879 1486 non.
905 1452 1144 1498 experientur.
1174 1450 1254 1486 Ita-

139 1523 206 1559 que
231 1513 281 1548 ad
304 1512 397 1548 bella
426 1514 510 1554 ista,
535 1524 596 1548 seu
614 1511 736 1561 falsa,
755 1525 816 1549 seu
841 1524 928 1548 vera
954 1517 1052 1555 sunt,
1078 1513 1261 1564 consules,

134 1578 274 1622 parata
299 1575 398 1610 vobis
427 1575 546 1622 plebes
570 1579 637 1617 est,
663 1576 707 1615 si,
736 1575 922 1611 connubiis
948 1576 1114 1617 redditis,
1143 1588 1255 1611 unam

139 1636 232 1672 hanc
250 1638 434 1673 civitatem
462 1638 608 1673 tandem
623 1636 785 1686 facitis;
815 1639 848 1673 si
866 1638 1073 1680 coalescere,
1092 1640 1124 1674 si
1141 1637 1256 1686 jungi

138 1700 351 1747 miscerique
372 1701 470 1736 vobis
496 1702 653 1748 privatis
678 1701 998 1736 necessitudinibus
1011 1706 1163 1748 possunt
1177 1715 1190 1741 ;
1220 1703 1254 1738 si

137 1773 229 1810 spes,
247 1764 280 1798 si
297 1763 420 1799 aditus
438 1765 487 1799 ad
505 1764 654 1799 honores
672 1765 760 1799 viris
777 1765 933 1799 strenuis
950 1768 986 1800 et
1001 1762 1170 1812 fortibus
1188 1766 1253 1800 da-

140 1829 201 1861 tur
210 1838 224 1865 ;
252 1826 285 1861 si
302 1826 341 1862 in
359 1828 552 1869 consortio,
571 1827 603 1862 si
621 1827 659 1862 in
684 1827 858 1861 societate
874 1826 1080 1874 reipublicae
1106 1839 1189 1867 esse,
1208 1828 1254 1870 si,

140 1889 236 1936 quod
253 1901 364 1937 aequae
387 1890 568 1926 libertatis
585 1894 650 1933 est,
672 1891 708 1925 in
731 1889 845 1925 vicem
866 1890 997 1925 annuis
1024 1891 1254 1937 magistrati-

140 1952 204 1988 bus
229 1963 363 2000 parere
387 1958 499 2001 atque
529 1954 741 2001 imperitare
765 1953 861 1989 licet.
903 1951 947 1988 Si
982 1951 1057 1988 haec
1091 1954 1254 2000 inpediet

138 2015 289 2062 aliquis,
298 2014 405 2065 ferte
417 2017 652 2059 sermonibus,
671 2021 707 2052 et
727 2015 975 2064 multiplicate
993 2015 1109 2065 fama
1130 2016 1226 2051 bella
1238 2030 1253 2057 ,-

140 2088 243 2113 nemo
270 2082 322 2113 est
347 2090 475 2115 nomen
493 2081 660 2122 daturus,
679 2090 781 2114 nemo
809 2090 914 2114 arma
940 2082 1129 2125 capturus,
1151 2090 1256 2114 nemo

143 2140 380 2176 dimicaturus
403 2154 473 2189 pro
499 2143 661 2191 superbis
680 2143 847 2182 dominis,
877 2153 957 2177 cum
976 2142 1102 2188 quibus
1127 2152 1190 2177 nec
1218 2142 1257 2177 in

141 2212 182 2237 re
205 2203 352 2251 publica
379 2203 566 2248 honorum,
595 2217 660 2241 nec
694 2207 733 2241 in
757 2206 911 2253 privata
938 2204 1107 2240 connubii
1141 2205 1256 2240 socie-

143 2268 201 2300 tas
218 2269 284 2300 est.

185 2325 262 2363 2VI.
279 2326 411 2366 Quum
429 2329 471 2365 in
483 2330 710 2367 concionem
723 2334 763 2366 et
779 2329 954 2367 consules
969 2328 1252 2378 processissent,

655 2391 698 2430 N
715 2392 740 2429 2
