1573 2598
329 184 412 226 244
765 188 812 217 r.
834 189 967 220 mvn

286 287 300 340 .-
327 278 500 312 tuantem
520 273 674 312 turbam
695 275 969 327 trepidantium
997 278 1072 315 huc
1097 277 1211 329 atque
1237 280 1340 326 illuc,
1367 283 1440 321 cir·

326 341 742 391 cumspectantiumque
760 354 801 379 se
819 355 863 380 ac
882 355 986 387 suos,
1003 344 1133 382 addito
1152 345 1315 384 turbatis
1336 360 1442 386 men-

326 404 429 444 tibus
452 404 618 442 clamore
639 411 753 455 atque
778 407 924 457 inpetu,
945 408 1102 446 invadit.
1157 409 1339 448 Retulere
1367 413 1444 463 pri-

326 481 391 506 mo
420 469 555 521 pedem
581 469 736 506 hostes:
768 470 917 514 deinde,
942 484 1059 521 quum
1081 473 1227 510 animos
1255 475 1444 525 conlegis-

327 539 427 576 sent,
453 538 492 569 et
520 533 686 582 undique
713 533 842 578 duces,
861 536 1006 572 victisne
1028 539 1157 574 cessuri
1175 544 1300 583 essent,
1323 539 1445 576 incre-

328 603 478 648 parent,
499 597 714 634 restituitur
732 610 874 648 pugna.

382 661 495 699 LXI.
525 661 671 699 Consul
693 676 740 700 ex
764 662 885 700 altera
905 669 1013 714 parte
1031 663 1232 703 Romanos
1253 668 1449 706 meminisse

322 725 501 778 jubebat,
531 729 595 764 illo
624 729 681 764 die
704 730 865 777 primum
892 729 1015 766 liberos
1037 743 1107 779 pro
1136 730 1247 768 libera
1268 732 1354 769 urbe
1373 731 1449 770 Ro-

329 805 440 829 mana
464 804 639 842 pugnare.
695 792 844 830 Sibimet
866 795 950 842 ipsis
970 795 1137 838 victuros,
1158 807 1228 833 non
1252 781 1293 833 ut
1312 797 1449 834 decem-

329 859 489 894 virorum
519 858 667 894 victores
693 859 882 905 praemium
915 863 1038 895 essent.
1095 860 1179 896 Non
1207 861 1326 910 Appio
1363 862 1452 898 duce

331 935 406 959 rem
432 924 524 970 geri,
553 923 615 959 sed
642 922 782 958 consule
812 922 968 966 Valerio,
1000 935 1023 959 a
1052 923 1297 961 liberatoribus
1321 926 1452 975 populi

332 987 492 1024 Romani
519 992 611 1029 orto,
640 985 827 1022 liberatore
854 988 942 1034 ipso.
1000 987 1247 1031 Ostenderent,
1273 989 1454 1038 prioribus

328 1052 465 1102 praeliis
489 1064 557 1100 per
583 1052 701 1094 duces,
725 1063 797 1087 non
822 1063 888 1100 per
916 1052 1057 1094 milites,
1087 1054 1234 1096 stetisse,
1264 1065 1309 1090 ne
1336 1054 1453 1091 vince-

332 1122 424 1154 rent.
487 1118 606 1165 Turpe
633 1128 717 1159 esse,
748 1119 872 1153 contra
904 1117 993 1153 cives
1021 1117 1106 1166 plus
1133 1119 1247 1154 animi
1279 1118 1452 1163 habuisse,

334 1194 443 1231 quam
465 1186 590 1218 contra
618 1181 757 1218 hostes:
787 1185 822 1217 et
847 1181 956 1223 domi,
983 1194 1091 1230 quam
1109 1181 1221 1231 foriS,
1250 1185 1454 1220 servitutem

332 1247 448 1294 magis
475 1247 643 1282 timuisse.
706 1245 824 1280 Unam
849 1245 1048 1293 Virginiam
1065 1245 1195 1296 fnisse,
1220 1246 1318 1294 cujus
1341 1249 1454 1296 pudi-

334 1312 427 1349 citioe
455 1312 493 1347 in
520 1322 612 1359 pace
641 1309 842 1357 periculum
871 1314 986 1346 esset:
1015 1322 1126 1347 unum
1155 1312 1317 1359 Appium
1346 1313 1456 1348 civem

330 1376 538 1425 periculosae
562 1374 743 1411 libidinis:
773 1378 825 1416 at,
845 1375 876 1409 si
893 1372 1054 1423 fortuna
1083 1375 1166 1413 belli
1194 1376 1354 1419 inclinet,
1379 1387 1457 1412 om-

335 1443 437 1478 nium
464 1440 580 1477 liberis
612 1439 657 1476 ab
689 1443 741 1476 tot
768 1438 924 1475 millibus
952 1438 1108 1476 hostium
1131 1439 1333 1488 periculum
1353 1439 1456 1490 fore.

338 1506 446 1542 Nolle
471 1505 637 1547 ominari,
661 1515 738 1553 quae
763 1515 827 1539 nec
844 1503 1006 1552 Jupiter,
1026 1516 1090 1540 nec
1109 1505 1213 1540 Mars
1235 1508 1345 1552 pater
1367 1516 1455 1553 pas-

336 1572 412 1607 suri
428 1572 500 1607 sint
519 1571 561 1606 iis
579 1569 746 1617 auspiciis
772 1569 925 1604 conditae
943 1568 1021 1605 urbi
1046 1569 1218 1605 accidere.
1274 1566 1456 1605 Aventini

340 1635 520 1684 Sacrique
547 1634 688 1670 montis
717 1632 963 1675 admonebat,
996 1633 1058 1676 Ut,
1088 1633 1147 1669 ubi
1176 1633 1320 1670 libertas
1342 1637 1457 1682 parta

338 1705 428 1737 esset
447 1701 575 1749 paucis
599 1703 684 1735 ante
705 1696 888 1741 mensibus,
909 1710 949 1734 eo
976 1698 1166 1746 imperiurn
1189 1697 1381 1733 inlibatum
1398 1709 1456 1734 re·

330 1764 497 1815 ferrent:
516 1765 820 1812 ostenderentque,
840 1763 1002 1799 eamdem
1021 1763 1178 1799 indolem
1198 1762 1369 1799 militibus
1381 1762 1459 1799 Ro-

341 1831 457 1866 manis
471 1834 555 1878 post
565 1833 706 1865 exactos
721 1828 933 1864 decemviros
950 1838 1033 1870 esse,
1048 1839 1124 1874 quae
1138 1831 1223 1863 ante
1241 1831 1380 1862 creatos
1386 1825 1458 1875 fu-

343 1896 436 1931 erit:
464 1906 540 1937 nee,
560 1894 708 1942 aequatis
733 1892 878 1940 legibus,
900 1893 1113 1928 inminutam
1139 1892 1308 1927 virtutem
1330 1891 1460 1940 populi
1513 1896 1520 1938 g

344 1959 502 1996 Romani
521 1970 601 1995 esse.
635 1957 730 1993 Haec
752 1955 815 1992 ubi
835 1957 933 1992 inter
953 1956 1064 2005 signa
1083 1955 1254 2006 peditum
1273 1954 1376 1992 dicta
1393 1955 1458 1992 de-

343 2023 425 2069 dit3
458 2022 587 2060 avolat
607 2021 740 2059 deinde
760 2021 807 2058 ad
827 2021 984 2070 equites,
1005 2021 1128 2069 Agite,
1141 2018 1302 2067 juvenes,
1322 2019 1460 2070 inquit,

342 2092 512 2138 praestate
529 2089 659 2123 virtute
682 2086 855 2135 peditem,
876 2090 916 2122 ut
941 2085 1073 2121 honore
1097 2089 1205 2132 atque
1223 2085 1348 2121 ordine
1370 2096 1463 2133 prae—

344 2154 460 2191 statis.
518 2152 643 2188 Primo
671 2162 840 2187 concursu
864 2150 974 2198 pedes
998 2149 1109 2185 movit
1134 2147 1292 2192 hostem‚·
1315 2148 1463 2197 puteum

345 2228 419 2260 vos,
440 2217 591 2252 inmissis
612 2217 722 2264 equis,
750 2215 878 2262 exigite
899 2226 918 2251 e
944 2226 1083 2263 campo.
1140 2213 1226 2250 Non
1247 2212 1465 2250 sustinebunt

346 2284 535 2330 inpetum:
565 2286 600 2318 et
628 2293 721 2317 nunc
749 2285 965 2317 cunctantur
992 2280 1120 2327 magis,
1151 2291 1258 2328 quam
1283 2278 1464 2316 resistunt.

347 2344 557 2383 Concitant
575 2357 705 2396 equos,
727 2345 1028 2396 permittuntque
1049 2344 1089 2382 in
1115 2343 1279 2386 hostem,
1299 2339 1464 2394 pedestri
