1573 2598
424 219 579 248 muniz
603 212 673 248 v1.
705 215 812 248 mr.
837 218 964 248 xmr.
1164 206 1247 259 467

140 310 254 358 Vulgo
272 321 354 357 ergo
378 310 574 359 pontifices,
605 314 770 359 augures,
790 310 981 359 sacrificuli
1007 320 1105 357 reges
1127 320 1247 345 creen-

135 379 196 411 tur
208 391 220 411 :
248 374 390 410 cuilibet
405 376 541 423 apicem
561 375 706 418 dialem,
729 376 922 411 dummodo
941 375 1045 411 homo
1063 375 1123 416 sit,
1142 374 1245 422 inpo-

132 441 261 475 namus
275 455 288 474 .·
317 440 504 475 tradamus
522 440 667 483 ancilia,
685 441 902 489 penetralia,
923 440 1037 481 Deos,
1058 437 1244 474 Deorum-

133 514 199 551 que
218 515 355 544 curam,
384 503 505 551 quibus
529 503 632 552 ntfas
656 509 734 540 est:
762 517 829 541 non
857 505 948 552 leges
973 504 1159 551 auspicato
1175 501 1242 551 fe-

129 572 272 610 rantur,
300 580 369 604 non
395 570 626 616 magistratus
651 574 813 606 creentur
830 587 842 606 .·
870 581 933 605 nec
952 569 1163 605 centuriatis
1180 579 1244 603 nec

131 634 280 669 curiatis
298 634 451 669 comitiis
469 633 600 669 Patres
617 639 778 670 auctores
794 635 905 683 fiant.
963 633 1104 669 Sextius
1122 636 1157 668 et
1176 631 1241 667 Li-

129 697 254 738 cinius,
277 701 461 744 tamquam
481 697 657 733 Romulus
675 710 718 733 ac
748 699 884 740 Tatius,
911 698 946 732 in
969 696 1055 732 urbe
1074 695 1242 731 Romana

127 764 286 807 regnent,
314 761 398 808 quia
423 763 593 808 pecunias
612 762 761 803 alienas,
789 761 874 808 quia
901 772 1006 807 agros
1025 760 1118 795 dono
1138 760 1241 795 dant.

126 824 251 860 'Tanta
276 825 426 860 dulcedo
454 829 506 860 est
531 837 572 860 ej:
597 826 724 861 alienis
739 824 908 873 fortunis
929 824 1145 872 praedandi:
1178 834 1242 859 nec

125 889 164 924 in
182 893 335 924 mentem
353 891 461 932 venit,
483 890 599 925 altera
625 891 700 937 lege
722 891 932 926 solitudines
949 893 1070 926 vastas
1087 889 1124 924 in
1143 888 1243 935 agris

114 952 204 1001 fieri
227 953 397 1001 pellendo
412 953 550 1002 finibus
574 955 760 990 dominos:
788 953 906 989 altera
921 953 1040 1002 fidem
1059 952 1240 999 abrogari,

126 1028 205 1052 cum
225 1029 296 1064 qua
315 1018 428 1052 omnis
447 1016 604 1053 humana
621 1019 770 1054 societas
799 1018 952 1054 tollitur.
998 1017 1168 1052 Omnium
1183 1027 1238 1051 re-

124 1092 206 1116 rum
232 1093 356 1118 caussa
381 1082 474 1118 vobis
498 1083 742 1130 antiquandas
769 1094 889 1119 censeo
914 1083 1002 1118 istas
1025 1082 1238 1128 rogationes.

127 1144 234 1186 Quod
245 1144 393 1194 faxitis,
415 1147 515 1182 Deos
533 1148 639 1183 velim
652 1146 861 1196 fortunare.

178 1209 311 1246 XLII.
342 1208 477 1245 Oratio
504 1211 618 1261 Appii
649 1212 696 1248 ad
721 1212 760 1249 id
786 1211 900 1248 modo
926 1209 1058 1254 valuit,
1080 1215 1122 1246 ut
1140 1214 1238 1244 tem-

123 1285 193 1324 pus
222 1274 467 1322 rogationum
496 1273 755 1324 jubendarum
783 1275 1027 1327 proferretur.
1083 1272 1237 1309 Refecti

125 1337 312 1373 decimum
333 1338 447 1374 iidem
472 1338 632 1382 tribuni,
663 1340 813 1376 Sextius
835 1346 873 1376 et
897 1338 1085 1381 Licinius,
1107 1337 1152 1374 de
1172 1337 1234 1373 de·
1247 1342 1430 1374 Decemviri

124 1402 295 1438 cemviris
316 1415 508 1440 sacrorum
527 1417 574 1440 ex
599 1411 707 1454 parte
727 1405 772 1440 de
790 1404 901 1454 plebe
922 1403 1092 1439 creandis
1112 1402 1234 1451 legem
1246 1395 1412 1468 {3ch?ssae

123 1465 334 1517 pertulere:
367 1469 483 1503 creati
511 1469 677 1518 quinque
699 1469 870 1511 Patrum‚
894 1468 1060 1517 quinque
1086 1465 1206 1517 plebis
1223 1480 1230 1501 :
1245 1479 1331 1520 etex
1349 1472 1406 1502 Pa-

123 1529 317 1579 graduque
338 1543 383 1566 eo
396 1529 481 1580 jam
499 1533 559 1568 via
578 1532 682 1569 facta
700 1532 748 1569 ad
767 1531 1007 1569 consulatum
1021 1515 1356 1567 videbatur.>“¹bus'

121 1594 207 1632 Hac
226 1597 385 1632 victoria
406 1603 587 1634 contenta
612 1598 741 1648 plebes
769 1599 882 1634 cessit
900 1596 1093 1640 Patribus,
1114 1602 1170 1639 ut,
1192 1597 1233 1633 in

120 1660 323 1709 praesentia
341 1660 538 1697 consulum
557 1663 753 1699 mentione
776 1663 931 1706 omissa,
961 1661 1107 1698 tribuni
1132 1660 1233 1697 mili-

118 1727 201 1759 tum
231 1730 470 1760 crearentur.-
513 1726 629 1761 creati
661 1726 709 1763 A.
736 1732 773 1762 et
800 1725 859 1763 M.
880 1724 1050 1762 Cornelii
1077 1725 1229 1768 iterum,
1242 1735 1333 1766 uc.
1350 1741 1424 1767 330,

119 1786 177 1823 M.
198 1786 406 1836 Geganius,
433 1787 476 1824 P.
495 1787 682 1832 Manlius,
707 1789 754 1826 L.
774 1789 970 1832 Veturius,
990 1788 1035 1825 P.
1054 1788 1228 1824 Valerius
1241 1781 1282 1810 Λ·
1296 1778 1331 1809 C·
1349 1784 1424 1811 3⁶4·

120 1858 281 1888 sextum.
325 1852 454 1891 Quum
472 1859 609 1902 praeter
627 1853 857 1890 Velitrarum
878 1853 1130 1896 obsidionem,
1150 1859 1230 1889 tar-

117 1917 155 1953 di
184 1917 303 1965 magis
334 1929 412 1952 rem
441 1917 583 1960 exitus,
610 1930 722 1967 quam
751 1917 870 1962 dubii,
897 1918 1035 1967 quietae
1064 1923 1228 1954 externae

117 1992 174 2016 res
205 1980 394 2017 Romanis
415 1988 540 2018 essent
556 1998 578 2028 3*
598 1981 705 2019 fama=
730 1995 864 2033 repens
892 1982 981 2019 belli
1003 1981 1141 2018 Gallici
1161 1982 1228 2019 ad·
1239 1987 1442 2020 CamillusV.

116 2044 208 2088 lata,
228 2045 393 2096 perpulit
412 2047 619 2090 civitatem,
641 2053 683 2083 ut
700 2046 758 2084 M.
778 2047 913 2084 Furius
934 2047 1098 2084 dictator
1117 2047 1228 2097 quin·
1239 2033 1393 2064 metator·

115 2115 198 2145 tum
218 2109 421 2146 diceretur:
453 2111 484 2147 is
503 2110 550 2147 T.
566 2111 791 2151 Quinctium
809 2112 984 2149 Pennum
1002 2112 1228 2161 magistrum

117 2174 286 2223 equitum
314 2174 421 2212 dixit.
477 2175 669 2213 Bellatum
689 2189 774 2214 cum
793 2177 914 2214 Gallis
939 2189 986 2213 eo
1006 2189 1107 2213 anno
1128 2177 1228 2213 circa
1239 2187 1368 2218 Bellum

117 2236 306 2274 Anienem
322 2238 476 2283 flumen,
497 2246 632 2276 auctor
656 2248 714 2278 est
741 2241 920 2278 Claudius
937 2257 948 2287 3
982 2241 1227 2292 inclitamque
1239 2230 1416 2263 Gallicum·

116 2300 156 2335 in
174 2306 292 2350 ponte
310 2313 491 2352 pugnam,
512 2316 588 2354 qua
604 2303 650 2342 Τ.
666 2304 835 2342 Manlius
857 2304 1029 2349 Gallum„
1045 2318 1135 2342 cum
1150 2318 1232 2356 quo-

115 2371 343 2414 provoeatus
371 2378 504 2405 manus
533 2369 743 2413 conseruit,
765 2369 806 2407 in
835 2376 1042 2422 conspectu
1061 2369 1225 2407 duorum

633 2432 673 2470 X
695 2433 718 2470 6
