1573 2598
160 885 204 920 U.
222 889 259 921 C.
275 897 348 923 ³52.

164 935 204 965 A.
222 934 258 964 C.
275 941 348 966 400.

143 1476 291 1507 Veientes
299 1485 345 1505 re-

142 1529 218 1560 gem
228 1525 345 1551 creant.

526 465 592 519 T.
632 465 843 519 LIVII
893 468 1311 525 PATAVINI

776 616 972 655 LIBER
1008 619 1044 654 V

724 769 1084 796 .-.·-..ο-..-..

370 945 374 949 .
443 897 546 933 ACE
565 896 656 933 alibi
675 904 796 947 parta,
814 897 982 935 Romani
998 899 1157 949 Veiique
1173 901 1212 937 in
1231 903 1343 939 armis
1364 910 1473 941 erant

466 968 574 998 tanta
594 962 650 998 ira
669 962 846 1011 odioque,
868 970 910 999 ut
929 964 1037 1000 victis
1058 965 1171 1002 finem
1198 967 1327 1004 adesse
1356 969 1471 1019 adpa-

360 1037 471 1066 reret.
529 1028 695 1063 Comitia
714 1028 908 1077 utriusque
934 1029 1064 1078 populi
1094 1029 1208 1079 longe
1237 1031 1383 1068 diversa
1410 1045 1472 1069 ra-

361 1095 467 1130 tione
487 1093 590 1129 facta
610 1098 709 1129 sunt.
765 1092 934 1129 Romani
964 1107 1102 1130 auxere
1133 1096 1373 1132 tribunorum
1403 1098 1474 1133 mi-

359 1158 470 1195 litum
508 1156 697 1193 consulari
736 1164 927 1207 potestate
964 1171 1193 1196 numerum:
1240 1167 1342 1204 octo,
1381 1168 1475 1210 quot

359 1234 567 1270 numquam
597 1227 723 1263 antea,
755 1222 885 1264 creati,
915 1221 984 1257 Μ’.
1006 1221 1187 1258 AEmilius
1217 1223 1473 1261 Mamercinus

357 1289 510 1331 iterum,
541 1287 586 1323 L.
607 1287 780 1323 Valerius
811 1287 961 1323 Potitus
992 1288 1160 1331 tertium,
1191 1289 1265 1338 Ap.
1291 1289 1470 1325 Claudius

359 1350 531 1393 Crassus,
552 1349 608 1385 M.
631 1349 862 1388 Quinctilius
883 1350 1019 1392 Varus,
1046 1350 1093 1386 L.
1114 1350 1237 1386 Julius
1268 1350 1386 1393 Iulus,
1412 1350 1471 1388 M.

357 1413 591 1456 Postumius,
618 1413 674 1450 M.
695 1413 830 1449 Furius
861 1413 1058 1456 Camillus,
1087 1413 1144 1449 M.
1165 1414 1382 1450 Postumius
1402 1413 1471 1450 Al-

357 1477 480 1514 binus.
538 1477 717 1513 Veientes
753 1486 887 1513 contra
918 1477 1033 1513 taedio
1067 1490 1202 1513 annuae
1236 1477 1469 1521 ambitionis,

357 1555 440 1591 quae
484 1541 672 1577 interdum
717 1540 988 1577 discordiarum
1031 1553 1164 1577 caussa
1207 1548 1300 1584 erat,
1342 1554 1470 1590 regem

357 1618 541 1642 creavere.
600 1605 784 1641 Obfendit
805 1618 848 1641 ea
866 1618 924 1641 res
945 1605 1171 1655 populorum
1194 1605 1357 1642 Etr-urite
1388 1607 1469 1642 ani-

356 1681 453 1712 mos,
487 1682 564 1704 non
599 1668 741 1718 majore
780 1669 869 1705 odio
902 1669 1023 1717 regni,
1058 1682 1169 1718 quam
1202 1670 1318 1719 ipsius
1355 1670 1468 1718 regis.

356 1733 490 1768 Gravis
506 1731 588 1782 jam
607 1733 637 1767 is
659 1740 770 1768 antea
790 1733 894 1780 genti
910 1732 1033 1768 fuerat
1050 1732 1185 1782 opibus
1202 1732 1465 1782 superbiaque,

357 1797 445 1845 quia
470 1796 667 1831 sollemnia
697 1796 883 1838 ludorum,
905 1808 998 1844 quos
1029 1796 1229 1831 intermitti
1257 1794 1363 1832 nefas
1393 1802 1465 1840 cst,

355 1860 542 1896 violenter
562 1860 794 1903 diremisset:
829 1873 943 1908 quum
970 1860 1019 1896 ob
1050 1861 1143 1896 iram
1172 1859 1344 1910 repulsae,
1366 1859 1468 1908 quod

355 1924 536 1972 suffragio
556 1925 751 1974 duodecim
774 1924 1000 1973 populorum
1016 1924 1109 1960 alius
1126 1923 1299 1960 sacerdos
1316 1924 1349 1958 ei
1369 1936 1466 1973 prae-

356 1987 454 2023 latus
471 1994 582 2029 esset,
601 1987 777 2029 artifices,
795 2000 954 2035 quorum
971 2000 1108 2036 magna
1127 1999 1211 2037 pars
1233 1987 1348 2036 ipsius
1369 1987 1467 2023 servi

356 2057 479 2094 erant,
501 2065 547 2087 ex
567 2051 689 2086 medio
709 2051 853 2087 ludicro
874 2059 1027 2101 repente
1047 2052 1216 2088 abduxit.
1270 2051 1372 2086 Gens
1394 2051 1467 2087 ita-

356 2127 443 2164 que,
465 2121 552 2151 ante
573 2127 702 2150 omnes
724 2115 814 2150 alias
837 2128 881 2151 eo
902 2117 1021 2164 magis
1048 2115 1173 2151 dedita
1203 2114 1465 2163 religionibus,

357 2178 460 2228 quod
479 2178 679 2214 excelleret
709 2185 788 2214 arte
818 2178 967 2214 colendi
997 2191 1074 2222 eas,
1096 2178 1276 2214 auxilium
1296 2178 1468 2214 Veienti-

356 2241 426 2277 bus
463 2242 692 2290 negandum,
725 2242 845 2278 donec
875 2242 943 2278 sub
981 2255 1068 2291 rege
1106 2248 1244 2285 essent,
1279 2241 1466 2278 decrevit:

356 2303 463 2354 cujus
485 2305 624 2341 decreti
645 2305 844 2354 subpressa
870 2306 971 2342 fama
1000 2312 1057 2342 est
1076 2305 1178 2342 Veiis
1208 2311 1363 2356 propter
1389 2317 1469 2341 me-

355 2372 439 2409 tum
466 2369 564 2419 regis
577 2384 590 2415 3
623 2370 701 2420 qui,
722 2382 744 2406 a
763 2382 838 2420 quo
868 2369 944 2407 tale
963 2370 1052 2421 quid
1079 2371 1223 2408 dictum
1250 2369 1465 2415 referretur,
