1573 2598
327 199 415 257 384
781 210 828 239 τ.
854 208 986 239 mvn

136 302 228 334 U·C·
245 306 476 351 ³64·negetur
502 312 602 349 ager,
631 311 753 337 coram
779 301 906 336 iisdem
928 299 1103 337 Romanis
1129 298 1374 341 «tanacetum,
1401 303 1444 336 ut

137 347 177 378 A'
192 346 228 377 C'
244 352 502 406 ³⁸⁸'nunciare
529 368 673 403 domum
691 370 846 414 possent,
873 370 1048 414 quantum
1070 365 1170 401 Galli
1192 366 1326 401 virtute
1352 367 1443 402 cete-

330 445 390 470 ros
406 433 574 469 mortales
589 435 812 479 praestarent.
865 431 1054 471 Quodnam
1073 430 1110 466 id
1117 427 1181 476 jus
1199 433 1298 471 esset,
1318 440 1448 476 agrum

331 509 357 533 a
385 495 637 544 possessoribus
667 498 801 542 petere,
832 498 896 530 aut
923 494 1058 530 minari
1085 505 1189 530 arma
1204 494 1225 528 9
1259 491 1447 528 Romanis

332 550 602 609 quaerentibus,
640 564 692 601 et,
726 559 812 607 quid
842 560 881 594 in
909 558 1064 594 Etruria
1090 558 1144 594 rei
1178 557 1297 594 Gallis
1329 556 1449 592 esset?

333 637 450 673 quum
470 623 523 659 illi
542 635 578 660 se
597 624 635 659 in
652 624 761 659 armis
773 620 835 667 jus
848 621 966 671 ferre,
988 627 1026 657 et
1044 620 1335 670 omniafortium
1352 621 1448 657 viro-

333 700 416 724 rum
440 699 524 729 esse,
544 686 722 723 ferociter
746 685 928 728 dicerent,
955 685 1122 722 accensis
1149 685 1337 733 utrimque
1367 682 1449 720 ani-

336 752 406 788 mis
426 752 474 788 ad
493 764 597 788 arma
615 750 849 792 discurritur,
866 755 905 786 et
923 749 1097 800 proelium
1118 748 1342 786 conseritur.
1372 746 1447 789 Ibi,

122 812 230 852 Legati
249 821 325 843 001¹-
331 814 415 865 jam
444 815 664 865 urgentibus
684 814 902 851 Romanam
931 814 1062 851 urbem
1091 813 1195 856 fatis,
1216 813 1331 862 legati
1357 823 1451 847 con-

120 855 295 928 ξῗῐξῗὲῗς
339 888 398 915 tra
410 878 474 929 jus
495 879 666 928 gentium
685 891 789 914 arma
805 878 959 927 capiunt
977 892 985 913 ε
1017 890 1087 913 nec
1107 877 1146 913 id
1163 875 1261 912 clam
1281 887 1361 911 esse
1380 886 1451 924 po-

122 941 228 981 piunt.
339 943 427 985 tuit,
454 955 568 990 quum
598 948 686 977 ante
715 941 824 988 signa
842 941 1093 976 Etruscorum
1121 945 1196 975 tres
1225 937 1453 975 nobilissimi

338 1006 611 1054 fortissimique
637 1004 825 1041 Romanae
847 1003 1061 1054 juventutis
1090 1008 1328 1054 pugnarent:
1367 1007 1453 1038 tan-

339 1076 421 1106 tum
440 1068 632 1107 eminebat
653 1069 854 1119 peregrina
870 1069 1002 1106 virtus.
1057 1068 1162 1107 Quin
1179 1067 1294 1103 etiam
1312 1066 1362 1106 Q.
1380 1064 1468 1102 Fa*

338 1134 439 1178 bius,
469 1140 620 1170 evectus
650 1139 758 1170 extra
786 1133 907 1169 aciem
935 1145 1048 1182 equo,
1078 1132 1212 1169 ducem
1240 1129 1453 1173 Gallorum,

338 1198 518 1236 ferociter
536 1198 575 1234 in
600 1198 682 1248 ipsa
702 1198 812 1246 signa
828 1197 1080 1234 Etruscorum
1099 1197 1368 1237 incursantem,
1389 1206 1457 1244 per

340 1262 439 1299 latus
468 1261 692 1298 transfixum
720 1263 845 1305 hasta,
874 1262 1036 1299 occidit:
1069 1260 1264 1311 spoliaque
1292 1258 1372 1309 ejus
1400 1257 1455 1294 le-

341 1333 494 1376 gentem
509 1326 611 1363 Galli
630 1339 833 1375 agnovere,
854 1339 995 1376 perque
1013 1332 1135 1363 totam
1155 1326 1288 1368 aciem,
1308 1323 1454 1360 Roma-

339 1403 432 1427 num
451 1390 619 1439 legatum
639 1402 734 1433 esse,
755 1390 905 1439 signum
925 1390 1055 1426 datum
1075 1395 1144 1426 est.
1200 1388 1353 1425 Omissa
1369 1385 1458 1423 inde

340 1457 381 1493 in
402 1456 578 1493 Clusinos
608 1457 677 1499 ira,
707 1457 877 1505 receptui
907 1462 1062 1499 canunt,
1093 1456 1280 1492 minantes
1309 1453 1456 1490 Roma-

341 1520 413 1556 nis.
469 1520 605 1563 Erant,
634 1521 697 1569 qui
727 1519 919 1569 extemplo
939 1519 1105 1555 Romam
1134 1518 1299 1555 eundum
1327 1528 1458 1553 cense-

342 1589 450 1619 rent:
485 1583 608 1619 vicere
645 1583 828 1625 seniores,
859 1588 902 1618 ut
934 1582 1050 1630 legati
1079 1583 1182 1632 prius
1216 1582 1458 1618 mitterentur

345 1653 518 1696 questum
548 1645 704 1696 injurias
733 1645 1055 1695 postulatumque,
1086 1652 1129 1682 ut
1155 1658 1225 1696 pro
1247 1644 1335 1695 jure
1363 1655 1456 1692 gen·

129 1711 215 1743 Galli
225 1717 334 1751 postu·
345 1710 441 1745 tium
473 1709 617 1745 violato
652 1708 762 1745 Fabii
799 1709 1035 1746 dederentur.
1091 1706 1231 1758 L‘egati
1260 1707 1459 1744 Gallorum

128 1755 197 1837 ἓξὲξ
211 1754 309 1827 ἓξὲξ
347 1787 462 1824 quum
482 1786 540 1817 ea,
560 1774 658 1809 sicut
676 1779 784 1810 erant
802 1773 995 1816 mandata,
1017 1774 1294 1823 exposuissent,
1310 1771 1458 1808 senatui

129 1841 189 1871 sibi
205 1841 323 1871 dedan·
346 1850 416 1874 nec
434 1837 577 1874 factum
596 1836 771 1887 placebat
786 1836 1007 1880 Fabiorum,
1024 1843 1062 1873 et
1073 1836 1138 1887 jus
1159 1835 1351 1887 postulare
1370 1835 1458 1871 bar-

128 1889 191 1914 tffl'
347 1901 430 1937 bari
449 1900 696 1937 videbantur:
729 1901 808 1943 sed,
831 1913 880 1936 ne
908 1901 959 1944 id,
984 1901 1088 1950 quod
1115 1899 1302 1950 placebat,
1329 1899 1459 1935 decer·

346 1971 455 2000 neret
485 1966 525 2000 in
554 1971 671 2000 tantae
704 1964 916 2000 nobilitatis
943 1966 1046 2008 viris,
1076 1964 1234 2001 ambitio
1267 1962 1458 2000 obstabat.

346 2027 496 2076 Itaque,
516 2041 564 2064 ne
591 2041 705 2078 penes
733 2029 834 2078 ipsos
859 2028 970 2078 culpa
995 2035 1094 2064 esset
1113 2028 1227 2065 cladis
1247 2027 1346 2064 forte
1365 2026 1459 2063 Gal-

346 2091 421 2127 lico
450 2090 551 2128 bello
580 2098 759 2142 acceptae,
786 2093 1045 2140 cognitionem
1074 2092 1118 2128 de
1146 2091 1346 2141 postulatis
1366 2089 1459 2126 Gal-

347 2153 471 2190 lorum
499 2155 545 2190 ad
574 2154 759 2205 populum
788 2154 986 2204 rejiciunt:
1020 2155 1085 2191 ubi
1103 2161 1213 2191 tauto
1233 2154 1315 2204 plus
1335 2155 1460 2202 gratia

133 2235 281 2267 mudum.
350 2225 463 2266 atque
482 2230 572 2268 opes
592 2217 756 2261 valuere,
780 2224 835 2260 ut,
857 2231 1016 2266 quorum
1045 2218 1091 2254 de
1118 2231 1232 2268 poena
1261 2217 1457 2267 agebatur,

132 2287 245 2310 eorum
267 2287 339 2318 POS·
350 2281 494 2318 tribuni
518 2281 680 2318 militum
699 2282 888 2318 consulari
916 2289 1105 2332 potestate
1134 2283 1173 2319 in
1200 2284 1460 2331 insequentem

130 2321 257 2353 tulatio.

352 2358 494 2384 annum
522 2352 751 2384 crearentur.
807 2347 896 2386 Quo
927 2347 1045 2390 facto,
1075 2347 1176 2384 haud
1212 2359 1318 2384 secus
1347 2359 1459 2396 quam
