1573 2598
381 225 534 254 LIBER
557 224 675 254 V111.
709 224 815 252 CAP.
840 225 888 253 X.
1106 222 1188 266 547

77 312 186 362 pibus
203 327 208 347 :
243 319 280 349 et
299 313 432 356 triarii,
454 325 553 362 genu
574 313 707 349 dextro
723 313 851 355 innisi,
870 318 1004 349 nutum
1024 311 1188 348 consulis
1202 317 1244 347 U.
1257 315 1293 347 C.
1310 323 1386 347 415.

76 377 123 412 ad
144 377 446 425 consurgendum
465 376 749 426 exspectabant.
1200 360 1240 390 Λ·
1255 359 1291 390 C*
1310 365 1384 393 ³³7'

129 439 182 475 X.
212 440 446 476 Procedente
466 441 598 477 deinde
618 441 839 483 certamine,
861 452 975 489 quum
999 439 1081 475 aliis
1103 452 1190 490 par-

75 502 176 540 tibus
197 504 401 541 multitudo
429 511 621 555 superaret
640 505 882 547 Latinorum,
902 503 1071 540 BIanlius
1099 517 1190 539 con-

75 566 146 610 sul,
167 568 297 604 audito
315 575 451 604 eventu
471 568 641 617 collegae,
660 582 789 617 quum,
808 575 849 603 ut
862 567 926 617 jus
942 567 1075 616 fasque
1096 574 1189 611 erat,

76 628 238 667 lacrimis
257 643 336 668 non
357 633 479 668 minus
497 645 609 681 quam
625 632 797 668 laudibus
815 632 951 668 debitis
967 638 1190 681 prosecutus

75 698 154 729 tam
172 694 458 731 memorabilem
476 702 639 732 mortem
659 702 757 732 esset
770 712 780 741 5
814 695 1018 745 paullisper
1033 695 1193 731 addubi-

74 758 184 801 tavit,
206 771 253 794 an
274 759 526 807 consurgendi
540 759 622 809 jam
642 760 781 796 triariis
805 766 953 809 tempus
975 765 1095 795 esset:
1128 759 1192 794 de-

75 821 176 864 inde,
193 822 325 858 melius
343 829 445 858 ratus
465 824 635 871 integros
652 836 715 859 eos
737 824 782 859 ad
802 823 977 859 ultimum
992 823 1192 858 discrimen

77 886 230 929 servari,
252 899 430 923 accensos
458 886 505 923 ab
533 888 738 923 novissima
761 888 841 924 acie
861 893 949 923 ante
969 888 1078 935 signa
1104 899 1196 935 pro·

78 949 209 986 cedere
236 950 361 1000 jubet.
422 951 498 989 Qui
528 950 594 986 ubi
623 951 786 995 subiere,
825 951 1015 1001 extemplo
1043 950 1190 993 Latini,

77 1019 270 1062 tamquam
307 1013 406 1049 idem
444 1014 647 1050 adversarii
682 1014 876 1058 fecissent,
914 1015 1065 1050 triarios
1103 1026 1190 1050 suos

78 1078 361 1114 excitaverunt:
395 1078 460 1127 qui
479 1078 710 1127 aliquamdiu
729 1091 857 1128 pugna
878 1078 998 1115 atroci
1017 1091 1133 1127 quum
1155 1083 1194 1113 et

77 1149 196 1179 semet
219 1144 289 1193 ipsi
310 1143 557 1192 fatigassent,
577 1149 616 1179 et
643 1144 771 1179 hastas
802 1149 868 1179 aut
895 1143 1190 1193 praefregissent,

77 1213 143 1244 aut
161 1207 417 1251 hebetassent,
438 1207 622 1258 pellerent
641 1209 676 1244 vi
694 1214 822 1245 tamen
841 1209 1007 1249 hostem,
1028 1205 1192 1243 debella-

76 1277 158 1307 tum
181 1270 264 1321 jam
290 1272 376 1314 rati,
408 1277 703 1321 perventumque
733 1272 779 1308 ad
809 1277 1017 1308 extremam
1046 1271 1190 1314 aciem3

78 1341 160 1372 tum
189 1336 323 1372 consul
352 1337 506 1379 triariis,
531 1337 741 1384 Consurgite
758 1348 864 1378 nunc,
895 1335 1032 1383 inquit,
1063 1334 1196 1381 integri

76 1401 244 1436 adversus
262 1400 391 1450 fessos,
422 1413 590 1437 memores
613 1403 745 1450 patriai
760 1405 1020 1449 parentumque
1047 1403 1082 1434 et
1110 1410 1194 1434 con·

68 1463 201 1512 jugum
245 1478 288 1501 ac
326 1467 512 1502 libero-rum
524 1483 537 1510 ,-
574 1478 744 1502 memores
779 1465 932 1501 consulis
962 1476 1032 1512 pro
1075 1467 1193 1498 vestra
1222 1505 1228 1510 ,

76 1530 227 1565 victoria
262 1535 373 1565 morte
401 1530 645 1566 occumbentis.
688 1529 765 1566 Ubi
794 1528 915 1564 triarii
944 1538 1190 1563 consurrexe-
1204 1530 1353 1577 Vincunt

78 1599 167 1629 runt
186 1594 339 1642 integri,
361 1594 636 1643 refulgentibus
657 1594 784 1635 armis,
805 1605 905 1628 nova
924 1604 971 1629 ex
996 1591 1190 1641 inproviso
1203 1575 1360 1606 Romam*

79 1664 212 1693 exorta
237 1658 350 1700 acies,
371 1659 532 1708 receptis
562 1659 601 1693 in
621 1655 819 1693 intervalla
838 1655 1013 1691 ordinum
1042 1654 1194 1704 antepi-

77 1720 189 1763 lanis,
210 1721 374 1758 clamore
401 1722 552 1758 sublato
579 1722 766 1772 principia
786 1719 1014 1756 Latinorum
1045 1724 1193 1768 pertur-

77 1784 193 1821 bant:
225 1786 420 1834 hastisque
450 1798 517 1821 ora
541 1785 744 1828 fodientes,
774 1785 898 1834 primo
924 1782 1063 1819 robore
1091 1783 1199 1818 virm

78 1862 161 1885 rum
181 1861 292 1892 caeso,
312 1862 380 1899 per
395 1849 489 1885 alios
508 1849 737 1899 manipuIOS‚
757 1849 858 1885 velut
878 1849 1053 1889 inermes,
1074 1859 1193 1896 prope

77 1916 212 1951 intacti
232 1927 381 1951 evasere
395 1931 406 1959 3
437 1920 619 1963 tantaque
639 1915 740 1951 caede
759 1925 960 1964 perrupere
979 1924 1137 1954 cuneos,
1151 1917 1193 1948 ut

77 1979 141 2015 vix
160 1986 330 2028 quartam
351 1985 498 2028 partem
518 1978 775 2027 relinquerent
792 1978 973 2014 hostium.
1004 1976 1192 2012 Samnites

77 2056 242 2092 quoque,
263 2043 331 2078 sub
352 2042 539 2079 radicibus
566 2043 706 2079 montis
727 2041 859 2092 procul
887 2041 1076 2083 instructi,
1097 2052 1193 2089 prae-

75 2107 192 2142 buere
211 2113 394 2142 terrorem
413 2106 574 2143 Latinis.
619 2106 797 2142 Ceterum
826 2107 925 2141 inter
944 2116 1075 2140 omnes
1095 2104 1194 2138 cives

80 2172 278 2219 socios'que
309 2172 499 2221 praecipua
532 2171 612 2207 laus
646 2170 725 2220 ejus
755 2170 844 2207 belli
876 2182 990 2220 penes
1021 2166 1194 2204 consules

80 2234 175 2270 fuit:
208 2247 368 2282 quorum
405 2235 500 2271 alter
536 2248 666 2271 omnes
704 2235 825 2271 minas
867 2231 1109 2284 periculaque
1147 2231 1198 2267 ab

83 2298 168 2335 Diis
199 2299 341 2347 superis
371 2298 576 2348 inferisque
605 2300 644 2335 i'n
664 2312 704 2336 se
724 2312 841 2335 unum
870 2297 1005 2333 vertit:
1038 2295 1132 2331 alter
1151 2307 1198 2331 ea

82 2362 221 2401 virtute
250 2374 370 2413 eoque
391 2363 550 2401 consilio
570 2365 608 2400 in
638 2363 774 2415 proelio
795 2363 881 2405 fuit,
902 2368 944 2399 ut
962 2359 1072 2398 facile
1102 2371 1194 2396 con·-
