1573 2598
336 206 420 247 204
759 209 805 239 ¹1¹.
830 211 963 240 mvn

119 306 163 338 U·
181 307 216 340 c,
233 315 304 343 295⁴
321 293 440 342 ferat,
469 295 640 331 incertum
666 305 760 343 esse:
793 302 926 344 puncto
959 309 1051 346 saepe
1079 300 1244 348 temporis
1268 301 1444 338 maxima-

119 351 160 383 Α.
175 351 212 384 C.
228 359 300 385 456.

116 1273 315 1307 circumval-

116 1317 160 1350 lat
174 1320 310 1362 AEquos.

330 370 411 395 rum
428 371 544 396 rerum
571 363 749 397 momenta
766 363 867 398 verti.
922 362 1098 398 Aclcelera
1120 363 1281 412 signifer,
1306 377 1446 413 sequere

329 424 444 466 miles,
479 424 578 459 inter
609 435 648 459 se
679 437 842 473 quoque,
873 425 1128 475 gratificantes
1161 427 1333 472 ducibus,
1366 428 1446 466 cla-

329 486 498 525 mabant,
553 487 685 525 Media
708 496 821 527 nocte
845 491 885 527 in
902 490 1084 540 Algidum
1112 492 1358 542 perveniunt:
1391 499 1444 536 et,

329 557 374 589 ut
402 563 566 595 sensere,
599 564 640 589 se
660 551 744 603 jam
775 565 893 606 prope
921 555 1051 592 hostes
1085 567 1180 600 esse,
1211 556 1320 605 signa
1352 569 1445 594 con-

329 615 506 652 stituunt.

385 679 582 718 XXVIII.
619 680 680 718 Ibi
715 682 891 727 dictator,
921 690 1104 733 quantum
1132 690 1246 722 nocte
1278 684 1445 735 prospici

330 750 495 796 poterat,
528 758 626 795 equo
659 746 944 792 circumvectus,
981 748 1347 799 contemplatusque,
1381 749 1446 799 qui

330 814 473 846 tractus
494 817 717 853 castrorum,
739 824 895 861 quaeque
913 812 1038 849 forma
1056 820 1168 856 esset,
1187 813 1350 849 tribunis
1372 814 1444 850 mi-

329 872 441 910 litum
477 875 687 923 imperavit,
718 882 760 911 ut
795 877 960 914 sarcinas
991 878 1030 914 in
1064 891 1181 914 unum
1211 876 1349 928 conjici
1378 876 1446 927 ju-

328 936 460 981 beant,
490 937 649 974 militem
678 952 763 975 cum
792 941 904 976 armis
924 940 1098 989 valloque
1126 941 1246 977 redire
1275 942 1314 977 in
1343 941 1446 978 ordi-

328 1013 395 1038 nes
414 1014 503 1038 suos
521 1016 529 1037 z
559 1001 676 1045 facta,
697 1015 780 1052 quae
799 1003 1009 1054 imperavit.
1065 1004 1179 1049 Tum,
1201 1017 1276 1053 quo
1294 1004 1447 1041 fuerant

330 1065 462 1111 ordine
487 1066 525 1102 in
544 1066 618 1109 via,
643 1067 850 1103 exercitum
872 1080 1022 1103 omnem
1048 1067 1167 1116 longo
1195 1060 1347 1116 agmine
1372 1069 1446 1105 cir-

330 1129 483 1166 cumdat
502 1130 672 1167 hostium
701 1132 848 1176 castris,
874 1138 926 1175 et,
950 1131 1015 1168 ubi
1043 1133 1194 1180 signum
1222 1132 1352 1168 datum
1380 1133 1445 1177 sit,

330 1193 534 1232 clamorem
571 1207 702 1232 omnes
736 1195 871 1232 tollere
900 1195 1037 1246 jubet:
1078 1196 1241 1233 clamore
1278 1196 1445 1241 sublato,

330 1264 419 1296 ante
447 1272 487 1296 se
515 1272 701 1309 quemque
730 1260 865 1296 ducere
893 1260 1049 1303 fossam,
1079 1266 1117 1296 et
1137 1259 1267 1310 jacere
1293 1260 1445 1299 vallum.

329 1323 448 1361 Edito
466 1325 640 1375 imperio,
660 1325 811 1373 signum
831 1331 1003 1361 secutum
1022 1331 1101 1361 est:
1126 1325 1236 1375 jussa
1255 1325 1360 1361 miles
1381 1338 1446 1363 ex-

330 1387 513 1438 sequitur,
534 1388 677 1426 clamor
697 1389 827 1426 hostes
847 1389 1112 1425 circumsonat.
1170 1389 1331 1438 Superat
1359 1389 1446 1426 inde

330 1459 453 1490 castra
490 1454 672 1497 hostium,
703 1460 740 1490 et
770 1455 808 1489 in
838 1461 961 1490 castra
989 1452 1155 1489 consulis
1183 1454 1314 1490 venit:
1354 1453 1445 1490 alibi

292 1510 295 1511 ⁷
329 1529 523 1567 pavorem,
549 1517 638 1553 alibi
666 1517 845 1565 gaudium
875 1517 1007 1565 ingens
1030 1516 1134 1552 facit.
1190 1516 1372 1560 Romani,
1392 1519 1444 1554 ci-

326 1582 434 1620 viIem
460 1594 530 1618 esse
553 1582 756 1625 clamorem,
783 1587 890 1630 atque
915 1582 1090 1618 auxilium
1118 1582 1250 1625 adesse,
1279 1583 1379 1618 inter
1407 1594 1447 1618 se

329 1645 578 1694 gratulantes,
599 1646 699 1682 ultro
719 1658 765 1682 ex
787 1644 1015 1682 stationibus
1042 1657 1086 1681 ac
1104 1644 1242 1694 vigiliis
1268 1647 1444 1683 territant

325 1710 490 1748 hostem.
548 1710 693 1747 Consul
729 1709 975 1746 differendum
1010 1715 1152 1758 negat:
1189 1710 1257 1746 Illo
1292 1710 1446 1749 clamore

328 1788 400 1813 non
435 1777 625 1813 adventum
652 1777 759 1813 modo
784 1775 992 1824 signficari,
1020 1776 1083 1811 sed
1108 1786 1183 1810 rem
1210 1774 1255 1811 ab
1279 1777 1351 1811 suis
1378 1787 1446 1812 coe·

321 1845 427 1889 ptam
439 1856 451 1876 :
479 1842 676 1888 mirumque
695 1852 776 1882 esse,
793 1841 832 1875 ni
840 1838 921 1887 jam
940 1841 1110 1875 exteriore
1122 1843 1230 1887 parte
1246 1843 1363 1875 castra
1381 1839 1444 1876 ho-

326 1906 438 1942 atium
467 1905 721 1953 obpugnentur.
779 1905 907 1952 Itaque
934 1916 1037 1940 arma
1065 1915 1145 1939 suos
1173 1914 1312 1950 capere,
1344 1907 1380 1940 et
1409 1915 1446 1939 se

328 1969 486 2016 subsequi
507 1967 652 2017 jubet„
687 1968 815 2004 Nocte
844 1968 979 2004 initum
1007 1966 1184 2017 proelium
1209 1973 1266 2003 est
1298 1979 1321 2002 a
1347 1966 1442 2015 legi·

330 2031 466 2070 onibus
489 2047 496 2067 ε
537 2032 712 2068 dictatori
742 2032 906 2068 clamore
939 2031 1169 2080 significant,
1197 2030 1246 2067 ab
1275 2043 1319 2067 ea
1347 2043 1443 2080 quo-

331 2109 404 2147 que
428 2102 536 2147 parte
554 2108 633 2132 rem
655 2097 694 2132 in
713 2096 928 2132 discrimine
946 2107 1037 2132 esse.
1094 2094 1183 2131 Jam
1211 2107 1250 2131 se
1279 2095 1326 2131 ad
1353 2107 1443 2144 pro-

329 2160 497 2198 hibenda
532 2159 754 2197 circumdari
786 2172 902 2209 opera
930 2158 1047 2209 AEqui
1082 2159 1284 2209 parabant,
1311 2172 1442 2208 quum,

330 2224 379 2262 ab
407 2225 586 2261 interiore
614 2224 725 2260 hoste
755 2223 890 2273 proelio
915 2231 1058 2273 coepto,
1077 2234 1125 2259 ne
1147 2235 1214 2272 per
1232 2222 1356 2258 media
1373 2233 1442 2260 sua

329 2296 454 2326 castra
481 2289 585 2326 fieret
615 2289 777 2338 eruptio,
808 2300 830 2325 a
856 2287 1114 2324 munientibus
1148 2287 1195 2323 ad
1229 2282 1441 2337 pugnantes

328 2353 536 2390 introrsum
553 2353 665 2398 versi,
684 2364 842 2391 vacuam
863 2357 1016 2390 noctem
1034 2351 1138 2403 operi
1154 2351 1316 2390 dedere:
1345 2361 1442 2402 pug-
