1573 2598
416 225 572 256 LIBER
595 226 666 256 V1.
697 225 804 256 οΑΡ.
827 224 931 254 xm.
1140 210 1223 265 465

114 321 180 352 nat
198 315 289 352 nihil
304 313 420 365 fero,·
450 317 527 365 quis
544 321 712 358 vestrum,
735 315 905 356 Quirites,
919 311 1076 362 ferret?
1106 311 1222 347 Num·
1237 310 1418 366 U·C.³s{.

114 389 267 429 quamne
299 391 361 416 vos
387 391 443 416 res
473 381 607 428 potius,
637 391 745 428 quam
781 382 956 419 auctores,
991 375 1192 424 spectabitis
1205 357 1275 411 ΡΑ·
1292 356 1330 388 C·
1345 359 1420 387 ³⁶³⁹

112 444 175 480 sed
196 444 317 479 omnia
333 455 483 491 semper,
504 456 581 491 quae
598 444 828 491 magistratus
854 442 915 477 ille
941 441 1048 483 dicet,
1066 440 1227 476 secundis

114 507 270 549 auribus,
301 520 378 556 quae
405 508 449 544 ab
474 513 634 544 nostrum
659 519 727 555 quo
752 508 926 548 dicentur,
950 505 1107 541 adversis
1131 505 1227 541 acci-

112 572 221 619 pietis
236 572 258 605 ,Ρ
297 572 349 607 At
376 571 517 608 hercule
539 583 652 607 sermo
673 576 724 607 est
743 572 888 606 minime
907 570 1033 605 civilis.
1092 568 1188 610 Quid
1203 570 1225 604 ,ι’

116 634 274 682 Rogatio
294 635 410 682 qualis
428 639 491 676 est,
509 647 614 682 quam
635 647 658 670 a
677 634 771 670 vobis
789 635 1016 682 antiquatam
1034 633 1227 680 indignan-

117 703 176 736 tur
192 700 410 740 ,ι’ἐενηιονιὶ,
443 699 613 741 Quirites,
633 700 827 735 simillima.
887 698 1066 740 Consules,
1095 699 1227 746 inquit,

114 774 214 810 rogo,
244 774 288 798 ne
310 763 418 804 vobis,
449 775 533 811 quos
559 764 688 804 velitis,
705 762 838 811 facere
860 762 978 798 liceat.
1033 763 1093 798 An
1120 762 1229 798 aliter

113 831 232 873 rogat,
253 829 314 875 qui
332 828 456 875 utique
473 828 628 863 alterum
646 839 688 863 ex
702 827 803 875 plebe
807 827 896 875 fleri
915 825 1095 862 consulem
1100 823 1204 871 jubet
1214 841 1229 870 ‚-

115 902 179 926 nec
195 890 282 926 duos
302 892 477 938 patricios
496 892 639 927 creandi
660 895 873 938 potestatem
892 889 988 926 vobis·
1007 890 1227 937 permittit?

119 953 160 990 Si
188 954 292 989 hodie
319 955 412 990 bella
435 956 519 997 sint,
547 956 653 1003 quale
676 955 875 991 Etruscum
887 953 982 1003 fuit,
1007 966 1115 1001 quum
1135 953 1228 989 Por-

117 1030 201 1054 sena
228 1019 437 1055 Janiculum
459 1021 588 1055 insedit
598 1037 619 1063 ,-.-
641 1020 745 1068 quale
775 1019 954 1054 Gallicum
979 1019 1099 1060 modo,
1121 1030 1236 1067 quum·

114 1087 249 1130 proeter
283 1082 506 1130 Capitolium
541 1088 649 1130 atque
682 1095 799 1119 arcem
828 1083 949 1118 omnia
977 1081 1050 1118 haec
1077 1081 1234 1118 hostium

120 1151 236 1188 erant,
258 1151 293 1181 et
312 1147 533 1182 consulatum
553 1159 632 1182 cum
651 1145 716 1182 hoc
734 1146 789 1182 M.
807 1146 913 1181 Furio
932 1150 969 1182 et
985 1145 1141 1193 quolibet
1159 1146 1233 1182 alio

120 1221 163 1245 eoe
192 1209 362 1245 Patribus
387 1210 430 1245 L.
458 1211 519 1245 ille
546 1210 687 1246 Sextius
710 1214 851 1258 peteret
864 1226 876 1252 ,-
902 1211 1094 1257 possetisne
1111 1208 1241 1259 serre,

121 1272 283 1309 Sextium
312 1273 410 1309 haud
433 1286 502 1321 pro
531 1274 635 1310 dubio
660 1275 842 1310 consulem
864 1285 947 1316 esse,
974 1273 1173 1310 Camillum·
1190 1275 1244 1310 dev

119 1339 265 1385 repulsa
291 1339 461 1374 dimicare
478 1340 500 1373 ?
544 1339 706 1375 Hoccine
734 1343 785 1374 est
810 1340 850 1375 in
877 1351 1059 1375 commune
1086 1338 1242 1375 honores*

121 1412 260 1444 vocare,
280 1406 322 1437 ut
339 1402 431 1437 duos
452 1402 609 1450 piebeios
623 1403 712 1451 fieri
731 1403 887 1438 consules
906 1403 1025 1444 liceat,
1050 1403 1138 1438 duos
1163 1415 1241 1451 pa·-

122 1466 239 1501 tricios
266 1477 337 1501 non
366 1467 502 1502 liceat.9
535 1471 571 1502 et
596 1467 752 1503 alterum
774 1479 817 1502 ea:
839 1467 943 1514 plebe
967 1469 1082 1502 creari
1100 1479 1235 1503 necesse

119 1531 179 1572 sit,
199 1535 388 1578 utrumque
410 1542 452 1566 ex
471 1531 643 1567 Patribus
667 1533 855 1579 praeterire
881 1532 1027 1568 liceat?
1060 1531 1241 1572 Quaenam‘

121 1594 190 1630 ista
217 1596 377 1637 societas,
408 1607 571 1642 quamam
599 1598 773 1632 consortio
801 1597 889 1632 est?
928 1596 1069 1632 Parum
1092 1602 1158 1639 est,
1186 1598 1231 1640 si,

122 1655 222 1704 cujus
243 1670 331 1706 pars
350 1662 413 1694 tua
431 1659 534 1694 nulla
553 1659 673 1695 adhuc
689 1658 785 1707 suit,
812 1661 850 1695 in
869 1664 1018 1707 partem
1033 1658 1240 1705 ejusvenis,¹

120 1723 190 1757 nisi
212 1726 356 1769 partem
379 1723 534 1770 petendo
565 1727 679 1759 totum
708 1725 893 1759 traxeris?
938 1725 1073 1766 Timeo,
1103 1726 1232 1772 inquit,

122 1797 179 1828 ne,
208 1787 240 1822 si
271 1787 359 1822 duos
393 1787 510 1823 licebit
538 1789 652 1824 creari
682 1790 869 1836 patricios,
904 1790 1082 1824 neminem?
1109 1789 1242 1824 creetis-

117 1849 304 1899 plebeium.
363 1850 461 1890 Quid
484 1855 536 1886 est
561 1852 677 1887 dicere
695 1852 810 1894 aliud,
832 1852 916 1899 quia
933 1852 1098 1899 indignos
1115 1857 1234 1888 vestra

122 1913 308 1949 voluntate
325 1915 482 1950 creaturi
499 1926 568 1950 non
587 1916 681 1957 estis,
701 1916 941 1951 necessitatem
958 1915 1054 1951 vobis
1071 1917 1241 1959 creandi,

124 1989 208 2026 quos
234 1988 305 2013 non
332 1978 453 2020 vultis,
484 1979 651 2026 inponam
667 1981 699 2014 ,θ-
723 1980 818 2021 Quid
834 1981 1006 2028 sequitur,
1032 1981 1102 2016 nisi
1124 1985 1167 2017 ut
1189 1992 1234 2017 ne

121 2041 323 2090 beneficium
351 2043 494 2090 quidem
524 2043 649 2079 debeat
670 2045 820 2092 populo,
846 2045 877 2079 si
900 2056 981 2080 cum
1006 2045 1140 2081 duobus
1165 2057 1244 2093 pa·-

122 2106 234 2141 triciis
251 2117 341 2142 unus
363 2108 513 2154 petierit
534 2107 706 2156 plebeius,
733 2113 770 2144 et
795 2108 870 2156 lege
891 2120 940 2152 se,
961 2121 1030 2145 non
1046 2110 1243 2158 suffragio,

122 2172 281 2220 creatum
300 2170 430 2206 dicat?

175 2231 286 2269 XLI.
317 2233 502 2276 Quomodo
530 2240 777 2284 eoetorqueant,
805 2248 876 2272 non
905 2237 1081 2284 quomodo
1103 2241 1239 2285 petant-

124 2294 286 2338 honores,
316 2302 479 2344 quaerunt
493 2314 506 2336 .·
537 2304 573 2335 et
601 2300 656 2335 ita
684 2301 843 2336 maxima
872 2304 955 2337 sunt
982 2300 1162 2349 adepturi,
1191 2306 1235 2338 ut

120 2357 215 2396 nihil
240 2370 284 2397 ne
304 2372 376 2410 pro
399 2363 558 2400 minimis
576 2363 720 2413 quidem
740 2363 890 2402 debeant
901 2380 915 2412 ,-
943 2368 980 2402 et
997 2365 1234 2402 occasionibus

636 2424 677 2463 X
696 2425 719 2464 5
