1573 2598
440 203 593 232 mnan
620 202 704 230 111.
738 201 844 230 eAP.
868 200 939 229 vi.
1173 194 1248 240 177

127 294 270 336 butius,
309 293 352 330 P.
383 291 560 329 Servilius
598 288 782 326 Kalendis
821 285 1040 330 Sextilibus,
1079 292 1122 322 ut
1157 293 1248 322 tunc
1263 284 1452 317 U.C.291.

128 359 355 409 principium
375 358 465 394 anni
485 355 683 404 agebatur,
704 352 944 390 consulatum
963 352 1107 389 ineunt.
1151 350 1246 387 Gra·
1260 330 1302 359 A'
1318 328 1355 359 C'
1372 332 1448 359 46¹⁶

130 435 175 459 ve
200 429 349 472 tempus
377 429 414 458 et
439 421 541 457 forte
567 431 687 456 annus
718 416 896 468 pestilens
917 422 997 453 erat
1016 415 1101 452 urbi
1129 416 1248 464 agris-

129 500 216 537 que,
237 499 307 523 nec
331 484 548 521 hominibus
574 484 709 532 magiS,
730 494 843 531 quam
868 482 995 532 pecori
1012 497 1027 527 5
1055 486 1093 517 et
1112 493 1249 517 auxere

130 550 205 587 vim
232 549 368 592 morbi,
398 555 542 585 terrore
571 546 828 598 populationis
847 545 1063 596 pecoribus
1089 545 1247 594 agresti-

129 614 275 663 busque
297 615 337 649 in
362 612 494 648 urbem
520 610 698 662 acceptis,
754 609 814 646 Ea
838 609 1017 646 conluvio
1041 610 1246 646 mixtorum
1260 608 1358 638 Pestis

131 678 253 713 omnis
283 677 429 725 generis
459 676 710 711 animantium
739 680 777 710 et
804 673 921 710 odore
950 671 1105 709 insolito
1135 672 1246 709 urba·
1261 652 1384 683 Romae.

129 754 214 785 nos,
235 747 273 777 et
299 747 500 789 agrestem,
527 739 742 776 confertum
771 739 811 775 in
838 744 921 774 arta
949 744 1064 781 tecta,
1085 743 1180 774 aestu
1204 749 1249 774 ac

129 805 266 854 vigiliis
293 805 470 854 angebat,
492 804 775 852 ministeriaque
801 803 840 839 in
859 804 979 838 vicem
1005 815 1048 838 ac
1067 803 1253 850 contagio.

129 871 211 920 ipsa
239 870 445 919 vulgabant
478 869 643 906 morbos.
700 869 777 905 Vix
809 869 994 904 instantes
1026 868 1249 903 sustinenti-

129 937 199 972 bus
220 935 342 972 clades
362 941 518 985 rcpente
543 934 662 983 legati
679 933 840 970 Hernici
868 933 1066 975 nunciant,
1087 933 1127 967 in
1155 944 1248 980 agro

131 1013 199 1036 suo
220 999 367 1048 iEquos
387 998 625 1048 Volscosque
649 997 864 1048 conjunctis
884 997 1004 1047 copiis
1030 1002 1154 1032 castra
1178 1009 1248 1046 po·
1262 999 1409 1048 AEquihet

130 1065 274 1100 suisse:
307 1064 393 1100 inde
419 1063 586 1099 exercitu
611 1063 759 1112 ingenti
784 1062 876 1097 fines
903 1074 990 1098 suos
1017 1043 1466 1118 depopularLLOIKSLP‘ae'

130 1129 387 1178 Praeterquam
419 1128 521 1177 quod
557 1128 774 1176 infrequens
810 1132 962 1162 senatus
999 1126 1140 1163 indicio
1169 1135 1250 1165 erat

130 1196 256 1237 sociis,
278 1194 469 1230 adflictam
492 1195 684 1230 civitatem
714 1193 931 1244 pestilentia
957 1206 1051 1237 esse,
1072 1202 1252 1232 moestum

130 1259 246 1295 etiam
274 1270 497 1307 responsum
526 1257 675 1294 tulere:
704 1263 745 1294 ut
765 1270 832 1306 per
855 1271 891 1294 se
915 1260 981 1306 ipsi
1000 1259 1147 1296 Hernici
1173 1273 1253 1296 cum

130 1325 271 1360 Latinis
294 1335 348 1359 res
374 1335 456 1358 suas
485 1327 699 1359 tutarentur.
763 1323 890 1359 Urbem
910 1322 1112 1360 Romanam
1136 1325 1252 1362 subita

129 1390 248 1425 Deum
274 1390 329 1423 ira
355 1387 472 1423 morbo
492 1388 675 1435 populari.
733 1388 775 1424 Si
794 1401 864 1436 qua
883 1387 956 1435 ejus
973 1390 1061 1425 mali
1080 1391 1175 1438 quies
1192 1402 1250 1426 ve-

127 1456 218 1495 niat,
247 1458 288 1488 ut
310 1464 402 1488 armo
427 1457 520 1494 ante,
543 1457 584 1487 ut
610 1464 745 1500 semper
773 1454 877 1495 alias,
898 1455 1000 1490 sociis
1024 1466 1125 1502 opem
1153 1455 1249 1492 latu-

126 1530 194 1554 ros.
250 1516 468 1552 Discessere
497 1517 605 1559 socii,
635 1529 707 1565 pro
737 1517 838 1553 tristi
867 1519 1009 1554 nuncio
1041 1519 1250 1557 tristiorem

127 1581 282 1617 domum
306 1580 509 1616 referentes
527 1595 537 1624 3
571 1580 710 1630 quippe
736 1581 872 1630 quibus
901 1595 968 1633 per
992 1595 1041 1619 se-
1058 1584 1253 1621 sustinem

127 1645 216 1680 dum
251 1643 393 1680 bellum
427 1650 521 1687 erat,
551 1644 653 1692 quod
681 1645 744 1681 vix
772 1644 959 1683 Romanis
988 1646 1075 1683 fulti
1103 1648 1244 1686 viribus

125 1709 403 1744 sustinuissent.
459 1707 558 1744 Non
590 1708 729 1744 diutius
767 1722 806 1746 se
842 1711 881 1745 in
915 1710 1087 1748 Hernico
1121 1713 1242 1750 hostis

126 1772 339 1809 continuit:
373 1771 498 1820 pergit
521 1771 609 1807 inde
634 1771 793 1808 infestus
823 1774 863 1810 in
891 1787 1002 1823 agros
1028 1775 1250 1822 Romanos,

125 1838 239 1873 etiam
259 1837 340 1872 sine
358 1835 448 1872 belli
467 1835 607 1886 injuria
626 1843 807 1874 vastatos,
866 1838 943 1875 Ubi
968 1852 1089 1888 quum·
1108 1841 1241 1879 obvius

121 1914 249 1944 nemo,
288 1913 335 1936 ne
371 1900 524 1936 inermis
561 1900 725 1949 quidem,
764 1901 883 1946 fieret,
921 1916 1060 1952 perque
1097 1907 1239 1950 omnia,

121 1978 200 2002 non
229 1964 411 2014 praesidiis
440 1965 555 2001 modo
584 1965 745 2008 deserta,
767 1967 832 2002 sed
860 1967 982 2003 etiam
1001 1969 1102 2005 cultu
1130 1983 1239 2019 agre·

120 2030 183 2072 sti,
215 2029 445 2074 transirent3
478 2041 681 2078 pervenere
710 2030 755 2066 ad
785 2031 939 2067 tertium
967 2032 1130 2083 lapidem
1159 2035 1237 2072 Ga-

119 2093 211 2130 bina
229 2093 300 2130 via.
355 2093 534 2130 Mortuus
555 2093 736 2130 AEbutius
759 2102 838 2131 erat
858 2095 1056 2134 Romanus
1077 2099 1232 2135 consul·

121 2159 268 2208 collega
291 2159 371 2210 ejus
402 2160 580 2196 Servilius
614 2161 754 2209 exigua·
783 2163 828 2198 in·
851 2175 916 2212 spe
945 2164 1121 2201 trahebat
1152 2168 1235 2202 ani-

121 2236 246 2260 mam:
287 2224 425 2260 adfecti
461 2224 630 2274 plerique
665 2227 892 2276 principum,
926 2228 1083 2265 Patrum
1113 2230 1235 2279 major

117 2301 219 2338 pars,
236 2287 424 2325 'militaris
453 2288 533 2326 fere
567 2296 656 2326 aetas
686 2292 832 2327 omnis:
865 2299 907 2329 ut
935 2306 1014 2330 non
1040 2296 1153 2332 modo
1187 2297 1234 2333 ad

118 2352 391 2402 expeditiones,
421 2366 512 2404 quas
541 2355 581 2391 in
610 2361 719 2392 tanto
749 2357 914 2394 tumultu
943 2371 1001 2395 res
1035 2360 1231 2409 poscebat,

589 2418 702 2470 ¹15
