1573 2598
96 632 245 664 Lucretia

96 677 271 716 praefertur.

96 1077 133 1112 Ei
149 1081 216 1111 vim
233 1082 283 1113 in-

96 1126 154 1154 fert
169 1126 248 1155 Tar-

91 1169 235 1207 quinius.

316 155 372 201 80
767 172 812 202 r.
837 172 973 203 mvn

314 270 406 296 nes:
447 258 570 297 citatis
608 259 712 310 equis
749 261 901 299 avolant
935 262 1113 301 Romam.
1167 265 1257 305 Quo
1292 280 1421 317 quum,

314 321 443 370 primis
470 334 509 359 se
536 323 816 362 intendentibus
839 326 1018 371 tenebris,
1042 327 1312 378 pervenissent,
1338 343 1424 381 per-

314 392 411 432 gunt
435 386 520 422 inde
541 386 766 424 Collatiam:
797 387 863 425 ubi
882 388 1114 434 Lucretiam,
1134 390 1423 441 haudquaquam

315 458 357 488 ut
393 453 513 501 regias
552 466 681 497 nuruS,
719 465 809 502 quas
846 454 885 491 in
921 455 1095 492 convivio
1132 454 1299 505 luxuque
1338 469 1423 493 cnm

315 515 520 565 aequalibus
544 517 711 553 viderant
737 524 883 568 tempus
913 525 1091 563 terentes,
1112 519 1177 556 sed
1199 526 1317 556 *nocte
1341 531 1425 555 sera

313 578 476 617 deditam
512 580 608 616 lanae
644 581 743 617 inter
779 580 1019 618 lucubrantes
1049 581 1203 619 ancillas
1232 583 1271 619 in
1299 582 1426 619 medio

314 643 447 679 aedium
483 643 676 680 sedentem
712 644 920 682 inveniunt.
975 645 1175 682 Muliebris
1205 644 1424 682 certaminis

311 708 392 745 laus
422 720 536 758 penes
568 707 788 746 Lucretiam
816 709 915 746 fuit:
947 710 1146 747 adveniens
1175 711 1232 747 vir
1261 711 1428 761 Tarqui·

312 775 440 824 niique
467 774 613 824 excepti
637 773 826 823 benigne:
859 775 981 812 victor
1001 777 1156 813 maritus
1183 776 1341 813 comiter
1364 777 1427 814 in·

310 838 408 874 vitat
443 837 567 886 regios
597 835 770 886 juvenes.
826 837 887 874 Ibi
924 839 1010 875 Sex.
1039 839 1288 888 Tarquinium
1323 838 1424 875 mala

310 899 428 936 libido
446 899 634 937 Lucretiae
656 913 723 950 per
740 900 815 936 vim
841 902 1053 951 stuprandae
1080 903 1206 952 capit:
1237 907 1318 936 tum
1343 900 1429 937 for-

309 977 386 1008 ma,
407 970 488 1001 tum
511 971 681 1016 spectata
706 967 858 1002 castitas
885 967 1031 1004 incitat.
1085 967 1138 1003 Et
1165 974 1247 1003 tum
1273 967 1423 1017 quidem

311 1029 359 1065 ab
378 1035 568 1065 nocturno
581 1028 741 1079 juvenili
761 1030 849 1068 ludo
868 1031 908 1066 in
927 1038 1051 1067 castra
1069 1031 1237 1067 redeunt.

363 1092 514 1129 LVIII.
549 1093 685 1130 Paucis
722 1093 930 1144 interjectis
967 1093 1112 1137 diebus,
1146 1094 1232 1131 Sex.
1261 1093 1424 1143 Tarqui-

310 1157 560 1208 nium-inscio
591 1156 798 1201 Collatino,
829 1171 913 1194 cum
946 1159 1086 1196 comite
1114 1171 1191 1195 uno
1220 1158 1423 1196 Collatiam

309 1222 438 1259 venit:
479 1220 544 1257 ubi
580 1227 759 1272 exceptus
795 1221 960 1270 benigne
995 1220 1043 1257 ab
1078 1221 1220 1269 ignaris
1258 1222 1421 1265 consilii,

308 1297 425 1335 quum
452 1291 541 1335 post
559 1298 708 1321 coenam
732 1285 772 1321 in
800 1284 988 1335 hospitale
1008 1284 1221 1321 cubiculum
1240 1284 1422 1322 deductus

308 1356 422 1395 esset,
445 1363 574 1387 amore
600 1350 748 1392 ardens,
771 1355 973 1400 postquam
995 1349 1084 1385 satis
1112 1354 1197 1385 tuta
1225 1350 1338 1394 circa,
1359 1362 1424 1386 so-

308 1415 453 1467 pitique
468 1427 598 1451 omnes
614 1414 852 1458 videbantur,
873 1414 1005 1450 stricto
1025 1413 1151 1462 gladio
1167 1413 1215 1450 ad
1233 1413 1424 1451 dormien-

309 1486 388 1516 tem
400 1479 620 1516 Lucretiam
635 1478 752 1521 venit,
773 1478 998 1527 sinistraque
1016 1490 1130 1514 manu
1149 1477 1314 1515 mulieris
1333 1491 1423 1529 pec-

307 1550 392 1581 tore
411 1543 607 1594 obpresso,
634 1545 726 1580 Tace
743 1544 926 1585 Lucretia,
946 1542 1083 1592 inquit,
1104 1543 1186 1579 Sex.
1211 1544 1424 1592 Tarqxinius

305 1621 384 1646 sum
395 1626 408 1654 ,-
426 1609 572 1659 serrum
594 1611 630 1644 in
650 1621 759 1645 manu
785 1613 836 1644 est
851 1624 862 1645 :
889 1609 1050 1650 moriere,
1069 1609 1099 1644 si
1119 1608 1272 1643 emiseris
1292 1619 1422 1644 vocem.

307 1671 436 1711 Quum
459 1672 594 1723 pavida
612 1685 657 1708 ex
680 1684 815 1707 somno
839 1670 973 1707 mulier
994 1669 1138 1706 nullam
1159 1682 1284 1720 opem,
1305 1682 1423 1720 prope

306 1741 471 1773 mortem
499 1736 762 1779 inminentem,
791 1735 933 1772 videret
948 1751 959 1781 3
997 1741 1079 1771 tum
1107 1734 1336 1784 Tarquinius
1364 1734 1422 1770 fa-

306 1801 380 1838 teri
405 1813 586 1844 amorem,
608 1813 730 1843 orare,
750 1800 907 1836 miscere
929 1799 1102 1850 precibus
1122 1799 1257 1842 minas,
1276 1810 1423 1836 versare

306 1865 347 1901 in
377 1876 508 1900 omnes
533 1869 660 1914 partes
685 1862 908 1900 muliebrem
936 1863 1125 1899 animum:
1157 1861 1221 1899 ubi
1251 1861 1422 1898 obstina-

307 1931 387 1963 tam
415 1926 580 1968 videbat,
614 1931 653 1962 et
676 1938 726 1962 ne
752 1926 885 1962 mortis
916 1926 1066 1975 quidem
1098 1932 1201 1961 metu
1232 1921 1420 1966 inclinari,

309 1988 412 2027 addit
439 1988 488 2025 ad
515 1994 659 2025 metum
687 1988 844 2025 dedecus
868 2003 875 2024 :
917 2001 1001 2025 cum
1029 1993 1181 2024 mortua
1201 1984 1421 2036 jugulatum
1475 1989 1478 1993 '

309 2067 458 2093 servum
484 2055 628 2091 nudum
656 2054 881 2105 positurum,
907 2055 973 2097 ait,
1001 2059 1044 2090 ut
1072 2054 1110 2089 in
1139 2052 1290 2088 sordido
1315 2050 1422 2087 adul-

307 2121 406 2157 terio
422 2125 557 2157 necata
571 2119 727 2156 dicatur.
747 2119 836 2158 Quo
850 2127 993 2155 terrore
1009 2130 1124 2168 quum
1138 2117 1287 2154 vicisset
1302 2115 1423 2152 obsti·-

307 2189 438 2219 natam
464 2181 683 2234 pudicitiam
703 2180 805 2217 velut
832 2180 967 2217 victrix
995 2179 1126 2223 libido,
1155 2179 1423 2231 profectusque

307 2246 394 2282 inde
417 2245 661 2295 TarquiniuS‚
691 2244 799 2281 ferox
827 2250 1044 2295 expugnato
1072 2244 1205 2280 decore
1232 2241 1419 2285 muliebri,

307 2315 407 2346 esset
422 2323 435 2355 3
465 2307 659 2352 Lucretia,
686 2315 823 2346 moesta
853 2314 963 2345 tanto
988 2306 1103 2351 malo,
1132 2307 1312 2345 nuncium
1337 2304 1421 2344 Ru·
