1573 2598
340 191 424 233 242
769 193 815 226 r.
841 190 977 227 mvn

119 287 161 318 U.
177 286 215 318 C.
231 293 307 320 ³06.
337 288 460 319 sertor
475 281 679 332 Virginiae‚'
694 283 755 320 die
773 284 876 322 dicta
896 285 1110 331 damnatus,
1130 286 1214 337 ipso
1236 289 1452 328 remittente

117 331 209 362 A·C·
227 336 302 364 ⁴⁴⁶·
337 346 514 397 Virginio
543 346 716 385 ultimam
747 361 915 399 poenam,
948 350 1121 388 dimissus
1150 351 1272 389 Tibur
1301 347 1449 392 exsula-

115 604 218 635 Duilii
235 611 273 636 tr.

114 647 215 697 plebis
231 658 274 680 ae-

117 699 231 730 quitas.

334 417 417 448 tum
446 411 565 449 abiit:
598 411 809 462 Manesque
836 413 1034 463 Virgiuiae,
1065 422 1223 453 mortuae
1252 430 1367 467 quam
1393 418 1449 454 vi-

332 489 390 513 vae
409 476 603 520 felicioris,
624 489 691 527 per
715 482 776 514 tot
796 477 930 514 domos
953 479 1001 515 ad
1030 480 1210 529 petendas
1233 494 1365 532 poenas
1385 496 1450 520 va·

335 542 429 591 gau,
449 541 556 578 nullo
575 541 709 579 relicto
728 548 838 578 sonte
855 543 1010 580 tandem
1030 545 1265 593 quieverunt.

389 605 501 643 LIX.
531 605 672 655 Ingens
701 613 823 643 metus
852 607 1057 645 incesserat
1078 609 1225 653 Patres,
1250 609 1451 661 vultusque

328 670 414 722 jam
441 671 555 708 iidem
579 671 821 708 tribunorum
840 679 961 716 eraut,
981 673 1047 722 qui
1071 673 1368 712 decemvirorum
1389 675 1450 712 fu-

333 742 456 779 erant,
487 748 602 785 quum
630 735 688 772 M.
716 735 869 772 Duilius
905 736 1080 773 tribunus
1114 737 1248 787 plebis,
1280 738 1449 776 inhibito

332 800 535 837 salubriter
561 800 677 837 modo
705 800 832 836 nimiae
860 802 1075 851 potestatis,
1100 803 1150 839 Et
1176 803 1363 846 libertatis,
1389 803 1449 840 in·

331 865 428 914 quit,
448 870 578 901 nostroe
605 870 640 901 et
663 876 851 912 paenarum
874 876 918 901 ex
945 866 1096 902 inimicis
1115 868 1204 902 satis
1224 872 1300 903 est:
1326 869 1451 917 itaque

333 929 399 967 hoc
422 942 517 966 anno
546 941 609 966 nec
637 931 731 966 diem
756 930 828 966 dici
854 931 1034 977 cuiquam,
1055 942 1118 966 nec
1142 932 1179 966 in
1199 932 1344 967 vincula
1364 932 1449 969 duci

331 1005 545 1043 quemquam
559 1006 639 1029 sum
657 1005 842 1042 passurus.
899 993 999 1029 Nam
1020 1005 1132 1042 neque
1154 999 1274 1030 vetera
1295 1000 1448 1043 peccata

329 1060 445 1107 repeti
461 1056 545 1105 jam
573 1057 764 1094 obliterata
787 1058 922 1106 placet,
949 1069 1059 1106 quum
1084 1069 1177 1094 nova
1204 1060 1351 1108 expiata
1376 1061 1448 1096 sint

329 1123 607 1160 decemvirorum
633 1122 843 1171 suppliciis5
872 1126 909 1158 et
932 1121 1022 1157 nihil
1049 1122 1243 1158 admissum
1267 1124 1326 1166 iri,
1351 1125 1447 1172 quod

327 1188 401 1223 vim
426 1186 653 1222 tribuniciam
678 1187 864 1229 desideret,
883 1186 1033 1234 spondet
1056 1191 1235 1234 perpetua
1262 1188 1447 1225 consulum

328 1244 516 1288 amborum‘
545 1252 582 1287 in
611 1249 774 1287 libertate
808 1255 925 1287 vestra
958 1251 1092 1286 tuentia
1123 1263 1220 1286 cura..
1277 1249 1337 1287 Ea
1368 1252 1446 1302 pri-

329 1329 431 1353 murn
468 1315 680 1352 moderatio
717 1313 858 1351 tribuni
898 1322 1041 1351 metum
1078 1314 1255 1351 Patribus
1292 1314 1444 1358 demsit,

328 1380 534 1430 eademque
569 1377 676 1416 auxit
710 1378 909 1416 consulum
946 1379 1157 1424 invidiam3
1204 1378 1306 1428 quod
1348 1378 1444 1416 adeo

326 1445 403 1481 toti
430 1444 551 1495 plebis
580 1444 755 1488 fuissent,
783 1450 825 1480 ut
842 1443 999 1480 Pati-um
1025 1443 1156 1480 salutis
1183 1443 1444 1493 libertatisque

328 1511 434 1560 prior
461 1509 611 1560 plebeio
639 1508 894 1557 magistratui,
924 1520 1038 1557 quam
1063 1507 1239 1557 patricio,
1268 1519 1359 1544 cura
1382 1506 1443 1543 fu·

329 1575 446 1619 isset;
479 1581 517 1611 et
547 1581 636 1610 ante
667 1574 841 1609 inimicos
875 1573 1029 1609 satietas
1059 1585 1258 1622 poeuarum
1290 1584 1443 1609 suarum

328 1640 504 1690 cepisset,
530 1651 642 1688 quam
668 1638 821 1674 obviam
850 1638 969 1674 ituros
999 1637 1162 1674 licentiae
1191 1649 1323 1673 eorum
1351 1649 1443 1673 con-

328 1703 427 1740 sules
457 1703 665 1754 adpareret.
721 1702 913 1752 Multique
935 1709 1056 1746 erant,
1083 1703 1148 1752 qui
1176 1701 1326 1738 mollius
1352 1714 1446 1738 con-

329 1767 470 1805 sultum
502 1768 684 1810 dicerent,
718 1766 820 1816 quod
856 1766 984 1815 legum
1017 1766 1064 1802 ab
1098 1766 1143 1802 iis
1176 1765 1338 1802 latarum
1368 1765 1444 1802 Pa-

329 1841 405 1870 tres
439 1840 612 1870 auctores
646 1831 831 1868 fuissent:
863 1843 986 1880 neque
1019 1838 1101 1867 erat
1132 1830 1304 1872 dubium,
1336 1829 1442 1879 quin,

330 1897 486 1934 turbato
505 1896 721 1947 reipublicae
741 1902 858 1938 statu,
878 1896 1041 1946 tempori
1061 1894 1363 1931 subcubuissent.

385 1961 474 1998 LX.
505 1959 705 2003 consules,
732 1960 843 1996 rebus
871 1960 1023 1996 urbanis
1050 1958 1287 2008 compositis,
1306 1956 1442 1993 funda-

332 2034 449 2076 toque
467 2025 586 2077 plebis
607 2031 724 2067 statu,
745 2025 784 2060 in
804 2024 1017 2073 provincias
1037 2022 1172 2058 diversi
1193 2020 1330 2059 abiere.
1367 2021 1446 2058 Va-

159 2087 288 2119 Beuum
334 2091 446 2129 lerius
473 2090 648 2127 adversus
676 2087 902 2138 conjunctos
925 2086 1007 2136 jam
1035 2087 1072 2122 in
1090 2085 1231 2134 Algido
1258 2086 1445 2122 exercitus

157 2141 235 2163 cum
253 2130 295 2161 ΣΕ

158 2175 229 2215 quis
245 2181 275 2204 et
297 2149 312 2155 ³
333 2156 551 2206 AEquorum
568 2153 871 2201 Volscorumque
896 2151 1077 2187 sustinuit
1101 2148 1262 2186 consilio
1291 2148 1444 2186 bellum.

157 2217 292 2250 Volscis·
333 2221 449 2262 Quod
478 2221 509 2256 si
538 2216 729 2267 extemplo
758 2229 835 2253 rem
866 2215 1030 2252 fortunae
1058 2214 1322 2257 commisisset,
1346 2212 1447 2250 haud

333 2287 427 2329 scio,
455 2297 501 2322 an
525 2284 607 2333 (qui
635 2290 714 2318 tum
745 2281 860 2317 animi
889 2279 936 2316 ab
960 2278 1257 2316 decemvirorum
1286 2276 1446 2314 infelici—

331 2351 403 2390 bus
439 2347 615 2400 auspiciis
645 2346 830 2383 Romanis
867 2343 1117 2393 hostibusque
1150 2342 1275 2389 eraut)
1306 2353 1445 2391 magno
