1573 2598
278 153 373 197 1320
735 156 782 184 T.
808 153 943 185 L1v11

284 244 383 280 rium
401 242 649 294 adpellante's,
669 243 816 294 aliaque
835 245 933 281 truci
960 246 1134 282 oratione
1162 247 1202 282 in
1231 246 1394 297 collegas

285 308 439 352 invecti,
459 308 648 345 actionem
666 308 885 359 deposuere.

93 361 182 436 ἵηὲ
200 369 274 438 Ξῗὲ·
341 372 493 410 XLIX.
522 372 613 409 Duo
642 373 798 409 adsidua
825 373 925 410 bella
954 374 1154 424 insequens
1180 387 1299 412 annus
1328 376 1400 412 ha*

124 427 132 437 ⁸
175 427 184 436 “
267 428 444 480 ’διῇεεεῃ
473 449 548 486 quo
573 436 617 473 P.
636 436 837 473 Cornelius
867 437 1022 481 Cossus,
1051 438 1094 474 C.
1120 438 1292 475 Valerius
1320 439 1397 477 Po-

284 501 391 544 titus,
415 501 463 540 Q.
483 501 686 540 Quinctius
717 501 979 545 Cincinnatus,
1007 501 1058 537 N.
1079 501 1218 538 Fabius
1237 502 1396 540 Vibula-

282 572 369 609 nus,
389 565 533 602 tribuni
551 565 715 601 militum
734 565 923 602 consulari
942 571 1132 616 potestate
1151 566 1323 612 fuerunt3
1355 567 1394 604 ni

284 629 423 666 Veiens
442 629 585 666 bellum
603 628 738 678 religio
756 630 970 681 principum
993 631 1213 675 distulisset,
1234 644 1395 680 quorum

284 705 396 742 agros
425 692 589 736 Tiberis,
621 705 733 744 super
768 693 868 744 ripas
900 693 1052 737 effusus,
1081 695 1245 731 maxime
1276 696 1394 732 ruinis

280 756 456 793 *illarum
475 744 649 793 vastavit.
706 756 826 793 Simul
845 756 994 807 AEquos
1018 758 1186 804 triennio
1215 765 1303 795 ante
1332 772 1395 796 ac·

284 826 393 871 cepta
412 820 535 857 clades
561 820 759 870 prohibuit
785 819 958 864 Bolanis,
979 833 1056 858 suae
1085 822 1207 871 gentis
1236 822 1394 872 populo,

281 885 496 935 praesidium
528 885 638 922 ferre.
704 885 960 921 Excursiones
1000 886 1088 922 inde
1129 886 1171 922 in
1207 886 1394 924 confinem

283 961 416 998 agrum
451 949 685 985 Lavicanum
722 949 833 985 factae
871 956 992 992 erant,
1025 950 1209 999 novisque
1247 950 1395 987 colonis

281 1013 422 1050 bellum
456 1013 639 1050 inlatum:
679 1024 792 1063 quam
823 1027 965 1051 noxam
994 1027 1110 1064 quum
1138 1027 1178 1050 se
1207 1026 1395 1052 consensu

280 1078 450 1114 omnium
464 1077 680 1127 AEquorum
700 1077 920 1114 defensuros
941 1084 1168 1128 sperassent,
1188 1078 1325 1115 deserti
1345 1079 1393 1116 ab

279 1142 369 1185 suis,
396 1154 444 1178 ne
471 1141 709 1178 memorabili
738 1142 889 1191 quidem
917 1141 1032 1185 bello,
1059 1154 1127 1192 per
1155 1141 1394 1180 obsidionem

277 1204 472 1255 levemque
488 1218 601 1242 unam
621 1218 789 1255 pugnam
805 1211 843 1241 et
857 1205 1038 1255 oppidum
1054 1211 1092 1242 et
1109 1205 1202 1242 fines
1222 1206 1393 1244 amisere.

276 1267 486 1305 Tentatum
505 1269 552 1305 ab
581 1268 628 1305 L.
650 1269 781 1305 Sextio
810 1269 966 1305 tribuno
994 1268 1130 1319 plebis,
1151 1275 1194 1305 ut
1221 1271 1392 1318 rogatio-

277 1343 364 1371 nem
381 1334 511 1377 ferret,
532 1347 607 1383 qua
623 1333 742 1370 Bolas
764 1347 928 1383 quoque,
950 1335 1048 1370 sicut
1066 1334 1244 1377 Lavicos‚
1265 1334 1394 1371 coloni

227 1403 229 1405 '
277 1399 531 1442 mitterentur,
569 1407 636 1449 per
680 1399 992 1436 intercessionem
1039 1398 1283 1448 collegarum,
1327 1401 1392 1449 qui

276 1463 424 1500 nullum
442 1463 695 1514 plebiscitum,
715 1464 789 1499 nisi
809 1475 855 1499 ex
875 1464 1102 1499 auctoritate
1121 1470 1288 1507 senatus,
1304 1476 1392 1514 pas-

277 1539 385 1564 suros
404 1540 444 1564 se
462 1527 619 1578 perferri
638 1527 899 1570 ostenderunt,
920 1526 1129 1563 discussum
1157 1533 1227 1563 est.
1282 1527 1391 1563 Bolis

275 1591 499 1641 insequente
520 1599 622 1627 anno
647 1588 822 1640 receptiS,
843 1589 976 1639 AEqui‚
997 1589 1222 1639 coloniaque
1251 1602 1297 1626 eo
1326 1591 1391 1628 de·

276 1655 401 1699 ducta,
421 1655 529 1691 novis
550 1655 690 1691 viribus
710 1654 892 1705 oppidum
912 1654 1121 1697 firmarunt,
1138 1654 1300 1691 tribunis
1320 1656 1391 1691 mi-

59 1720 102 1752 U.
114 1722 151 1754 C.
168 1729 241 1755 31³⁷.
274 1719 385 1757 litum
408 1719 543 1756 Romae
569 1719 759 1756 consulari
787 1724 978 1770 potestate
999 1719 1070 1755 Cn.
1091 1718 1272 1755 Cornelio
1292 1719 1389 1756 Cos-

60 1766 149 1798 A'C’
167 1774 240 1799 411.
274 1794 332 1828 so,
361 1783 409 1821 L.
435 1783 588 1820 Valerio
616 1783 762 1826 Potito,
793 1783 842 1822 Q.
868 1782 990 1819 Fabio
1016 1782 1208 1819 Vibulano
1237 1784 1388 1827 iterum,

271 1850 329 1887 M.
366 1849 566 1886 Postumio
603 1848 828 1898 Regillensi.
894 1845 998 1884 Huic
1034 1847 1176 1884 bellum
1213 1848 1388 1884 adversus

270 1914 420 1964 AEquos
440 1915 663 1965 permissum
683 1920 754 1957 est,
774 1925 899 1964 pravae
918 1914 1056 1950 mentis
1076 1913 1220 1949 homini
1232 1929 1242 1958 3
1275 1926 1387 1962 quam

270 1985 399 2016 tamen
419 1979 578 2014 victoria
598 1979 733 2027 magis,
751 1991 864 2026 quam
882 1977 1038 2021 bellum,
1055 1977 1232 2014 ostendit.
1269 1977 1386 2021 Nam,

272 2045 441 2080 exercitu
469 2044 616 2092 inpigre
645 2042 787 2092 scripto
817 2043 1006 2091 ductoque
1035 2043 1081 2078 ad
1110 2041 1241 2085 Bolas,
1272 2055 1387 2091 quum

270 2107 415 2144 levibus
442 2106 584 2157 proeliis
604 2105 822 2155 AEquorum
852 2106 998 2142 animos
1027 2105 1214 2154 fregisset,
1239 2112 1387 2155 postre-

270 2184 334 2208 mo
354 2172 392 2208 in
413 2171 592 2221 oppidum
612 2170 778 2220 inrupit:
811 2170 945 2206 deinde
965 2169 1011 2205 ab
1032 2169 1205 2205 hostibus
1226 2169 1265 2204 in
1286 2170 1386 2205 cives

212 2222 218 2225 χ
272 2242 460 2272 certamen
493 2236 628 2272 ve'rtit:
672 2241 722 2278 et,
762 2245 878 2283 quum
920 2235 1020 2270 inter
1060 2233 1386 2283 obpugnationem
