1573 2598
390 204 545 234 mmm
570 203 651 232 111.
683 202 791 232 cm».
814 202 922 232 mx.
1131 192 1207 247 193

91 300 134 331 ut
161 295 207 332 P.
236 294 372 331 Valerii
386 293 503 343 fidem
529 291 766 328 exsolverent:
795 291 936 327 instare
964 288 1140 335 Claudio,
1169 297 1211 329 ut
1223 293 1266 325 U.
1282 286 1410 328 CL'294.

91 361 234 408 collegae
252 359 351 395 Deos
370 368 490 394 manes
505 356 646 406 fraude
669 355 845 398 liberaret,
869 357 930 404 agi
951 356 995 401 de
1020 357 1096 405 lege
1118 358 1209 393 sine·
1222 339 1263 370 A·
1281 339 1317 370 C·
1335 344 1413 370 4⁵⁸⁵

89 429 156 462 ret.
214 421 371 465 Consul,
395 427 586 470 antequam
609 421 782 469 collegam
803 421 869 458 sibi
889 421 1120 470 subrogasset,
1143 434 1210 458 ne-

92 500 194 538 gare,
218 499 406 537 passurum
424 487 486 534 agi
504 487 547 522 de
565 485 650 533 lege.
706 483 781 520 Hae
809 489 965 521 tenuere
993 485 1211 523 contentio-

91 565 158 589 nes
177 565 297 602 usque
314 552 360 588 ad
383 551 539 587 comitia
557 547 722 585 consulis
745 548 989 599 subrogandi.
1045 549 1209 586 Decem-

89 616 148 654 bri
168 628 309 659 mense,
329 627 477 652 summo
496 614 654 651 Patrum
671 613 811 657 studio,
830 613 876 651 L.
893 614 1096 654 Quinctius
1117 615 1209 651 Cin-
1223 618 1394 651 subfectus

91 681 279 724 cinnatus,
312 685 421 731 pater
449 678 643 722 Kaesonis,
674 677 808 715 consul
842 685 1002 723 creatur,
1033 680 1098 729 qui
1129 693 1208 716 ma·
1223 661 1398 738 Xffgffne‘

89 744 292 793 gistratum
328 744 457 780 statim
485 743 688 793 occiperet.
744 742 925 779 Perculsa
952 749 1033 780 erat
1064 743 1207 794 plebes,
1221 749 1296 781 tius.

89 809 283 847 consulem
301 808 481 846 habitura
498 808 652 852 iratum,
672 814 872 860 potentem
889 808 1020 846 favore
1038 809 1211 855 Patrum,

89 875 229 911 virtute
247 887 329 918 sua,
349 873 470 910 tribus
490 873 634 918 liberis,
655 887 817 923 quorum
835 886 949 911 nemo
972 874 1131 912 Kaesoni
1152 888 1214 912 ce-

91 938 206 976 debat
226 939 490 989 magnitudine
509 938 626 975 animi
642 955 652 984 ;
687 938 888 976 consilium
911 945 950 976 et
970 940 1127 977 modum
1148 939 1214 977 ad-

89 1002 272 1047 hibendo,
305 1003 372 1041 ubi
408 1016 466 1040 res
503 1009 690 1054 posceret,
729 1004 873 1054 priores
907 1010 1027 1041 erant.
1084 1004 1138 1048 Is,
1172 1010 1215 1041 ut

89 1069 357 1118 magistratum
393 1068 493 1112 iniit,
525 1067 684 1105 assiduis
714 1067 963 1106 concionibus
993 1081 1063 1120 pro
1091 1069 1214 1106 tribu-

88 1131 181 1176 nali,
215 1146 295 1170 non
326 1133 366 1170 in
398 1132 510 1183 plebe
539 1132 761 1177 coercenda,
793 1146 907 1182 quam
936 1139 1071 1170 senatu
1101 1133 1241 1171 casti-·

89 1197 227 1246 gande,
247 1197 510 1234 vehementior
533 1197 630 1234 fuit:
666 1197 772 1244 Cujus
790 1199 925 1235 ordinis
943 1199 1113 1247 languore
1128 1211 1214 1248 per—

85 1264 187 1310 petui
195 1261 278 1309 jam
298 1262 429 1299 tribuni
445 1262 569 1311 plebis,
590 1275 660 1298 non
677 1268 719 1299 ut
738 1264 774 1299 in
793 1263 976 1311 republica
990 1264 1119 1312 populi
1138 1263 1213 1299 Ro-

88 1328 199 1370 mani,
214 1327 276 1363 sed
291 1331 333 1363 ut
352 1328 388 1362 in
410 1328 556 1375 perdita
575 1327 692 1370 domo,
710 1327 833 1375 lingua
848 1326 1119 1375 criminibusque
1133 1339 1213 1376 reg-

88 1396 224 1427 narent.
284 1390 373 1427 Cum
392 1390 540 1427 Kaesone
555 1391 641 1440 filio
667 1402 730 1427 suo
757 1392 938 1434 virtutem,
963 1393 1212 1434 constantiam,

88 1456 206 1491 omnia
228 1454 426 1502 juventutis
457 1455 540 1491 belli
571 1455 735 1504 domique
767 1455 894 1491 decora
922 1455 1030 1503 pulsa
1061 1467 1104 1491 ex
1131 1455 1215 1491 urbe

87 1520 255 1556 Romana
290 1524 325 1555 et
349 1518 490 1568 fugata
522 1531 617 1556 esse:
646 1520 819 1569 loquaces,
852 1520 1047 1563 seditiosos,
1078 1521 1214 1556 semina

86 1585 357 1627 discordiarum,
378 1586 506 1621 iterum
524 1597 567 1621 ac
589 1586 733 1621 tertium
760 1585 916 1622 tribunos
937 1586 1098 1633 pessimis
1120 1586 1210 1621 arti·
1224 1584 1390 1634 invehitur

87 1648 148 1685 bus
179 1650 279 1696 regia
308 1649 452 1684 licentia
486 1650 611 1685 vivere.
667 1650 715 1685 A.
749 1649 887 1698 inquit,
920 1650 981 1685 ille
1017 1649 1210 1697 Virginius,
1223 1638 1256 1658 ¹¹¹
1272 1628 1427 1660 mbunoe'

87 1714 171 1761 quia
198 1715 236 1749 in
257 1712 436 1760 Capitolio
462 1725 533 1749 non
550 1712 646 1762 fuit,
673 1714 790 1750 minus
812 1713 993 1762 supplicii,
1015 1725 1122 1762 quam
1140 1714 1212 1762 Ap.

87 1777 303 1819 Herdonius,
332 1778 496 1813 meruit?
527 1778 612 1825 plus
640 1778 780 1814 hercule
808 1779 1007 1826 aliquanto,
1038 1779 1099 1826 qui
1132 1789 1213 1815 vere

85 1853 160 1877 rem
179 1842 353 1876 aestimare
375 1841 472 1877 velit.
528 1841 745 1884 Herdonius,
771 1843 802 1877 si
825 1841 918 1878 nihil
941 1842 1056 1884 aliud,
1078 1841 1212 1878 hostem

81 1917 120 1942 se
135 1904 294 1953 fatendo
319 1916 430 1953 prope
458 1906 695 1948 denunciavit,
721 1910 762 1941 ut
783 1917 888 1942 arma
908 1907 1080 1954 caperetis
1095 1921 1107 1942 .·
1138 1905 1208 1955 hic,

81 1970 245 2018 negando
271 1969 363 2005 bella
386 1981 468 2012 esse,
489 1982 593 2006 arma
613 1970 708 2006 vobis
729 1970 874 2012 ademit,
901 1971 1082 2018 nudosque
1101 1971 1209 2006 servis

84 2033 205 2070 vestris
220 2037 256 2069 et
272 2033 446 2070 exsulibus
463 2033 598 2080 objecit.
654 2034 706 2070 Et
723 2045 782 2070 vos
803 2033 862 2082 (C.
884 2034 1029 2070 Claudii
1046 2045 1149 2082 pace,
1170 2038 1206 2070 et

86 2097 132 2134 P.
156 2097 291 2134 Valerii
315 2100 446 2135 mortui
470 2099 612 2147 loquar)
630 2100 733 2148 prius
754 2100 793 2135 in
812 2099 941 2135 clivum
962 2099 1206 2147 Capitolinum
1230 2101 1234 2105 ’

83 2162 185 2210 signa
204 2163 382 2205 intulistis,
401 2175 509 2211 quam
526 2163 588 2200 lws
607 2164 720 2200 hostes
739 2163 877 2213 desoro
897 2164 1099 2200 tolleretis?
1125 2164 1203 2200 Pu·
1228 2174 1232 2176 “

84 2225 145 2260 det
162 2225 324 2262 Deorum
342 2227 616 2276 hominumque:
646 2240 755 2277 quum
773 2228 886 2265 hostes
904 2230 940 2264 in
959 2240 1052 2271 arce,
1073 2229 1110 2263 in
1132 2227 1201 2265 Ca-
1227 2239 1233 2241 ·

79 2288 209 2337 pitolio
226 2295 347 2334 essent,
367 2292 523 2329 exsulum
543 2297 578 2329 et
587 2304 774 2332 ,servorum
793 2294 877 2335 dux,
898 2290 1105 2342 profanatis
1120 2304 1200 2328 >om-

79 2351 193 2395 nibus,
220 2353 258 2388 in
282 2354 372 2390 cella
394 2355 494 2392 Jovis
522 2358 647 2406 optimi
668 2358 817 2394 maximi
840 2356 1030 2401 habitaret,
1058 2357 1201 2394 Tusculi

131 2414 234 2453 Vox..
253 2414 286 2454 I.
643 2418 683 2457 K
