1573 2598
123 232 168 269 U.
185 231 221 262 C.
239 236 316 263 260.

125 277 165 308 Δ.
180 275 217 306 C.
233 282 307 308 492.

125 430 254 462 Bellum

122 483 203 504 cum
218 473 277 504 AE-

121 518 206 556 quis,
224 518 307 548 Lati·
321 523 325 525 ·

125 570 244 591 norum

123 613 249 635 caussa.

341 149 423 191 124
785 152 992 184 :summu

339 239 496 276 nomina
516 238 663 276 dedere.
718 239 893 279 Quantus
918 255 1123 292 numquam
1143 250 1231 281 ante
1250 247 1450 292 exercitus,

340 302 508 352 legiones
538 304 667 340 decem
696 305 859 341 effectae:
901 313 1017 342 ternae
1046 307 1133 344 inde
1162 309 1258 345 datae
1287 311 1451 348 consuli-

339 367 425 412 bus,
455 374 618 417 quatuor
642 367 806 404 dictator
829 382 931 406 usus.
987 371 1071 408 Nec
1098 379 1250 422 poterat
1264 373 1348 424 jam
1371 373 1452 411 bel-

340 432 419 469 lum
455 432 606 469 differri.
668 432 787 482 AEqui
823 434 1004 470 Latinum
1043 448 1176 484 agrum
1212 437 1449 475 invaserant:

339 504 510 533 'oratores
530 496 758 533 Latinorum
780 511 801 534 a
823 505 956 535 senatu
986 500 1180 549 petebant,
1201 507 1244 537 ut
1272 508 1338 538 aut
1365 503 1453 538 mit-

339 569 466 599 terent
501 561 724 604 subsidium,
759 570 824 599 aut
855 577 896 600 se
932 565 1034 615 ipsos
1063 566 1291 602 tuendorum
1322 567 1454 604 finium

317 649 321 653 -
342 638 474 663 caussa
493 638 625 676 capere
645 639 749 662 arma
767 627 945 663 sinerent.
1000 628 1137 665 Tutius
1159 630 1279 666 visum
1298 638 1368 674 est,
1389 631 1454 668 de-

119 945 257 981 Bellum

126 999 206 1040 eum
219 991 298 1022 Vol-

125 1044 201 1066 scis.

339 690 445 727 feudi
473 691 634 726 inermes
654 689 829 733 Latinos,
853 704 967 740 quam
996 693 1075 742 pati
1104 699 1308 730 retractare
1337 707 1453 732 arma.

339 750 519 790 Vetusius
542 753 676 789 consul
698 754 831 789 missus
855 760 938 790 est:
970 756 999 791 is
1029 755 1113 791 finis
1143 756 1453 806 populationibus

338 817 425 855 fuit.
482 817 637 854 cessere
655 816 775 867 AEqui
801 820 941 869 campis
961 835 967 855 ι
1000 819 1161 870 locoque
1186 822 1321 870 magis,
1343 836 1456 872 quam

341 883 468 925 armis,
496 881 596 926 freti,
625 884 778 919 summis
808 896 847 920 se
869 883 974 934 jugis
1003 886 1191 921 montium
1220 886 1455 925 tutabantur.

340 945 450 983 Alter
468 945 615 989 consul,
634 946 675 983 in
693 945 853 983 Volscos
877 948 1083 997 profectus,
1107 962 1155 985 ne
1184 955 1222 985 et
1250 951 1329 999 ipse
1356 957 1455 987 tere-

340 1016 398 1048 ret
422 1016 586 1061 tempus,
606 1011 797 1047 vastandis
823 1012 984 1048 maxime
1004 1013 1103 1060 agris
1129 1013 1278 1050 hostem
1298 1015 1345 1050 ad
1364 1027 1455 1051 con-

332 1073 498 1112 ferenda
524 1075 678 1124 propius
703 1081 825 1111 castra
851 1075 1179 1125 dimicandumque
1201 1078 1281 1113 acie
1307 1078 1457 1116 excivit.

340 1139 474 1178 Medio
504 1141 603 1176 inter
632 1147 756 1176 castra
780 1150 929 1190 campe,
950 1146 1038 1177 ante
1064 1153 1173 1177 suum
1200 1143 1356 1192 quisque
1376 1143 1455 1180 val-

339 1205 433 1249 lum,
453 1205 600 1242 infestis
626 1206 744 1255 signis
764 1207 992 1242 constitere:
1025 1206 1266 1243 multitudine
1286 1207 1456 1257 aliquan·

340 1274 425 1306 turn
452 1268 583 1305 Volsci
617 1268 858 1318 superabant.
915 1268 1049 1317 Itaque
1079 1270 1184 1305 effusi
1214 1276 1251 1306 et
1287 1277 1458 1307 contem-

342 1333 415 1369 tim
433 1345 600 1383 pugnam
621 1332 750 1368 iniere.
799 1332 943 1368 Consul
962 1332 1158 1369 Romanus
1179 1346 1248 1369 nec
1268 1335 1459 1383 promovit

343 1399 480 1442 aciem,
499 1409 569 1433 nec
589 1396 791 1433 clamorem
811 1395 915 1432 reddi
940 1408 1085 1446 passus,
1106 1396 1237 1432 defixis
1255 1395 1340 1446 pilis
1361 1403 1460 1434 stare

343 1474 433 1498 suos
464 1459 603 1512 jussit:
635 1459 699 1497 ubi
738 1460 784 1496 ad
821 1473 975 1496 manum
1003 1461 1167 1496 venisset
1202 1461 1341 1505 hostis,
1378 1467 1460 1498 tum

343 1532 500 1563 coortos
528 1531 613 1561 tota
640 1525 676 1560 vi
709 1524 842 1574 gladiis
872 1537 951 1561 rem
979 1537 1120 1573 gerere.
1176 1524 1320 1568 Volsci,
1351 1538 1461 1562 cursu

343 1595 386 1627 et
413 1589 578 1626 clamore
613 1588 716 1631 fessi,
747 1601 862 1638 quum
890 1601 930 1624 se
958 1588 1060 1624 velut
1090 1588 1328 1637 stupentibus
1357 1595 1461 1625 metu

346 1653 565 1691 intulissent
592 1653 794 1696 Romanis,
832 1658 1033 1702 postquam
1061 1653 1348 1702 impressionem
1377 1666 1461 1689 sen-

348 1730 431 1755 sere
452 1731 500 1754 ex
518 1717 675 1753 adverso
696 1716 851 1760 factam,
872 1722 910 1752 et
938 1722 1027 1752 ante
1055 1715 1186 1751 oculos
1216 1716 1354 1752 micare
1383 1716 1463 1765 gla-

349 1783 448 1826 dios,
480 1781 583 1818 haud
612 1794 732 1825 secus,
763 1793 875 1830 quam
908 1781 940 1816 si
968 1781 1007 1816 in
1041 1780 1194 1816 insidias
1229 1780 1463 1824 incidissent,

351 1847 495 1884 turbati
514 1853 665 1883 vertunt
691 1853 800 1894 terga
817 1862 826 1891 3
859 1851 896 1881 et
920 1857 969 1881 ne
990 1845 1036 1880 ad
1054 1843 1184 1893 fugam
1203 1845 1354 1893 quidem
1373 1845 1464 1881 satis

350 1911 488 1948 virium
523 1910 610 1954 fuit,
641 1911 730 1959 quia
766 1922 876 1945 cursu
912 1910 950 1945 in
984 1908 1160 1959 proelium
1194 1908 1327 1944 ierant.
1384 1908 1468 1946 Ro-

350 1975 455 2013 mani
475 1981 622 2018 contra,
643 1975 732 2024 quia
755 1974 942 2024 principio
968 1985 1105 2023 pugnae
1126 1973 1243 2021 quieti
1270 1979 1466 2018 steterant,

351 2040 524 2088 vigentes
554 2038 791 2088 corporibus,
821 2036 932 2073 facile
960 2036 1086 2086 adepti
1115 2035 1248 2078 fessos,
1280 2042 1318 2072 et
1347 2043 1471 2074 castra

352 2104 488 2154 inpetu
507 2108 701 2153 ceperunt,
722 2108 774 2145 et,
798 2101 929 2138 castris
957 2106 1112 2137 exutum
1136 2100 1287 2136 hostem
1306 2100 1470 2138 Velitras

356 2167 559 2218 persecuti,
588 2179 666 2203 uno
702 2166 853 2215 agmine
886 2165 1046 2201 victores
1079 2177 1164 2201 cum
1192 2164 1301 2200 victis
1333 2165 1384 2201 in·
1410 2177 1472 2202 ur-

357 2230 445 2268 bem
478 2230 678 2281 inrupere.
724 2229 882 2280 plusque
919 2228 973 2265 ibi
1010 2228 1220 2278 sanguinis,
1257 2227 1473 2279 promiscua

1552 2175 1571 2251 2:52³,
1568 2163 1571 2171 ,
