1573 2598
64 1511 216 1541 Horatio-

63 1563 138 1584 rum
158 1560 189 1584 et
205 1554 269 1584 Cu-

61 1597 228 1628 riatiorum

62 1646 226 1670 certamen

65 1683 262 1724 proponitur.

282 191 340 247 36
739 204 784 233 Τ.
807 205 940 234 mvn

283 291 368 336 bito,
394 292 508 335 Tulle,
533 292 657 329 eadem
676 304 754 341 prae
774 297 811 329 'te
826 292 942 342 ferre.
997 292 1083 336 Sed,
1102 293 1134 329 si
1156 304 1241 330 vera
1262 295 1398 342 potius,

282 368 391 405 quam
408 358 505 393 dictu
525 358 692 405 speciosa,
713 359 862 396 dicenda
885 363 978 402 sunt,
996 360 1123 408 cupido
1147 360 1288 408 imperii
1312 361 1403 396 duos

282 425 448 468 cognatos
464 421 660 468 vicinosque
673 423 824 470 populos
842 424 892 459 ad
909 435 1012 459 arma
1031 423 1204 459 stimulat.
1260 422 1397 470 Neque,

275 489 386 528 recte,
406 496 453 520 αη
467 495 668 532 perperam,
689 486 923 534 interpretor:
942 486 1063 535 fuerit
1087 487 1155 522 ista
1176 484 1248 533 ejus
1269 485 1399 522 delibe-

280 549 388 591 ratio,
409 549 469 595 qui
487 547 615 583 bellum
629 550 778 596 suscepit
794 565 806 585 :
835 561 891 585 me
907 550 1041 586 Albani
1055 551 1209 597 gerendo
1225 550 1314 586 bello
1332 550 1399 586 du-

281 625 355 650 cem
374 624 542 649 creavere.
590 613 689 649 Illud
708 618 753 656 te,
780 614 894 657 Tulle,
912 616 1083 650 monitum
1099 615 1226 650 velim:
1247 614 1401 650 Etrusca

279 688 348 719 res,
372 681 506 724 quanta
534 678 629 712 circa
655 688 716 713 nos
745 681 844 725 teque
871 679 1024 718 manime
1046 679 1106 720 sit,
1127 689 1195 725 quo
1218 679 1403 726 propiores

280 752 352 783 vos,
373 740 438 776 hoc
456 742 569 787 magis
585 742 662 777 scis.
718 741 879 778 Multum
897 742 954 777 illi
970 746 1080 784 terra,
1094 742 1291 789 plurimum
1308 742 1403 777 mari

276 806 425 854 pollent.
482 806 622 841 Memor
641 811 726 849 esto,
741 805 836 852 jam,
857 819 964 854 quum
980 808 1119 854 signum
1134 817 1263 854 pugnae
1287 805 1400 848 dabis,

282 871 345 906 has
373 871 461 906 (luas
489 871 580 906 acies
605 872 809 918 spectaculo
821 870 935 919 fore3
964 876 1004 907 ut
1012 870 1128 920 fessos
1146 870 1399 919 confectosque,

281 934 387 970 simul
414 935 583 969 victorem
615 947 656 970 ae
689 936 834 976 victum,
869 935 1137 982 adgrediuntur.
1195 934 1333 982 Itaque,
1370 934 1402 969 si

277 1009 343 1034 ‘nos
363 997 434 1033 Dii
459 1002 594 1039 amant,
623 999 802 1045 quoniam,
827 1010 897 1033 non
919 999 1072 1033 contenti
1101 997 1261 1033 libertate
1290 1001 1400 1039 certa,

282 1062 318 1096 in
339 1061 481 1097 dubiam
504 1063 643 1109 imperii
664 1063 866 1109 servitiique
890 1062 1005 1097 aleam
1033 1062 1136 1103 imus,
1157 1062 1314 1096 ineamus
1331 1061 1401 1096 ali-

282 1140 388 1174 quam
406 1129 514 1169 viam,
536 1140 605 1175 qna
626 1130 699 1164 utri
720 1130 809 1164 utris
831 1130 1015 1176 imperent,
1031 1129 1105 1164 sine
1130 1140 1259 1175 magna
1285 1127 1403 1170 clade,

280 1193 354 1227 sine
389 1192 501 1227 multo
533 1193 702 1239 sanguine
728 1193 908 1239 utriusque
938 1192 1078 1239 populi,
1109 1192 1247 1227 decerni
1276 1192 1399 1239 possit.

280 1254 398 1291 Haud
434 1254 606 1305 displicet
642 1268 700 1291 res
732 1255 862 1297 Tullo,
893 1268 1133 1304 quamquam,
1163 1262 1244 1291 tum
1273 1254 1404 1291 indole

279 1319 412 1362 animi,
444 1326 526 1355 tum
558 1331 623 1369 spe
651 1320 834 1361 victoriae,
867 1318 1031 1355 ferocior
1067 1324 1158 1355 erat.
1216 1319 1403 1357 Quaeren-

279 1382 382 1419 tibus
419 1384 607 1433 utrimque
644 1384 745 1420 ratio
780 1383 913 1426 initur,
951 1383 1013 1419 cui
1049 1390 1087 1419 et
1122 1382 1278 1419 fortuna
1317 1383 1403 1433 ipsa

281 1446 444 1497 praebuit
462 1447 672 1484 materiam.

334 1512 487 1549 XXIV.
517 1512 634 1550 Forte
665 1513 704 1549 in
737 1512 884 1550 duobus
917 1519 1001 1550 tum
1037 1513 1262 1551 exercitibus
1294 1519 1401 1549 erant

280 1577 473 1626 trigemini
502 1577 651 1622 fratres,
686 1591 756 1614 nec
791 1583 915 1621 aetate,
950 1590 1021 1614 nec
1045 1578 1186 1614 viribus
1220 1577 1398 1627 dispares.

280 1640 465 1678 Horatios
504 1642 769 1692 Curiatiosque
806 1641 937 1684 fuisse,
983 1642 1074 1677 satis
1113 1646 1261 1677 constat
1281 1656 1291 1685 3
1330 1652 1401 1676 nec

278 1705 397 1742 ferme
432 1718 490 1742 res
520 1706 677 1754 antiqua
709 1705 783 1742 alia
813 1711 869 1741 est
903 1705 1095 1741 nobilior:
1127 1711 1255 1740 tamen
1289 1704 1327 1739 in
1359 1715 1401 1739 re

279 1775 359 1806 tam
378 1769 480 1805 clara
496 1770 697 1805 nominum
717 1782 821 1805 error
840 1775 968 1805 manet
983 1785 993 1814 3
1025 1768 1144 1804 utrius
1164 1767 1294 1818 populi
1314 1766 1406 1804 Ho-

279 1834 380 1877 ratii,
401 1834 521 1870 utrius
543 1833 704 1870 Curiatii
723 1833 878 1869 fuerint.
934 1834 1124 1869 Auctores
1144 1839 1305 1881 utroque
1323 1838 1401 1868 tra-

279 1898 378 1934 hunt
397 1904 416 1932 :v
444 1896 568 1947 plures
597 1904 726 1934 tamen
756 1898 924 1940 invenio,
955 1898 1018 1946 qui
1046 1896 1243 1933 Romanos
1273 1895 1402 1931 Hora-

281 1962 356 1998 tios
375 1967 524 1998 vocent.
582 1961 667 1998 Hos
687 1968 730 1997 ut
748 1974 896 2011 sequar,
918 1961 1077 1997 inclinat
1097 1961 1256 1997 animus.
1304 1960 1402 1997 Cum

283 2026 494 2075 trigeminis
524 2031 643 2074 agunt
671 2038 793 2074 reges,
824 2031 866 2061 ut
900 2038 969 2075 pro
999 2038 1064 2061 sua
1094 2025 1251 2073 quisque
1279 2024 1403 2074 patria

285 2090 464 2126 dimicent
498 2089 627 2126 ferro:
665 2089 718 2126 ibi
753 2089 952 2140 imperium
986 2088 1082 2132 fore,
1113 2088 1212 2125 unde
1243 2087 1404 2124 victoria

283 2153 410 2201 fuerit.
465 2152 576 2189 Nihil
602 2159 824 2189 recusatur:
855 2159 1003 2203 tempus
1024 2159 1062 2189 et
1087 2152 1191 2189 locus
1212 2151 1402 2189 convenit.

284 2216 509 2266 Priusquam
528 2216 765 2259 dimicarent,
786 2215 913 2253 foedus'
936 2216 1054 2252 ictum
1080 2216 1180 2251 inter
1204 2214 1402 2251 Romanos

286 2286 325 2317 et
342 2280 513 2319 Albanos
533 2286 590 2317 est
615 2281 673 2316 his
695 2280 857 2330 legibus,
877 2287 933 2324 ut,
954 2279 1135 2331 cujusque
1154 2279 1283 2330 populi
1303 2279 1402 2316 cives

287 2356 332 2382 eo
362 2346 566 2383 certamine
595 2345 786 2389 vicissent,
817 2345 848 2382 is
877 2344 987 2384 alteri
1016 2344 1158 2397 populo
1187 2357 1271 2382 cum
1300 2343 1403 2381 bona
