1573 2598
311 147 396 192 552
776 154 822 183 T.
848 155 982 186 L1v11

325 242 546 291 suffragium
564 241 696 278 Patres
716 248 889 281 auctores
909 244 1064 282 fierent:
1096 246 1261 292 tertiam,
1281 255 1325 286 ut
1343 249 1439 288 alter

323 306 455 355 utique
474 318 521 342 ex
548 305 674 356 plebe,
694 319 810 355 quum
829 320 876 343 eo
904 315 1059 346 ventum
1084 311 1147 353 sit,
1169 317 1211 347 ut
1236 319 1448 364 utrumque*

320 369 513 421 plebeium
549 370 744 407 consulem
771 372 850 408 fieri
887 372 1032 417 liceret,
1064 387 1198 411 censor
1235 384 1435 415 crearetur.

318 434 410 471 Plus
438 448 484 471 eo
514 448 615 472 anno
635 436 735 471 domi
765 443 962 487 acceptum
991 437 1107 474 cladis
1137 438 1185 476 ab
1214 441 1432 478 consulibus

319 511 362 536 ac
383 500 582 543 dictatore,
604 513 716 554 quam
737 513 782 537 ex
802 502 961 538 victoria
979 514 1109 539 eorum
1135 502 1356 554 bellicisque
1373 518 1432 542 re-

317 563 388 601 bus
407 563 500 600 foris
521 569 675 600 auctum
693 564 907 614 imperium,
928 565 1059 601 Patres
1080 567 1295 605 credebant.

123 629 303 666 U.C.417.
370 627 488 664 XIII.
525 629 640 664 Anno
673 627 901 677 insequenti,
939 629 986 665 L.
1018 629 1136 666 Furio
1174 630 1351 674 Camillo,
1386 633 1431 669 C.

121 673 161 704 Α·
175 674 211 705 C‘
228 681 460 731 33⁵'M'aenio
481 691 715 735 consulibus,
736 705 812 741 quo
831 692 1048 742 insignitius
1068 695 1207 731 omissa
1226 708 1284 731 res
1304 695 1430 732 AEmi-

313 759 381 802 lio,
411 757 614 808 superioris
645 757 735 792 anni
765 756 925 800 consuli,
947 757 1253 807 exprobraretur,
1283 759 1428 798 Pedum

311 824 424 860 armis
443 821 608 870 virisque
626 826 664 856 et
683 820 787 856 omni
803 820 839 855 vi
859 821 1153 870 expugnandum
1169 834 1212 858 ac
1227 822 1428 861 delendum

312 892 464 923 senatus
498 884 626 920 fremit
635 898 645 928 3
679 882 876 931 coactique
912 885 1002 919 novi
1040 885 1214 921 consules
1247 886 1424 924 omnibus

310 964 394 987 eam
413 961 493 985 rem
511 947 699 999 praeverti,
719 946 1023 997 proficiscuntur.
1052 948 1141 985 Jam
1157 948 1326 987 Latiois
1344 958 1424 988 sta-

307 1020 369 1051 tus
390 1019 472 1050 erat
496 1024 636 1055 rerum,
658 1017 700 1047 ut
724 1023 848 1061 neque
874 1010 1017 1049 bellum
1044 1025 1167 1062 neque
1194 1026 1325 1064 pacem
1344 1016 1424 1066 pati

305 1084 486 1130 possent:
519 1076 567 1114 ad
598 1075 739 1112 bellum
768 1089 859 1127 opes
889 1078 1066 1115 deerant:
1099 1092 1231 1129 pacem
1259 1080 1310 1118 ob
1339 1082 1423 1130 agri

305 1143 447 1180 ademti
483 1141 658 1179 dolorem
694 1141 1031 1191 adspernabantur.
1077 1142 1216 1180 Mediis
1254 1144 1420 1182 consiliis

305 1207 483 1244 standum
511 1205 722 1248 videbatur,
751 1212 794 1242 ut
814 1206 963 1256 oppidis
992 1220 1032 1244 se
1056 1214 1255 1253 tenerent3
1287 1221 1335 1245 ne
1362 1209 1418 1246 la-

304 1272 462 1308 cessitus
487 1269 686 1307 Romanus
707 1282 878 1306 caussam
902 1271 992 1307 belli
1016 1271 1173 1308 haberet
1186 1288 1197 1318 3
1230 1279 1281 1316 et,
1302 1273 1333 1308 si
1353 1286 1419 1310 cu-

295 1334 361 1385 jus
381 1334 510 1385 oppidi
530 1332 679 1370 obsidio
698 1334 879 1370 nunciata
904 1341 1015 1379 esset,
1036 1336 1202 1385 undique
1227 1349 1274 1372 ex
1293 1337 1417 1374 omni-

86 1404 188 1435 Latini
204 1405 275 1436 vin·
300 1400 371 1436 bus
400 1398 549 1449 populis
580 1397 760 1434 auxilium
790 1397 954 1435 obsessis
973 1399 1146 1436 ferretur.
1191 1400 1329 1450 Neque
1355 1408 1415 1439 ta—

83 1456 285 1523 fflg‘stgfigus.
299 1478 402 1508 men,
421 1464 495 1500 nisi
513 1463 715 1500 admodum
735 1477 757 1500 a
781 1465 910 1513 paucis
938 1465 1103 1515 populis,
1124 1465 1267 1502 Pedani
1293 1466 1413 1517 adjuti

302 1534 404 1566 sunt.
441 1527 620 1564 Tiburtes
639 1526 953 1575 Praenestinique,
970 1540 1131 1577 quorum
1150 1541 1241 1577 ager
1257 1531 1415 1580 propior

296 1599 393 1637 erat,
412 1591 558 1628 Pedum
585 1603 800 1640 pervenere.
847 1591 1023 1628 Aricinos
1049 1591 1345 1642 Lanuvinosque
1373 1602 1412 1630 et

293 1656 526 1698 Veliternos,
547 1653 768 1690 Antiatibus
796 1652 946 1690 Volscis
976 1667 1015 1690 se
1045 1654 1334 1705 conjungentes,
1364 1658 1411 1694 ad

293 1722 444 1757 Asturae
479 1718 620 1755 fiumen
652 1716 833 1761 Maenius,
864 1719 1060 1768 inproviso
1092 1719 1261 1763 adortus,
1298 1720 1409 1760 fudit.

295 1782 476 1824 Camillus
497 1783 544 1820 ad
562 1783 707 1819 Pedum
727 1795 812 1818 cum
831 1782 1072 1827 Tiburtibus,
1091 1785 1257 1820 maxime
1280 1784 1406 1822 valido

292 1847 475 1891 exercitu,
508 1845 652 1896 majore
685 1845 798 1890 mole,
828 1859 1054 1896 quamquam
1088 1860 1192 1898 aeque
1225 1860 1407 1899 prospero

289 1919 442 1956 eventu,
462 1918 619 1963 pugnat.
654 1911 877 1949 Tumultum
903 1914 1066 1949 maxime
1084 1915 1283 1964 repentina
1307 1916 1406 1952 inter

286 1977 463 2028 proelium
493 1977 642 2026 eruptio
671 1977 946 2026 oppidanorum
965 1978 1078 2014 fecit:
1111 1979 1152 2014 in
1173 1991 1266 2027 quos
1295 1986 1401 2028 parte

286 2043 473 2080 exercitus
511 2054 707 2084 conversa,
745 2042 925 2079 Camillus
958 2055 1037 2079 non
1067 2043 1249 2093 compulit
1278 2043 1401 2080 solum

287 2118 351 2143 eos
373 2106 472 2141 intra
498 2105 652 2148 moenia,
674 2105 739 2140 sed
767 2105 900 2141 eodem
928 2106 1043 2141 etiam
1062 2106 1135 2148 die,
1155 2119 1271 2155 quum
1296 2108 1398 2157 ipsos

287 2168 503 2217 auxiliaque
532 2181 662 2204 eorum
690 2168 924 2218 perculisset,
945 2169 1126 2219 oppidum
1155 2170 1264 2207 scalis
1284 2172 1396 2220 cepit.

287 2231 438 2268 Placuit
456 2232 556 2275 inde,
570 2231 652 2282 jam
674 2232 816 2282 majore
836 2239 975 2269 conatu
995 2235 1196 2283 animoque
1217 2234 1264 2271 ab
1285 2235 1394 2271 unius

287 2299 570 2349 expugnatione
591 2298 692 2335 urbis
714 2298 760 2335 ad
778 2299 1075 2349 perdomandum
1095 2299 1249 2336 Latium
1273 2300 1394 2336 victo-

1523 1650 1547 1763 ,πρυ
