1573 2598
88 275 135 308 U.
149 274 186 307 C.
201 281 277 308 ⁴206.

88 319 129 351 A.
143 318 185 352 C.
199 324 273 352 466.

307 167 392 210 166
756 183 805 213 r.
829 185 962 215 mvn

303 280 431 319 opera.
486 267 656 306 Primum
684 282 792 319 aequo
821 284 956 322 campo
983 272 1101 321 signis
1130 274 1292 313 conlatis
1319 288 1415 328 pug-

302 338 449 375 natum,
478 331 624 381 ingenti
652 333 751 370 caede
780 335 981 384 utrimque,
1011 335 1174 387 plurimo
1201 339 1413 388 sanguine:

300 400 342 431 et
359 394 540 439 Romani,
567 396 656 445 quia
680 397 848 446 paucitas
874 399 1011 435 damno
1036 400 1235 437 sentiendo
1261 402 1418 452 propior

299 465 396 503 erat,
417 459 575 509 gradum
595 460 812 498 retulissent
826 477 837 507 ς
869 463 909 499 ni
934 462 1076 500 salubri
1102 465 1298 502 mendacio
1324 479 1415 504 con·

298 521 372 565 sul,
392 521 523 571 fugere
547 522 675 559 hostes
701 523 749 560 ab
769 537 887 561 cornu
915 526 1035 563 altero
1054 526 1266 572 clamitans,
1287 529 1416 566 conci-

299 589 420 621 tasset
446 585 591 621 aciem:
623 585 754 636 inpetu
781 586 899 631 facto,
920 588 1007 625 dum
1033 602 1073 626 se
1095 596 1233 641 putant
1251 592 1416 636 vincere,

300 651 435 689 vicere.
491 651 650 696 Consul,
679 658 850 690 metuens
877 667 926 690 ne
953 655 1064 692 nimis
1098 657 1276 693 instando
1304 668 1416 694 reno-

300 721 407 752 varet
434 721 639 759 certamen,
669 717 818 765 signum
854 719 1022 769 receptui
1057 720 1170 758 dedit.
1228 720 1416 758 Interces-

301 793 384 819 sere
407 782 518 831 pauci
543 781 636 825 dies,
656 781 759 818 velut
777 783 902 818 tacitis
923 784 1082 820 induciis
1102 785 1290 835 utrimque
1310 787 1417 836 quie·

300 849 341 880 te
368 850 521 880 sumta:
553 856 620 894 per
647 855 741 892 quos
771 844 903 893 ingens
923 846 978 882 v1s
1004 846 1200 884 hominum
1219 860 1265 884 ex
1292 848 1417 885 omni-

299 909 371 948 bus
390 909 539 945 Volscis
562 908 775 958 AEquisque
799 909 948 959 populis
974 910 1012 946 in
1035 917 1158 947 castra
1176 913 1292 956 venit,
1316 913 1417 950 haud

299 973 491 1016 dubitans,
511 974 543 1009 si
563 972 762 1016 senserint,
774 972 972 1009 Romanos
991 981 1104 1011 nocte
1124 975 1305 1013 abituros.
1333 976 1415 1019 Ita-

299 1051 372 1087 que
390 1037 505 1074 tertia
525 1036 604 1073 fere
622 1036 749 1086 vigilia
768 1037 814 1074 ad
832 1045 955 1074 castra
975 1037 1229 1088 obpugnanda
1246 1041 1416 1078 veniunt.

299 1101 518 1144 Quinctius,
538 1099 670 1137 sedato
689 1099 866 1144 tumultu,
887 1113 998 1149 quem
1023 1108 1146 1139 terror
1173 1102 1320 1140 subitus
1349 1117 1414 1140 ex-

299 1167 454 1209 civerat,
476 1178 591 1214 quum
613 1177 765 1201 manere
790 1165 830 1201 in
854 1166 1030 1202 tentoriis
1054 1168 1228 1216 quietum
1255 1167 1415 1206 militem

291 1229 483 1281 jussisset,
513 1229 769 1266 Hernicorum
798 1230 994 1267 cohortem
1024 1231 1062 1267 in
1091 1232 1294 1268 stationem
1322 1232 1413 1269 edu-

299 1297 351 1332 cit
363 1312 374 1342 ;
407 1296 617 1332 cornicines
636 1294 911 1344 tubicinesque,
932 1297 971 1332 in
990 1309 1107 1346 equos
1127 1299 1328 1348 inpositos,
1349 1311 1413 1335 ca·

298 1371 388 1396 nere
408 1365 496 1395 ante
515 1357 653 1395 vallum
666 1357 792 1407 jubet,
813 1359 1091 1410 sollicitumque
1113 1361 1263 1397 hostem
1282 1362 1328 1398 ad
1355 1361 1413 1398 lu-

300 1436 383 1461 cem
407 1429 561 1459 tenere:
593 1422 778 1473 reliquum
802 1425 925 1460 noctis
946 1425 1038 1461 adeo
1063 1425 1267 1474 tranquilla
1284 1427 1414 1463 omnia

298 1489 341 1525 in
369 1488 500 1524 castris
529 1487 647 1530 fuere,
677 1494 720 1523 ut
751 1489 874 1524 somni
906 1501 1056 1538 quoque
1085 1488 1270 1526 Romanis
1302 1491 1414 1541 copia

298 1557 410 1588 esset.
466 1549 626 1587 Volscos
646 1551 788 1600 species
808 1558 1038 1588 armatorum
1057 1553 1239 1602 peditum,
1260 1566 1354 1602 quos
1374 1560 1413 1591 et

296 1615 422 1667 plures
451 1627 546 1658 esse,
570 1620 609 1651 et
632 1614 830 1652 Romanos
858 1615 1057 1666 putabant,
1085 1617 1255 1653 fremitus
1284 1618 1411 1655 hinni-

297 1686 434 1729 tusque
462 1691 660 1728 equorum,
686 1679 765 1727 qui,
792 1684 830 1715 et
857 1679 1007 1716 insueto
1035 1681 1187 1717 sedente
1214 1681 1354 1730 equite,
1374 1689 1413 1719 et

297 1742 452 1794 insuper
482 1755 589 1779 aures
618 1743 788 1792 agitante
824 1745 964 1788 sonitu,
995 1744 1213 1789 saeviebant,
1244 1745 1411 1783 intentos

297 1805 400 1843 velut
419 1807 466 1843 ad
485 1806 654 1856 inpetum
672 1806 841 1843 hostium
860 1808 994 1844 tenuit.

349 1869 477 1908 LXV.
508 1870 587 1908 Ubi
610 1870 761 1914 inluxit,
782 1871 994 1915 Romanus,
1015 1872 1161 1920 integer
1179 1872 1412 1922 satiatusque

297 1947 433 1971 somno
461 1935 665 1985 productus
691 1935 730 1970 in
750 1935 882 1978 aciem,
902 1935 1042 1972 fessum
1061 1936 1196 1971 stando
1216 1942 1254 1972 et
1272 1936 1410 1985 vigiliis

297 1996 479 2034 Volscum
503 1999 626 2047 primo
652 1999 782 2048 inpetu
805 1999 988 2049 perculit:
1021 2012 1247 2048 quamquam
1266 2012 1411 2039 cessere

297 2061 434 2109 magis,
454 2073 566 2109 quam
595 2061 691 2112 pulsi
710 2062 839 2098 hostes
855 2070 944 2099 sunt
963 2078 970 2099 :
1003 2064 1091 2112 quia
1110 2062 1156 2099 ab
1175 2069 1284 2112 tergo
1303 2070 1411 2100 erant

299 2121 400 2166 clivi,
420 2122 460 2158 in
479 2135 572 2170 quos
599 2130 687 2174 post
711 2124 896 2175 principia
915 2126 1071 2173 integris
1090 2124 1285 2161 ordinibus
1304 2132 1410 2162 tutus

296 2194 470 2238 receptus
488 2187 574 2225 fuit.
630 2189 789 2233 Consul,
813 2189 875 2226 ubi
903 2190 949 2226 ad
978 2190 1146 2238 iniquum
1175 2190 1300 2226 locum
1319 2202 1410 2227 ven-

293 2257 379 2286 tum
398 2256 469 2294 est,
489 2250 589 2286 sistit
613 2251 731 2288 aciem
750 2266 757 2287 :
790 2251 895 2288 miles
920 2265 1018 2300 aegre
1035 2253 1171 2296 teneri,
1191 2252 1352 2289 clamare
1371 2258 1410 2289 et

295 2323 467 2363 poscere,
487 2318 530 2350 ut
552 2313 731 2366 perculsis
751 2314 892 2352 instare
913 2313 1036 2353 liceat.
1091 2315 1270 2354 Ferocius
1289 2320 1409 2365 agunt
