1573 2598
133 233 176 264 U.
187 233 223 263 C.
240 238 313 267 369.

131 275 173 308 A.
187 276 224 307 C.
242 282 316 308 383.

122 1381 244 1419 Nepete
261 1389 307 1411 re-

120 1424 246 1463 cipitur.

326 141 411 182 422
799 142 843 171 T.
867 141 1000 171 mvn

329 228 592 266 circumductis
623 230 757 279 copiis,
788 242 901 278 quam
927 230 1056 265 hostes
1082 228 1278 272 tenebant,
1299 231 1440 266 moenia

329 291 482 340 adgredi
494 291 621 341 jubet,
650 304 728 328 non
748 298 856 328 tanta
875 304 941 342 spe
970 290 1079 326 scalis
1100 291 1184 340 capi
1202 291 1332 328 urbem
1351 304 1440 341 pos-

329 369 383 401 se,
409 370 522 406 quam
550 363 606 400 ut,
634 357 772 393 aversis
800 369 845 392 eo
868 355 1058 398 hostibus,
1081 362 1119 390 et
1137 355 1336 404 oppidanis
1358 355 1441 406 jam

327 422 534 471 pugnando
552 420 660 457 fessis
690 419 882 457 laxaretur
899 419 1022 462 labor,
1044 425 1081 455 et
1100 419 1180 469 ipse
1200 419 1363 468 spatium
1383 420 1441 455 in-

328 485 455 521 trandi
475 485 554 520 sine
575 484 780 520 certamine
808 484 951 520 moenia
975 482 1147 519 haberet.
1193 483 1308 522 Quod
1327 495 1443 531 quum

331 548 443 585 simul
471 549 659 596 utrimque
687 547 831 584 factum
859 554 971 590 esset,
1002 559 1215 597 ancepsque
1241 552 1364 582 terror
1388 546 1442 583 E-

330 618 478 648 truscos
509 612 783 654 circumstaret,
813 617 852 647 et
879 611 1022 647 moenia
1050 623 1197 646 summa
1225 611 1261 646 vi
1293 609 1442 660 obpug-

331 678 428 720 nari,
459 684 497 713 et
525 678 626 714 intra
652 677 795 714 moenia
823 688 904 713 esse
931 677 1083 712 hostem
1102 675 1300 720 viderent3
1332 681 1444 725 porta

333 752 386 784 se,
408 753 490 790 quae
519 753 595 776 una
619 740 719 776 forte
745 753 824 776 non
844 739 1102 781 obsidebatur,
1122 739 1259 788 trepidi
1279 751 1356 774 uno
1376 751 1442 787 ag-

332 804 434 840 mine
454 802 609 853 ejecere.
664 803 813 852 Blagna
831 803 950 839 caedes
969 802 1197 851 fugientium
1224 808 1261 837 et
1286 802 1323 837 iu
1350 801 1443 838 urbe

333 872 372 903 et
390 879 457 917 per
475 879 586 915 agros
608 874 664 902 est
682 867 786 902 facta
804 881 810 901 :
843 866 967 914 plures
988 879 1011 901 a
1035 865 1209 900 Furianis
1231 865 1331 900 intra
1348 877 1443 901 moe-

334 930 398 966 nia
427 930 539 966 caesi:
580 929 773 965 Valeriani
806 929 1056 978 expeditiores
1087 928 1135 964 ad
1167 928 1444 977 persequendos

332 993 466 1039 fuere5
497 1006 567 1030 nec
598 1000 685 1030 ante
713 999 880 1037 noctem,
901 1006 984 1042 quae
1014 997 1261 1042 conspectum
1289 991 1444 1036 ademit,

334 1057 447 1094 finem
477 1057 643 1094 caedendi
671 1057 807 1094 fecere.
863 1057 992 1093 Sutrio
1018 1062 1172 1106 recepto
1194 1056 1446 1105 restitutoque

335 1122 461 1165 sociis,
491 1121 642 1172 Nepete
668 1122 854 1158 exercitus
884 1121 1034 1164 ductus,
1065 1120 1166 1169 quod
1194 1132 1260 1169 per
1285 1119 1445 1156 deditio-

333 1197 420 1222 nem
440 1192 636 1236 acceptum
650 1185 732 1236 jam
753 1192 877 1222 totum
896 1185 1050 1222 Etrusci
1069 1183 1274 1220 habebant.

387 1249 440 1286 X.
469 1249 681 1286 Videbatur
709 1250 792 1300 plus
821 1250 862 1286 in
892 1263 937 1286 ea
960 1249 1053 1285 urbe
1072 1247 1286 1298 recipienda
1305 1245 1444 1283 laboris

334 1312 417 1350 fore
430 1329 441 1359 5
473 1326 550 1350 non
571 1314 610 1350 in
631 1326 676 1349 eo
697 1313 834 1356 solum,
856 1314 957 1363 quod
974 1319 1059 1349 tota
1077 1313 1245 1348 hostium
1267 1317 1361 1354 erat,
1383 1311 1448 1347 sed

337 1377 451 1413 etiam
471 1377 586 1425 qnod,
608 1384 714 1427 parte
733 1377 1016 1427 Nepesinorum
1035 1376 1219 1426 prodente
1239 1375 1446 1417 civitatem,

337 1439 439 1477 facta
458 1447 538 1476 erat
558 1440 712 1476 deditio.
768 1440 877 1476 Mitti
895 1447 1024 1476 tamen
1043 1440 1091 1476 ad
1108 1438 1296 1488 principes
1314 1449 1447 1474 eorum

337 1503 493 1555 placuit,
530 1510 571 1540 ut
604 1510 843 1540 secernerent
875 1516 914 1539 se
948 1503 995 1540 ab
1028 1503 1215 1545 Etruscis,
1245 1501 1445 1550 fidemque,

337 1580 450 1617 quam
487 1567 742 1617 inplorassent
779 1568 826 1603 ab
864 1567 1066 1610 Romanis,
1104 1567 1175 1616 ipsi
1212 1572 1447 1616 praestarent.

338 1631 451 1668 Unde
471 1645 586 1680 quum
606 1644 831 1681 responsum
851 1632 1020 1668 adlatum
1039 1637 1150 1674 esset,
1174 1631 1263 1666 nihil
1283 1641 1355 1666 suae
1379 1641 1448 1677 po-

340 1697 474 1732 testatis
489 1708 570 1738 esse,
592 1696 762 1731 Etruscos
782 1698 908 1732 mania
928 1697 1174 1744 custodiasque
1190 1699 1378 1743 portarum
1397 1698 1448 1729 te·

338 1771 445 1803 nere,-
477 1759 597 1808 primo
618 1758 930 1808 populationibus
951 1760 1032 1808 agri
1055 1765 1178 1794 terror
1207 1765 1264 1794 est
1291 1756 1450 1807 oppida·

338 1823 398 1859 nis
428 1822 625 1858 admotus:
672 1821 819 1865 deinde,
855 1830 1058 1872 postquam
1090 1821 1305 1864 deditionis,
1337 1832 1447 1869 quam

342 1886 549 1929 societatis,
578 1886 666 1921 fides
687 1886 854 1922 sanctior
874 1894 967 1929 erat,
989 1885 1154 1922 fascibus
1175 1892 1449 1922 sarmentorum

342 1962 388 1986 ex
418 1962 510 1997 agro
541 1949 716 1992 conlatis,
737 1949 870 1985 ductus
894 1951 940 1986 ad
964 1951 1107 1986 moenia
1126 1949 1325 1990 exercitus,
1346 1960 1449 1984 com-

342 2013 528 2064 pletisque
547 2011 658 2048 fossis
681 2013 789 2049 scalae
814 2014 991 2056 admotae,
1012 2019 1052 2050 et
1069 2013 1233 2050 clamore
1251 2012 1374 2062 primo
1392 2013 1450 2048 in-

343 2084 507 2129 petuque
526 2076 706 2126 oppidum
727 2077 886 2126 capitur.
943 2077 1145 2127 Nepesinis
1166 2077 1251 2113 inde
1273 2077 1450 2119 edictum,

342 2148 385 2178 ut
411 2155 515 2179 arma
534 2148 705 2192 ponant3
737 2144 915 2192 parcique
936 2142 1087 2193 jussum
1106 2143 1252 2178 inermi.
1298 2141 1451 2178 Etrusci

342 2195 484 2255 pariter
516 2206 648 2240 armati
677 2213 790 2254 atque
819 2206 980 2241 inermes
1015 2206 1114 2242 caesi.
1170 2204 1451 2254 Nepesinorum

343 2282 494 2321 quoque
509 2276 682 2308 auctores
702 2269 904 2309 deditionis
925 2271 1044 2308 securi
1065 2270 1252 2322 percussi:
1287 2269 1451 2306 innoxia
