1573 2598
255 211 346 258 544
720 214 767 245 Τ.
790 215 927 246 mvn

76 309 167 340 U.C.
185 306 362 344 41⁵.bat:
393 305 492 343 leves
512 311 652 350 autem,
674 307 737 356 qui
756 306 905 345 hastam
921 313 1070 345 tantum
1084 319 1259 358 gaesaque
1274 319 1380 358 gere-

74 353 165 384 A·c·
183 359 370 415 33'<'’rent,
400 369 648 407 vocabantur.
679 371 775 409 Haec
802 373 927 422 prima
944 372 1050 409 frons
1079 373 1119 408 in
1148 372 1230 408 acie
1247 372 1381 409 florem

263 433 450 485 juvenum
481 433 770 484 pubescentium
803 435 851 472 ad
880 434 1056 472 militiam
1086 433 1264 473 habebat.
1300 434 1384 471 Ro-

270 497 420 535 bustior
456 498 543 535 inde
581 504 671 535 aetas
707 499 869 536 totidem
916 498 1211 549 manipulorum,
1247 499 1384 549 quibus

269 562 505 614 principibus
543 569 601 599 est
635 576 791 607 nomen,
828 563 898 600 hos
941 563 1209 612 sequebantur,
1247 563 1387 600 scutati

271 639 419 669 omnes,
465 626 677 676 insignibus
725 629 890 665 maxime
932 629 1069 665 armis:
1109 628 1183 666 boc
1225 629 1387 678 triginta

270 689 551 740 manipulorum
580 703 718 739 agmen
746 692 985 742 antepilanos
1016 691 1271 742 adpellabant,
1298 692 1387 741 quia

272 753 342 790 sub
369 754 486 802 signis
509 752 594 804 jam
622 754 687 790 alii
712 756 928 804 quindecim
957 757 1106 793 ordines
1136 755 1384 793 locabantur:

272 830 319 854 ex
352 817 488 866 quibus
517 817 612 854 ordo
641 820 898 869 unusquisque
925 826 1002 857 tres
1031 826 1157 871 partes
1194 819 1384 857 habebat:

271 894 401 918 earum
419 895 722 932 unamquamque
739 884 904 933 primum
923 884 1040 934 pilum
1060 884 1261 921 vocabant.
1298 884 1386 920 Tri-

271 944 343 981 bus
371 959 418 982 ex
446 945 592 982 vexillis
622 947 849 983 constabat:
885 948 1066 984 vexillum
1096 954 1248 984 eentum
1277 954 1386 984 octo-

273 1009 382 1058 ginta
401 1022 466 1046 sex
485 1009 660 1045 homines
690 1016 810 1046 erant.
850 1011 1021 1048 Primum
1038 1010 1216 1048 vexillum
1236 1011 1387 1049 triarios

273 1073 450 1117 ducebat,
478 1083 700 1114 veteranum
725 1074 885 1111 militem
915 1082 1094 1126 spectatae
1122 1076 1297 1112 virtutis:
1329 1088 1388 1112 se-

273 1137 438 1174 cundum
473 1139 652 1181 rorarios,
687 1138 811 1175 minus
843 1139 992 1176 roboris
1027 1146 1138 1176 aetate
1171 1138 1381 1189 factisque:

271 1203 428 1238 tertium
447 1215 641 1245 accensos,
661 1203 826 1239 minimae
846 1203 989 1240 fiduciae
1012 1216 1165 1240 manum
1182 1219 1190 1240 :
1223 1216 1268 1240 eo
1289 1209 1326 1239 et
1345 1204 1384 1239 in

273 1273 504 1316 postremam
532 1267 652 1303 aciem
680 1266 961 1317 rejiciebantur.
993 1267 1072 1304 Ubi
1103 1267 1162 1304 his
1192 1267 1387 1304 ordinibus

272 1331 459 1367 exercitus
497 1332 703 1368 instructus
741 1339 854 1376 esset,
892 1333 1032 1369 hastati
1071 1333 1241 1369 omnium
1277 1331 1389 1381 primi

271 1408 440 1446 pugnam
469 1396 641 1432 inibant:
674 1397 705 1432 si
732 1396 871 1432 hastati
902 1396 1103 1447 profligare
1131 1396 1281 1432 hostem
1309 1408 1388 1432 non

274 1467 444 1510 possent,
466 1460 559 1510 pede
585 1473 716 1510 presso
737 1473 800 1497 eos
827 1461 1107 1497 retrocedentes
1127 1460 1167 1496 in
1193 1459 1391 1496 intervalla

275 1524 449 1560 ordinum
469 1525 656 1574 principes
679 1524 934 1574 recipiebant:
965 1530 1048 1560 tum
1067 1524 1279 1574 principum
1294 1535 1391 1574 pug-

273 1600 325 1623 na
352 1584 459 1633 erat;
490 1588 632 1624 hastati
670 1588 948 1637 sequebantur:
981 1589 1099 1624 triarii
1135 1587 1207 1624 sub
1239 1587 1386 1623 vexillis

275 1652 537 1696 considebant,
572 1654 726 1688 sinistro
760 1665 867 1688 crure
902 1658 1093 1702 porrecto,
1124 1659 1231 1687 scuta
1264 1652 1389 1687 innisa

275 1717 455 1761 humeris,
472 1718 600 1753 hastas
621 1718 796 1754 subrecta
813 1717 966 1767 cuspide
986 1718 1025 1752 in
1044 1723 1145 1752 terra
1160 1716 1267 1759 fixas,
1287 1716 1388 1753 haud

276 1793 383 1817 secus
409 1794 522 1830 quam
552 1781 652 1818 vallo
683 1788 790 1832 septa
818 1783 1032 1819 inhorreret
1062 1783 1175 1825 acies,
1205 1788 1392 1819 tenentes.

276 1844 315 1879 Si
335 1845 437 1894 apud
458 1846 646 1895 principes
667 1858 818 1894 quoque
836 1847 939 1883 haud
967 1847 1057 1882 satis
1086 1858 1265 1896 prospere
1293 1853 1392 1882 esset

273 1914 499 1957 pugnatum,
521 1921 542 1944 a
568 1909 799 1958 primavacie
831 1910 877 1945 ad
903 1910 1054 1946 triarios
1085 1910 1223 1946 sensim
1251 1909 1391 1946 refere-

273 1971 436 2008 bantur:
460 1972 545 2008 inde
567 1986 637 2008 rem
658 1974 707 2009 acl
726 1971 871 2010 triari'os
890 1976 1032 2016 redisse,
1051 1987 1165 2023 quum
1181 1973 1392 2016 laboratur,

275 2035 476 2086 proverbio
495 2036 693 2073 increbuit.
724 2037 863 2074 Triarii
885 2045 1170 2087 consurgentes,
1188 2038 1251 2073 ubi
1271 2038 1310 2073 in
1330 2038 1389 2073 in-

273 2099 431 2136 tervalla
450 2100 622 2136 ordinum
643 2113 797 2137 suorum
823 2104 1011 2153 principes
1032 2110 1070 2138 et
1088 2103 1258 2138 hastatos
1285 2113 1388 2137 rece-

273 2164 430 2213 pissent,
452 2164 642 2215 extemplo
662 2168 884 2216 compressis
905 2167 1098 2203 ordinibus
1118 2165 1220 2203 velut
1239 2166 1390 2203 claude—

273 2227 368 2264 bant
387 2229 464 2265 vias
481 2243 488 2264 :
521 2242 672 2279 unoque
689 2231 902 2267 continenti
919 2232 1084 2280 agmine,
1099 2230 1181 2281 jam
1198 2230 1302 2267 nulla
1323 2243 1388 2279 spe

274 2299 362 2343 post
382 2293 525 2337 relicta,
546 2295 585 2330 in
604 2295 753 2332 hostem
774 2296 992 2332 incidebant
1009 2311 1016 2331 :
1051 2297 1087 2332 id
1109 2302 1188 2332 erat
1205 2295 1389 2332 formido-

274 2356 503 2395 losissimum
517 2359 634 2403 hosti,
651 2372 780 2409 quum,
797 2359 900 2397 velut
915 2360 1036 2398 victos
1053 2361 1229 2403 insecuti,
1250 2373 1386 2397 novam
