1573 2598
388 171 544 199 LIBER
570 170 640 199 IV·
675 170 782 199 cAP.
806 170 971 200 XLVII·
1159 168 1241 214 317

127 264 341 308 praeparata
384 262 492 293 erant
534 255 581 293 ab
624 255 780 292 tribuno
826 256 1016 293 militum:
1058 256 1244 307 jussuque
1256 264 1347 295 U.C.
1365 271 1449 300 3322

129 321 312 371 ejusdem,
345 333 412 371 per
444 321 608 356 minores
640 319 884 368 magistratus
919 321 1053 357 sedato·
1082 322 1122 356 in
1153 321 1244 357 urbe
1256 308 1439 339 A·C·4¹⁵'

128 385 308 428 tumultu,
346 384 600 435 speculatores
646 396 805 434 propere
852 385 957 421 missi
1002 386 1245 428 nunciavere,

129 449 286 485 Tusculi
306 449 417 485 duces
438 447 718 496 exercitumque
738 460 842 493 esse,
874 448 1027 485 hostem
1046 457 1172 485 castra
1189 449 1247 484 lo-

132 525 177 548 co
197 524 276 548 non
296 511 481 547 movisse:
514 518 566 553 et,
587 510 688 559 quod
716 510 921 561 plurimum
949 513 1163 548 animorum
1191 511 1248 548 fe·

132 577 197 621 cit,
221 578 384 614 dictator
412 589 458 612 ex
488 575 819 611 senatusconsulto
849 575 968 611 die-tus
999 576 1048 615 Q.
1069 575 1247 619 Servilius
1262 575 1472 612 oservilius

131 642 306 687 Priscus3
337 642 407 683 vir,
427 639 533 690 cujus
553 639 832 690 providentiam
851 640 890 675 in
911 639 1106 690 republica
1134 653 1250 689 quum
1260 623 1403 654 metator.

132 705 260 742 multis
281 705 363 741 aliis
384 702 673 754 tempestatibus
699 709 789 739 ante
816 710 973 753 experta
992 704 1124 740 civitas
1155 712 1250 747 erat,

132 776 215 806 tum
230 775 368 805 eventu
383 768 464 819 ejus
482 768 586 812 belli,
603 769 704 817 quod
722 769 788 804 uni
804 775 996 805 certamen
1010 769 1254 807 tribunorum

133 840 349 885 suspectum
378 841 467 871 ante
494 846 574 870 rem
592 833 690 870 male
719 839 866 882 gestam
883 833 1036 880 fuerat3
1068 834 1255 883 magistro

133 899 303 949 equitum
323 906 465 942 creato,
487 912 509 935 a
527 911 603 948 quo
621 899 704 948 ipse
718 897 875 934 tribuno
898 898 1063 934 militum
1091 899 1257 934 dictator

134 969 215 999 erat
234 963 370 1006 dictus,
392 962 470 999 filio
491 975 576 1006 suo,
597 968 641 998 ut
658 962 848 998 tradidere
867 962 1034 1010 quidam,
1058 963 1164 1010 (nam
1191 962 1255 998 alii

135 1026 299 1064 Ahalam
328 1026 528 1063 Servilium
555 1027 779 1075 magistrum
799 1027 970 1076 equitum
989 1039 1035 1063 eo
1065 1039 1168 1063 anno
1195 1027 1256 1063 fu·

135 1092 209 1127 isse
239 1091 427 1138 scribunt)
459 1103 563 1127 novo
598 1092 770 1127 exercit-u
797 1090 991 1141 profectus
1025 1091 1072 1127 ad
1099 1090 1256 1134 bellum,

134 1156 269 1193 adcitis
298 1157 363 1205 qui
394 1155 552 1192 Tusculi
591 1162 712 1198 erant,
744 1156 818 1192 duo
852 1155 971 1192 millia
1000 1168 1179 1206 passuum
1211 1156 1259 1192 ab

134 1221 246 1256 hoste
265 1220 395 1256 locum
415 1221 549 1256 castris
571 1221 683 1269 cepit.

188 1284 357 1322 XLVII.
387 1283 609 1320 Transierat
625 1296 671 1320 ex
690 1296 731 1319 re
749 1283 848 1320 bene
867 1289 976 1332 gesta
995 1283 1173 1334 superbia
1193 1296 1261 1320 ne-

136 1349 398 1398 gligentiaque
427 1348 668 1398 adAEunS,
698 1361 785 1396 quae
810 1349 852 1383 in*
878 1347 1066 1384 Romanis
1099 1348 1255 1385 ducibus

134 1413 284 1450 fuerat:
318 1414 445 1462 itaque
466 1413 591 1462 primo
621 1412 750 1448 statim
780 1411 917 1461 proelio
947 1424 1064 1461 quum
1092 1412 1256 1449 dictator
1268 1417 1377 1448 Vincit

136 1478 307 1527 equitatu
344 1478 501 1513 inmisso
539 1477 809 1525 antesignanos
846 1477 1017 1513 hostium
1049 1477 1254 1520 turbasset,
1269 1461 1387 1491 Imm*

131 1541 331 1591 *legionum
350 1542 437 1578 inde
466 1534 575 1590 signa
604 1541 735 1577 inferri
764 1553 925 1591 propere
946 1540 1078 1591 jussit,
1099 1541 1256 1590 signife-

135 1619 295 1655 rumque
313 1619 360 1643 ex
381 1607 458 1642 suis
481 1619 599 1642 unum
626 1611 871 1642 cunctantem
899 1606 1052 1643 occidit.
1109 1606 1258 1642 Tantus

138 1671 250 1707 ardor
279 1671 324 1707 ad
358 1671 613 1707 dimicandum
642 1670 731 1712 fuit,
757 1676 803 1706 ut
828 1671 1001 1719 inpetum
1030 1670 1151 1719 AEqui
1180 1682 1259 1708 non

137 1734 320 1771 tulerint:
360 1736 525 1783 victique
554 1736 634 1771 acie
663 1747 779 1783 quum
807 1734 900 1783 fuga
928 1735 1046 1770 effusa
1073 1735 1259 1784 petissent

138 1805 275 1841 castra,
296 1798 447 1834 brevior
466 1804 637 1848 tempore
657 1803 695 1833 et
724 1798 931 1833 cer-tamine
959 1799 1085 1835 minor
1114 1805 1260 1834 castro-

137 1875 221 1898 rum
240 1863 479 1912 obpugnatio
498 1862 585 1905 fuit,
607 1874 719 1911 quam
738 1861 916 1912 proelium
935 1861 1073 1899 fuerat.
1126 1863 1258 1912 Captis

137 1927 369 1976 direptisque
405 1928 552 1970 castris,
588 1939 703 1975 quum
736 1926 902 1976 praedam
942 1927 1107 1964 dictator
1147 1926 1262 1962 militi

138 1991 401 2033 concessisset,
422 1991 615 2040 secutique
640 1990 852 2039 fugientem
879 2003 926 2026 ex
950 1991 1082 2026 castris
1108 1991 1262 2027 hostem

139 2055 282 2103 equites
300 2056 600 2098 renunciassent,
617 2068 748 2091 omnes
768 2055 984 2091 Lavicanos
1000 2056 1136 2098 victos,
1155 2067 1262 2103 mag-

140 2130 229 2153 nam
247 2125 393 2167 partem
413 2119 625 2168 AEquorum
647 2119 810 2155 Lavicos
831 2119 1074 2167 confugisse;
1107 2125 1262 2168 postero

142 2181 202 2217 die
230 2182 275 2217 ad
302 2182 464 2219 La-vicos
494 2183 625 2219 ductus
655 2183 866 2219 exercitus:
899 2183 1172 2233 oppidumque,
1197 2195 1263 2222 co-

141 2233 242 2281 ronas
264 2246 549 2290 circumdatum,
577 2247 686 2283 scalis
717 2253 872 2297 captum
900 2260 944 2283 ac
974 2247 1164 2297 direptum
1192 2253 1263 2285 est.

143 2308 336 2353 Dictator,
357 2312 527 2348 exercitu
546 2312 689 2349 victore
720 2311 885 2351 Romam
913 2312 1083 2357 reducto,
1110 2312 1171 2348 die
1199 2324 1266 2348 oc-

670 2375 745 2414 1³3
