1573 2598
321 128 407 180 464
774 142 819 171 T.
841 142 974 173 nvn

133 229 173 259 U.
187 229 223 259 C.
239 235 313 265 ³³87·
325 233 449 264 contra
476 229 672 265 utilitatem
696 235 850 267 vestram
881 232 965 278 (etsi
983 231 1146 279 quaedam
1164 236 1287 269 contra
1304 234 1430 270 volun·

131 271 170 301 Λ·
184 271 220 302 C'
238 278 311 304 ³⁶⁵·
327 296 433 327 tatem
446 291 609 340 fuerint)
634 305 714 329 vere
731 293 860 342 referri
874 306 988 342 posse.
1042 296 1104 330 An
1122 294 1199 337 hoc,
1218 296 1250 331 si
1269 295 1433 333 C'laudioe

311 353 474 403 familiae
494 367 564 391 non
587 356 668 398 sim,
697 368 762 393 nec
788 369 831 393 ex
855 358 1013 405 patricio
1038 359 1211 405 sanguine
1234 363 1344 401 ortus,
1368 358 1431 394 sed

320 431 412 455 unus
432 419 629 460 Quiritium
649 420 808 468 quilibet,
830 423 890 469 qui
915 422 1022 457 moclo
1043 433 1099 457 ‘me
1117 422 1249 458 duobus
1271 423 1434 469 ingenuis

322 487 452 525 ortum,
474 487 509 518 et
525 484 640 518 vivere
668 484 708 519 in
725 483 834 520 libera
861 485 1006 520 civitate
1032 487 1155 527 sciam,
1177 486 1325 521 reticere
1344 496 1432 534 pos<

321 547 387 582 sim
400 547 422 582 ,9
449 546 493 582 L.
514 546 618 581 illum
637 545 800 583 Sextium
817 552 853 583 et
883 547 922 584 C.
941 548 1136 591 Licinium,
1161 552 1355 596 perpetuos
1384 547 1432 594 (si

320 609 411 644 Diis
431 608 572 656 placet)
614 609 782 652 tribunos,
813 614 954 646 tantum
982 611 1132 646 licentiae
1159 622 1284 646 novem
1311 610 1429 654 annis,

320 671 442 719 quibus
468 677 635 719 regnant,
664 674 839 716 sumsisse,
869 678 911 709 ut
941 673 1036 710 vobis
1062 678 1191 721 negent
1214 678 1430 721 potestatem

320 735 465 771 liberam
492 737 671 785 suffragii,
700 748 770 772 non
795 738 834 772 in
861 739 1026 780 comitiis,
1051 749 1121 773 non
1147 739 1185 772 in
1214 737 1345 784 legibus
1362 736 1429 784 ju·

317 799 448 842 bendis,
479 811 516 835 se
542 790 789 848 permissuros·
806 802 912 838 esse?
945 801 1021 838 Sub
1052 803 1265 844 conditione,
1295 803 1426 849 inquit,

315 874 378 899 nos
395 863 560 912 reficietis
576 865 751 900 decimum
771 865 940 902 tribunos.
989 865 1083 906 Quid
1106 870 1158 901 est
1175 866 1280 901 aliud
1296 866 1426 908 dicere,

315 929 411 976 quod
434 933 564 976 petunt
583 929 662 972 alii,
682 940 746 965 nos
764 930 856 965 adeo
871 928 1100 977 fastidimus,
1120 933 1161 964 ut
1177 930 1254 964 sine
1269 929 1429 964 mercede

314 1003 449 1039 magna
466 1004 538 1028 non
557 993 787 1040 accipiamus.
844 993 918 1029 Sed
945 1005 1022 1040 quae
1051 993 1193 1028 tandem
1210 993 1279 1028 ista
1295 1003 1430 1028 merces

314 1059 379 1097 est,
401 1067 471 1102 qua
489 1067 550 1092 vos
574 1067 713 1104 semper
743 1056 902 1093 tribunos
923 1056 1039 1104 plebis
1057 1055 1246 1091 habeamus
1260 1056 1282 1090 .9
1307 1059 1349 1091 ut
1366 1067 1429 1108 ro·-

313 1119 488 1166 gationes,
518 1121 648 1167 inquit,
674 1125 828 1163 nostras,
857 1133 919 1158 seu
943 1121 1106 1168 placent,
1131 1131 1192 1155 seu
1220 1118 1425 1166 displicent,

314 1194 374 1218 neu
391 1183 512 1226 utiles,
530 1195 594 1220 seu
610 1185 755 1220 inutiles
777 1190 875 1227 sunt,
896 1196 1015 1221 omnae
1033 1182 1250 1230 conjunctim
1267 1183 1427 1229 accipia-

316 1248 373 1283 tis.
431 1247 580 1284 Obsecro
605 1260 678 1291 vos,
705 1249 895 1297 Tarquinii
914 1249 1047 1285 tribuni
1069 1247 1194 1296 plebis,
1220 1250 1349 1295 putate
1372 1257 1429 1282 me

314 1323 359 1347 ex
385 1314 505 1349 media
529 1315 694 1350 concione
716 1326 828 1350 unum
847 1315 956 1350 civem
973 1313 1193 1349 subclamare
1207 1328 1219 1348 .·
1248 1311 1352 1348 Bona
1368 1322 1428 1348 ve·

313 1376 378 1411 nia
404 1380 524 1412 vestra
550 1377 656 1413 liceat
682 1389 723 1414 ex
744 1377 798 1413 his
814 1376 1059 1425 rogationibus
1079 1376 1205 1423 legere,
1225 1385 1313 1423 quas
1329 1374 1428 1410 salu·

315 1438 392 1475 bres
407 1440 507 1476 nobis
525 1452 700 1477 censemus
718 1452 788 1477 esse
797 1457 813 1485 3
840 1442 1031 1489 antiquare
1047 1441 1155 1476 alias.
1181 1440 1277 1482 Non,
1297 1439 1428 1487 inquit,

315 1502 446 1540 licebit.
495 1505 561 1540 'Tu
581 1503 775 1552 defoenore
793 1510 900 1554 atque
919 1507 1029 1552 agris,
1050 1505 1146 1553 quod
1167 1505 1216 1540 ad
1232 1515 1293 1539 vos
1306 1513 1429 1540 omnes

309 1568 482 1615 pertinet,
501 1567 653 1614 jubeas‚·
681 1574 716 1606 et
735 1569 800 1606 hoe
824 1571 984 1618 portenti
1010 1581 1082 1605 non
1097 1569 1174 1618 fiat
1193 1569 1230 1603 in
1247 1567 1333 1604 urbe
1351 1566 1429 1603 Ro-

312 1642 436 1674 mana,
455 1633 513 1667 uti
533 1632 577 1668 L.
598 1632 760 1668 Sextium
778 1637 885 1681 atque
913 1633 1006 1669 hunc
1036 1632 1074 1668 C.
1095 1632 1277 1668 Licinium
1304 1642 1428 1666 consu-

314 1694 376 1737 les,
408 1696 503 1744 quod
534 1697 747 1744 indignaris,
780 1698 876 1745 quod
906 1697 1136 1738 abominaris,
1164 1695 1320 1732 videas?
1351 1695 1429 1730 Aut

314 1762 434 1796 omnia
454 1763 576 1810 accipe
591 1778 604 1798 .·
632 1767 696 1798 aut
713 1762 806 1798 nihil
821 1762 924 1811 fero.
969 1763 1018 1799 Ut
1035 1763 1066 1798 si
1083 1763 1160 1810 quis
1179 1763 1224 1804 ei,
1244 1772 1347 1808 quem
1365 1771 1429 1796 ur·

311 1829 398 1872 geat
411 1824 548 1873 fames,
567 1837 740 1862 venenum
755 1831 870 1874 ponat
889 1839 969 1863 cum
987 1826 1065 1863 cibo
1077 1843 1091 1870 ,-
1119 1830 1154 1862 et
1172 1830 1237 1861 aut
1254 1824 1430 1860 abstinere

313 1899 369 1930 eo,
387 1889 483 1936 quod
509 1890 620 1926 vitale
646 1891 707 1932 sit,
728 1888 868 1935 jubeat,
899 1895 965 1926 aut
990 1889 1217 1939 mort{ferum
1233 1888 1340 1925 vitali
1357 1888 1426 1924 ad·

313 1952 472 1988 misceat.
523 1952 639 1999 Ergo,
669 1954 699 1988 si
729 1958 818 1990 esset
849 1953 961 1989 libera
989 1953 1063 1989 hoec
1095 1954 1233 1994 civitas,
1265 1963 1335 1987 non
1364 1950 1428 1986 tibi

302 2013 517 2062 frequentes
541 2016 850 2052 subclamassem?
878 2017 948 2052 Abi
975 2016 1061 2052 hinc
1086 2028 1165 2051 cum
1194 2013 1428 2051 tribunatibus

313 2090 357 2114 ac
385 2079 628 2127 rogationibus
655 2081 748 2117 tuis:
776 2081 864 2129 quid
882 2082 903 2116 ,9
937 2081 967 2116 si
997 2085 1036 2116 tu
1063 2091 1134 2115 non
1166 2079 1301 2121 tuleris,
1332 2078 1428 2126 quod

314 2144 538 2194 commodum
563 2148 615 2180 est
638 2144 778 2192 populo
803 2145 977 2193 accipere,
1006 2156 1107 2180 nemo
1133 2145 1215 2186 erit,
1242 2143 1303 2190 qui
1320 2141 1428 2191 ferat

312 2207 404 2243 illud
419 2208 440 2243 ,9
468 2207 510 2244 Si
528 2209 605 2256 quis
629 2210 818 2257 patricius,
836 2210 868 2246 si
895 2210 972 2257 quis
1003 2209 1117 2258 (quod
1144 2209 1202 2244 illi
1226 2208 1350 2252 volunt
1370 2207 1425 2242 in-

310 2271 481 2307 uidiosius
512 2271 597 2318 esse)
633 2272 805 2310 Claudius
833 2273 979 2317 diceret,
1008 2273 1085 2309 Aut
1114 2272 1234 2308 omnia
1258 2270 1424 2319 accipite,
