1573 2598
411 183 564 214 1213ssss
589 185 660 213 vi.
693 184 799 214 cin,
824 185 944 214 xxv.
1151 186 1232 230 443

119 287 194 325 qua
225 274 340 310 modo
373 274 549 310 simulato
582 280 686 310 metu
721 280 924 317 cesserant,
959 287 1003 310 ea
1037 273 1073 309 in
1103 286 1230 310 veram
1247 282 1288 311 U.
1304 281 1340 312 C.
1355 288 1429 318 374.

117 339 249 388 fugam
276 337 396 381 effusi,
423 351 562 386 magna
590 351 675 389 pars
705 345 743 374 et
771 338 809 373 in
838 339 922 387 ipso
952 337 1173 380 certamine,
1195 343 1233 374 et
1245 325 1428 362 A·C·³7⁸‘

118 409 206 453 post
242 403 280 438 in
318 402 408 450 fuga
446 403 558 438 caesi:
599 403 713 438 ceteri
750 403 789 438 in
827 403 972 445 castris,
1004 414 1086 451 quae
1121 407 1234 451 capta

117 468 250 503 eodem
279 468 411 517 inpetu
440 472 540 510 sunt,
571 466 695 517 plures
725 473 853 503 tamen
883 468 998 518 capti,
1024 478 1137 516 quam
1167 479 1233 502 oc-

118 532 198 568 cisi.
662 568 665 570 .

170 596 301 632 XXV.
332 595 410 632 Ubi
437 596 475 631 in
504 596 740 632 recensendis
765 596 923 647 captivis
950 608 1065 644 quum
1086 595 1232 632 Tuscu-

114 660 193 697 lani
223 660 368 709 aliquot
396 660 690 703 noscitarentur,
713 662 847 697 secreti
868 660 915 697 ab
942 659 1024 696 aliis
1046 660 1092 696 ad
1109 660 1231 696 tribu-

114 737 184 760 nos
219 724 469 766 adducuntur,
500 724 912 774 percunctantibusque
940 723 1046 767 fassi,
1076 723 1231 773 publico

96 788 273 824 -consilio
303 801 342 824 se
371 787 577 823 militasse:
618 787 724 838 cujus
755 794 832 824 tam
862 787 977 823 vicini
1006 787 1096 822 belli
1127 793 1231 822 metu

115 852 296 888 Camillus
326 858 465 894 motus,
487 853 663 900 esctemplo
687 864 724 888 se
746 852 898 887 Romam
926 853 1084 898 captivos
1103 852 1231 886 ductu-

115 931 208 960 rum,
239 918 306 960 ait,
327 930 370 953 ne
391 918 519 953 Patres
547 919 667 965 ignari
693 919 777 958 sint,
806 918 1023 952 Tusculanos
1051 915 1095 950 ab
1123 917 1229 951 socie-

115 986 190 1017 tate
218 983 385 1018 descisse:
414 983 539 1016 castris
563 982 800 1028 exercituique
822 982 976 1022 interim,
996 981 1026 1016 si
1050 980 1228 1021 videatur,

111 1049 234 1094 prccsit
254 1048 401 1094 collega.
458 1045 702 1081 Documento
724 1057 818 1080 unus
839 1045 915 1080 dies
936 1044 1073 1086 fuerat,
1095 1042 1142 1079 ne
1162 1056 1230 1080 sua

115 1110 275 1146 consilia
303 1111 520 1146 melioribus
551 1109 769 1160 praeferret:
802 1122 872 1144 nec
895 1115 1020 1146 tamen
1047 1114 1112 1144 aut
1140 1109 1227 1158 ipsi,

117 1181 182 1210 aut
211 1175 251 1210 in
280 1176 448 1210 exercitu
478 1175 651 1222 cuiquam
686 1174 776 1208 satis
815 1172 966 1222 placato
996 1173 1123 1208 animo
1154 1172 1228 1208 Ca-

116 1238 240 1274 millus
270 1238 412 1274 laturus
444 1238 591 1287 culpam
622 1236 701 1287 ejus
728 1237 935 1279 videbatur,
967 1250 1041 1285 qua
1070 1237 1157 1272 data
1186 1237 1227 1272 in

114 1309 192 1339 tani
227 1304 460 1353 praecipitcm
490 1315 616 1338 casum
650 1301 863 1351 respublica
891 1306 1011 1345 esset3
1045 1307 1083 1336 et
1112 1314 1227 1348 quum

113 1368 154 1403 in
191 1369 372 1410 exercitu,
410 1374 491 1403 tum
528 1367 663 1402 Rornae
701 1372 879 1401 constans
918 1366 1087 1401 omnium
1125 1365 1226 1400 fama

114 1438 208 1474 erat,
231 1445 344 1480 quum
365 1433 467 1468 varia
489 1432 642 1467 fortuna
666 1432 704 1466 in
725 1430 870 1467 Volscis
892 1436 998 1479 gesta
1026 1443 1083 1465 res
1112 1436 1223 1472 esset,

112 1495 276 1532 adversae
296 1509 432 1546 pugnae
451 1496 626 1544 fugaeque
646 1496 683 1530 in
704 1495 749 1530 L.
770 1495 886 1530 Furio
906 1494 1068 1544 culpam,
1090 1507 1223 1530 secun-

111 1561 168 1596 dae
197 1561 308 1596 decus
339 1574 450 1596 omne
479 1573 592 1610 penes
612 1560 669 1596 M.
690 1560 844 1596 Furium
869 1572 961 1595 esse.
1019 1546 1242 1594 Introduc-⁷

110 1626 159 1661 tis
189 1626 227 1661 in
265 1632 436 1662 senatum
467 1626 637 1675 captivis,
669 1637 783 1673 quum
812 1623 912 1659 bello
941 1624 1220 1674 persequendos

110 1689 346 1726 Tusculanos
373 1689 503 1724 Patres
531 1689 775 1730 censuissent,
808 1687 1043 1736 Camilloque
1072 1687 1108 1722 id
1139 1686 1219 1722 bel-

108 1754 186 1790 lum
210 1754 477 1798 mandassent,
510 1752 720 1802 adjutorem
742 1753 812 1788 sibi
837 1753 882 1788 ad
901 1765 982 1787 eam
1003 1765 1081 1787 rem
1101 1764 1217 1787 unum
1231 1761 1359 1791 Bellum

106 1819 228 1870 petit:
267 1818 538 1868 permissoque,
569 1824 610 1852 ut
646 1829 692 1852 cx
721 1816 875 1865 collegis
914 1822 1076 1866 optaret,
1108 1829 1216 1865 quem
1230 1805 1423 1878 ῗῃὲῗὲξὲῗέἰθ

109 1881 235 1925 vellet,
269 1888 402 1918 contra
439 1894 543 1931 spem
580 1881 750 1916 omnium
779 1880 824 1916 L.
854 1880 1009 1915 Furium
1042 1881 1214 1929 optavit:
1394 1870 1402 1879 '

108 1959 183 1995 qua
209 1945 470 1981 moderatione
497 1945 612 1981 animi
638 1957 753 1993 quum
780 1944 932 1993 collegae
956 1943 1094 1979 levavit
1119 1944 1216 1979 infa-

81 2011 235 2053 2miam,
268 2015 349 2045 tum
386 2008 458 2045 sibi
492 2008 651 2056 gloriam
688 2008 881 2056 ingentem
918 2008 1076 2057 peperit.
1133 2007 1217 2043 Nec

105 2073 180 2109 fuit
216 2086 300 2109 cum
330 2072 555 2109 Tusculanis
586 2071 749 2107 bellum:
790 2084 882 2121 pace
915 2072 1106 2107 constanti
1140 2072 1397 2109 vimATuscu-

107 2136 322 2173 Romanam
358 2142 572 2179 arcuerunt,
611 2149 723 2185 quam
759 2136 871 2171 armis
908 2148 987 2171 non
1024 2140 1213 2184 poterant.
1226 2122 1400 2197 lezssstffitcie

108 2189 343 2236 Intrantibus
364 2200 454 2236 fines
474 2199 672 2242 Romanis,
692 2212 770 2235 non
790 2199 1041 2247 demigratum
1060 2211 1105 2234 ex
1126 2211 1213 2248 pro·
1228 2209 1390 2247 propulsa-

107 2265 257 2315 pinquis
286 2265 430 2301 itineris
459 2264 566 2308 locis,
586 2277 664 2301 non
685 2264 805 2301 cultus
827 2276 1004 2312 agrorum
1025 2264 1213 2299 intermis-
1226 2258 1309 2283 tum.

106 2341 169 2366 sus
189 2344 196 2366 :
233 2329 450 2380 patentibus
487 2330 606 2380 portis
644 2329 762 2373 urbis,
792 2328 916 2378 togati
953 2327 1103 2364 obviam
1140 2327 1213 2364 fre-

619 2396 699 2434 U6
