1573 2598
366 183 521 213 mmm
545 182 579 211 1.
613 181 719 212 cn.
740 180 910 210 xxxxi.
1142 182 1198 224 49

76 274 150 311 niae
177 271 450 323 proderentur-3
482 281 552 306 nec
583 273 806 318 gererentur
830 266 968 312 solum,
995 268 1061 305 sed
1086 270 1201 306 etiam

76 336 334 374 indicerentur
356 333 457 371 bella
476 332 603 382 aliquo
622 332 722 378 ritu,
748 331 814 383 jus
835 331 883 369 ab
904 332 1062 382 antiqua
1087 342 1202 382 gente

76 399 305 450 AEquicolis,
335 397 436 448 quod
471 409 573 433 nunc
601 395 755 433 feciales
791 396 950 440 habent,
986 396 1200 448 descripsit,

78 478 154 515 quo
182 476 240 501 res
270 468 505 514 repetuntur.
561 461 747 511 LegatuS,
777 461 844 498 ubi
873 461 920 498 ad
948 461 1041 498 fines
1070 474 1202 499 eorum

78 530 196 573 venit,
223 528 324 565 unde
349 539 407 564 res
434 532 672 578 repetuntur,
703 526 828 577 capite
846 525 973 563 velato
998 525 1063 562 filo
1088 525 1202 576 (lanae

78 592 250 630 velamen
268 593 343 640 est)
358 593 471 635 Audi,
487 591 633 640 Jupiter
643 607 656 635 ,·
675 590 813 640 inquit,
834 591 970 633 audite,
977 591 1074 640 fines
1082 608 1096 635 ,-
1119 592 1202 639 (cu-

70 656 300 709 juscumque
331 656 456 706 gentis
485 661 587 699 sunt,
617 655 812 702 nominat)
844 656 973 692 audiat
987 654 1067 704 fas.
1123 656 1205 704 Ego

76 735 155 760 sum
176 723 340 772 publicus
365 724 513 760 nuncius
536 722 665 771 populi
683 721 853 765 Romani,
874 720 973 769 juste
995 723 1125 770 pieque
1154 723 1202 758 le-

76 791 183 836 gatus
203 788 317 830 venio,
342 787 522 835 verbisque
547 787 634 822 meis
649 786 747 836 fides
770 787 828 822 sit.
885 784 1042 834 Peragit
1070 785 1204 821 deinde

79 849 285 901 postulata.
342 849 439 886 Inde
456 849 483 886 J
486 862 597 887 ovem
625 855 764 886 testem
785 848 879 886 facit
897 863 903 884 :
937 850 980 885 Si
996 860 1060 897 ego
1077 848 1206 896 injuste

82 917 246 964 inpieque
263 916 344 952 illos
362 915 518 951 homines
541 915 691 962 illasque
707 924 763 950 res
787 913 909 950 dedier
931 914 1060 949 nuncio
1079 914 1207 962 populi

85 980 241 1017 Romani
264 980 354 1016 mihi
376 991 534 1028 exposco,
560 983 635 1015 tum
653 980 784 1027 patriae
807 982 1003 1027 compotem
1023 989 1080 1014 me
1101 989 1205 1014 num·-

85 1057 192 1094 quam
208 1045 288 1080 siris
303 1056 383 1080 esse.
430 1043 542 1086 Haec,
563 1055 680 1092 quum
698 1042 792 1080 fines
813 1042 1089 1093 suprascandit,
1108 1042 1204 1086 haec,

85 1110 311 1159 quicumque
333 1109 368 1144 ei
395 1108 537 1159 primus
556 1108 614 1144 vir
635 1106 768 1144 obvius
787 1106 917 1152 fuerit,
937 1107 1032 1151 haec,
1053 1114 1207 1158 portam

85 1173 315 1222 ingrediens,
333 1173 430 1215 haec,
450 1171 579 1209 forum
600 1172 807 1221 ingressus,
830 1172 960 1223 paucis
980 1172 1103 1209 verbis
1124 1185 1206 1210 car-

83 1237 196 1274 minis
219 1236 536 1286 concipiendique
553 1234 806 1285 jurisjurandi
834 1236 1006 1279 mutatis,
1033 1237 1206 1286 peragit:

51 1351 54 1353 q
85 1302 117 1338 si
138 1313 217 1338 non
242 1301 443 1344 deduntur,
465 1312 560 1350 quos
580 1300 768 1350 exposcit,
789 1299 921 1337 diebus
940 1299 1062 1336 tribus
1083 1307 1122 1337 et
1139 1302 1208 1338 tri-

85 1367 192 1417 ginta
213 1368 292 1415 (tot
311 1366 412 1403 enim
438 1364 640 1402 sollemnes
660 1365 767 1413 sunt)
789 1366 969 1416 peractis,
989 1365 1133 1403 bellum
1153 1367 1209 1405 ita

84 1431 244 1468 indicit:
276 1432 388 1474 Audi,
408 1430 566 1479 Jupiter,
597 1435 632 1467 et
660 1435 712 1474 tu,
739 1431 852 1475 szo,
884 1431 1045 1475 Quirine,
1072 1432 1211 1481 Diique

84 1508 201 1533 omnes
225 1496 386 1538 coelestes,
406 1506 533 1543 vosque
555 1499 747 1539 terrestres,
766 1507 894 1544 vosque
918 1495 1052 1547 inferni
1076 1498 1210 1533 audite.

86 1562 166 1611 Ego
185 1573 245 1598 vos
267 1566 387 1604 testor,
413 1561 587 1610 populum
612 1562 729 1605 illum,
762 1561 1010 1611 (quicumque
1039 1569 1109 1606 est,
1139 1575 1212 1599 no-

86 1627 223 1673 minat)
257 1625 426 1673 injustum
456 1637 540 1669 esse,
570 1637 681 1674 neque
703 1625 767 1673 jus
789 1627 1002 1675 persolvere.
1059 1628 1133 1664 Sed
1168 1629 1214 1664 de

1214 455 1292 486 Belli
1309 455 1391 486 indi-

1213 498 1304 530 cendi
1318 499 1406 530 ritus.

85 1692 161 1727 istis
177 1690 278 1726 rebus
295 1691 332 1726 in
352 1691 480 1738 patria
495 1687 647 1736 majores
663 1695 754 1726 natu
771 1691 1000 1734 consulemus,
1021 1703 1088 1739 quo
1100 1696 1229 1740 pacto·

79 1753 140 1801 jus
157 1758 314 1790 nostrum
333 1755 586 1802 adipiscamur.
643 1754 742 1790 Cum
768 1754 828 1790 his
857 1755 1016 1791 nuncius
1038 1754 1210 1792 Romam

89 1818 135 1855 ad
165 1818 439 1855 consulendum
474 1818 585 1855 redit.
641 1817 857 1854 Confestim
892 1831 960 1855 rex
994 1819 1054 1855 his
1089 1819 1210 1858 ferme

88 1882 210 1919 verbis
250 1882 382 1919 Patres
427 1881 679 1919 consulebat:
723 1883 884 1924 Quarum
913 1895 1045 1927 rerum,
1076 1885 1208 1929 litium,

88 1961 290 1986 caussarum
309 1950 467 1986 condixit
486 1955 593 1998 pater
609 1955 778 1999 patratus
794 1953 923 2000 populi
941 1951 1099 1989 Romani
1120 1954 1210 1995 Qui-

87 2015 210 2050 ritium
236 2015 336 2061 patri
358 2018 507 2063 patrato
530 2015 730 2063 priscorum
752 2015 967 2052 Latinorum
994 2016 1209 2054 hominibus-

88 2090 153 2126 que
175 2079 302 2126 priscis
320 2076 475 2121 Latinis,
497 2091 583 2126 quas
606 2091 662 2115 res
687 2080 781 2123 dari,
798 2080 900 2129 fieri,
925 2081 1014 2117 solvi
1036 2083 1206 2130 oportuit,

89 2153 174 2190 quas
198 2153 252 2178 res
268 2153 332 2178 uec
357 2143 542 2184 dederunt,
561 2154 625 2179 nec
641 2141 823 2191 fecerunt,
843 2156 907 2180 nec
925 2145 1115 2189 solverunt,
1135 2147 1208 2190 dic,

89 2203 213 2253 inquit
240 2205 289 2247 ei,
318 2217 431 2254 quem
463 2205 627 2256 primum
656 2207 886 2243 sententiam
914 2207 1092 2257 rogabat,
1122 2211 1210 2258 quid

88 2281 202 2306 censes
218 2271 256 2318 ,9,
268 2268 370 2306 Tum
390 2269 472 2306 ille:
505 2271 606 2307 Puro
619 2272 751 2319 pioque
769 2272 887 2309 duello
906 2274 1110 2321 quaerendas
1128 2286 1207 2310 cen-

84 2345 156 2377 seo,
188 2335 308 2382 itaque
334 2335 520 2379 consentio,
550 2335 799 2385 consciscoque.
855 2335 950 2373 Inde
978 2335 1110 2374 ordine
1142 2336 1206 2375 alii

141 2395 247 2436 Vox„
266 2397 299 2437 Ι.
657 2399 698 2436 D
