1573 2598
121 2045 267 2077 veientes

121 2097 208 2121 vicu.

323 162 404 208 152
773 167 819 205 tr.
846 167 977 199 mvn

322 252 610 302 praesidiumque
647 261 929 304 expugnatum:
968 261 1158 294 trecentos
1191 269 1258 296 sex
1291 260 1432 310 perisse

322 318 412 353 satis
441 318 643 353 convenit:
676 331 791 355 unum
822 332 940 370 prope
968 320 1149 371 puberem
1181 328 1292 360 aetate
1324 324 1434 360 relic-

320 387 417 424 tum,
448 381 603 431 stirpem
633 383 736 430 genti
760 382 902 427 Fabiae,
933 384 1130 434 dubiisque
1159 386 1270 423 rebus
1303 386 1434 437 populi

322 441 491 480 Romani
517 455 615 495 saepe
638 445 741 481 domi
767 446 931 496 bellique
949 448 1008 485 vel
1034 450 1241 486 maximum
1265 449 1434 486 futurum

324 508 517 544 auxilium.

377 571 446 608 LI.
475 572 605 611 Quum
629 571 710 609 haec
737 581 893 625 accepta
910 574 1033 612 clades
1054 582 1165 619 esset,
1180 575 1263 626 jam
1283 577 1326 613 C.
1346 576 1436 613 Ho-

324 635 440 671 ratius
479 642 516 671 et
544 635 590 672 T.
615 635 817 673 Menenius
850 638 1023 675 consules
1061 647 1179 676 erant.
1233 640 1437 677 Menenius

323 699 498 735 adversus
526 699 673 737 Tuscos
702 701 862 738 victoria
894 701 1013 739 elatos
1052 703 1252 740 confestim
1288 705 1437 742 missus.

323 764 423 800 Tum
448 776 598 813 quoque
620 764 719 801 male
743 772 954 815 pugnatum
973 773 1042 810 est,
1065 774 1103 803 et
1120 767 1337 804 Janiculum
1366 769 1438 804 ho-

325 833 399 863 stes
429 839 684 878 occupavere:
717 829 944 879 obsessaque
972 831 1062 867 urbs
1084 831 1197 874 foret,
1222 844 1332 881 super
1358 831 1440 868 bel-

327 890 403 927 lum
437 905 589 928 annona
624 899 831 942 premente,
873 895 1118 941 (transierant
1155 897 1254 931 enim
1288 896 1440 932 Etrusci

327 954 512 1000 Tiberim)
534 956 572 990 ni
593 954 777 991 Horatius
804 957 936 992 consul
965 970 1010 993 ex
1030 958 1177 993 Volscis
1207 965 1306 994 esset
1332 971 1441 995 revo-

328 1025 463 1057 catus:
503 1019 670 1068 adeoque
706 1020 744 1056 id
777 1020 919 1056 bellum
952 1021 1041 1071 ipsis
1071 1022 1209 1057 institit
1237 1023 1441 1066 moenibus⁹

328 1087 371 1118 ut
398 1082 521 1132 primo
546 1089 757 1132 pugnaturn
776 1083 822 1119 ad
843 1083 930 1133 Spei
949 1085 999 1120 sit
1018 1097 1125 1133 aequo
1143 1084 1285 1128 hIarte,
1304 1086 1442 1123 itenun

328 1146 375 1182 ad
411 1153 560 1196 portam
590 1147 790 1184 Collinam.
847 1148 908 1185 Ibi
945 1161 1171 1198 quamquam
1204 1162 1320 1198 parvo
1357 1162 1441 1185 mo·

327 1217 456 1248 mento
486 1212 658 1261 superior
684 1211 860 1248 Romana
889 1224 946 1248 res
975 1211 1062 1255 fuit,
1092 1213 1285 1248 meliorem
1313 1218 1442 1249 tamen

328 1275 500 1318 militem,
522 1282 674 1325 recepto
694 1277 854 1325 pristino
874 1277 1016 1319 animo,
1038 1276 1074 1312 in
1096 1275 1223 1312 futura
1247 1276 1382 1325 proelia
1403 1276 1442 1312 id

295 1361 301 1368 -
330 1344 520 1376 certamen
548 1339 650 1376 fecit.
705 1340 753 1375 A.
773 1338 966 1387 Virginius
996 1345 1034 1375 ct
1063 1339 1125 1388 Sp.
1148 1338 1325 1375 Servilius
1352 1351 1444 1374 con—

292 1402 299 1410 ‘
332 1402 429 1439 sules
466 1402 584 1439 fiunt:
624 1408 711 1453 post
740 1409 933 1452 acceptam
962 1403 1172 1452 proximam
1201 1414 1338 1452 pugnae
1367 1401 1444 1438 cla-

331 1466 415 1502 dem
437 1466 615 1502 Veientes
645 1465 860 1502 abstinuere
889 1466 994 1502 acie:
1026 1465 1291 1515 populationes
1322 1472 1443 1508 erant,

330 1537 369 1566 et
384 1530 485 1566 velut
506 1530 551 1566 ab
573 1543 657 1566 arce
673 1530 837 1566 Janiculi
858 1530 997 1579 passim
1016 1530 1055 1565 in
1073 1529 1291 1565 Romanum
1312 1541 1445 1577 agrum

330 1596 480 1644 inpetus
501 1595 660 1630 dabant:
693 1608 769 1630 non
792 1607 947 1642 usquam
967 1606 1104 1643 pecora
1123 1599 1219 1635 tuta,
1239 1605 1317 1628 non
1337 1605 1445 1641 agre-

331 1665 406 1694 stes
433 1664 551 1694 erant.
608 1658 720 1708 Capti
744 1657 875 1693 deinde
899 1657 1028 1693 eadem
1052 1663 1131 1692 arte
1155 1662 1256 1698 sunt,
1283 1668 1357 1704 qua
1386 1668 1446 1691 ce-

331 1728 467 1773 perant
484 1721 622 1758 Fabios
643 1736 650 1756 :
683 1722 801 1757 secuti
831 1721 954 1757 dedita
976 1732 1091 1769 opera
1119 1720 1258 1768 passim
1284 1718 1332 1754 ad
1353 1718 1448 1754 inle-

333 1785 462 1821 cebras
496 1785 676 1836 propulsa
707 1797 858 1834 pecora,
888 1783 1170 1833 praecipitavere
1198 1782 1237 1818 in
1267 1781 1444 1818 insidias:

333 1863 408 1899 quo
434 1849 557 1900 plures
580 1855 702 1892 erant,
723 1847 846 1898 major
872 1847 989 1883 caedes
1015 1846 1099 1883 suit.
1155 1845 1216 1881 Ex
1243 1846 1315 1881 hac
1344 1845 1449 1882 clade

334 1920 444 1950 atrox
472 1914 528 1949 ira
555 1912 708 1963 majoris
738 1912 852 1948 cladis
877 1923 1008 1947 caussa
1035 1916 1148 1957 atque
1173 1909 1323 1944 initium
1347 1908 1446 1944 fuit:

333 1976 495 2028 trajecto
524 1977 624 2013 enim
653 1982 766 2013 nocte
784 1975 929 2017 Tiberi,
957 1971 1254 2009 castra-Servilii
1284 1971 1449 2008 consulis

336 2041 459 2078 adorti
492 2046 579 2077 sunt
608 2040 854 2090 obpugnare:
887 2038 973 2073 inde
1005 2037 1079 2073 fusi
1112 2048 1250 2084 magna
1281 2035 1381 2072 caede
1411 2035 1451 2072 in

335 2103 553 2141 Janiculum
577 2116 616 2140 se
642 2116 740 2152 aegrc
768 2113 953 2151 recepere.
1010 2099 1222 2135 Confestim
1252 2097 1385 2134 consul
1413 2104 1451 2134 et

337 2168 418 2219 ipse
442 2168 579 2205 transit
599 2167 782 2209 Tiberim,
818 2170 942 2202 castra
973 2164 1041 2200 sub
1071 2162 1249 2199 Janiculo
1282 2174 1451 2199 commu·

338 2233 418 2270 nit:
451 2238 603 2282 postero
623 2232 696 2275 die,
718 2231 798 2268 luce
818 2236 916 2272 orta,
936 2228 1109 2264 nonnihit
1136 2233 1175 2263 et
1201 2227 1378 2264 hesterna
1396 2225 1452 2262 fe·

338 2295 482 2334 licitate
500 2309 636 2348 pugnae
655 2296 777 2340 ferox,
797 2294 916 2344 magis
936 2299 1077 2336 tamen,
1098 2290 1200 2342 quod
1224 2291 1355 2342 inopia
1371 2289 1450 2327 fru-
