1573 2598
314 196 369 239 14
769 197 813 227 T.
838 197 971 229 mvn

309 286 383 323 isse
408 283 593 324 ludicrum
618 285 758 331 ferunt,
781 294 818 324 et
838 301 860 324 a
879 287 1093 332 Pallantem
1113 285 1206 324 urbe
1223 288 1424 333 Arcadica,

307 349 552 394 Pallantium,
574 350 660 387 dein
679 350 881 395 Palatium,
901 357 1072 388 montem
1091 350 1334 401 adpellatum.
1364 352 1426 390 Ibi

307 413 540 458 Evandrum,
570 416 634 464 qui
657 428 704 451 ex
732 427 778 451 eo
808 428 946 464 genere
970 416 1161 452 Arcadum
1182 415 1311 453 multis
1337 423 1426 453 ante

306 479 594 529 tempestatibus
615 492 660 515 ea
677 485 851 516 tenuerat
870 480 967 524 loca,
989 479 1171 517 sollemne
1191 481 1358 517 adlatum
1378 493 1425 517 ex

304 543 471 581 Arcadia
498 543 719 587 instituisse,
741 550 782 580 ut
810 544 901 580 nudi
924 543 1099 594 juvencS‚
1122 545 1293 595 Lyceum
1318 544 1426 582 Pana

304 612 542 650 venerantes,
576 620 642 657 per
678 606 801 643 lusum
834 614 948 657 atque
979 608 1172 644 lasciviam
1203 615 1423 654 currerent3

304 683 418 721 quem
446 670 613 706 Romani
643 671 778 707 deinde
806 678 990 708 vocarunt
1020 671 1169 709 Inuum.
1226 671 1330 708 Huic
1360 673 1425 709 de-

306 736 393 771 ditis
419 735 579 778 ludicro,
600 748 714 785 quum
738 735 920 772 sollemne
939 742 1073 772 notum
1093 742 1205 779 esset,
1227 736 1425 773 insidiatos

306 799 356 836 ob
384 800 478 836 iram
504 800 638 850 praedae
666 801 812 836 amissae
838 800 1020 845 latrones,
1042 814 1157 850 quum
1182 799 1370 837 Romulus
1390 801 1426 837 vi

306 877 346 900 se
370 864 611 907 defendisset,
634 864 797 901 Remum
825 866 992 915 cepisse3
1025 872 1178 915 captum
1206 865 1286 913 regi
1305 865 1426 901 Amu-

305 930 359 967 lio
378 932 592 975 tradidisse,
610 932 711 969 ultro
731 938 965 969 accusantes.
996 933 1156 969 Crimini
1177 932 1339 968 maxime
1358 931 1425 968 da-

305 995 413 1040 bant,
434 997 472 1032 in
494 996 708 1033 Numitoris
729 1010 841 1045 agros
863 996 910 1034 ab
933 998 992 1033 his
1012 998 1184 1046 inpetum
1203 996 1306 1032 fieri:
1339 996 1427 1032 inde

306 1071 387 1103 eos,
418 1059 592 1097 conlecta
613 1059 800 1110 juvenum
829 1073 959 1104 manu,
989 1061 1168 1097 hostilem
1196 1061 1236 1096 in
1271 1060 1427 1096 modum

305 1122 451 1173 praedas
481 1136 615 1172 agere:
649 1125 701 1159 sic
730 1124 927 1160 Numitori
956 1124 1003 1161 ad
1033 1123 1259 1175 supplicium
1280 1122 1425 1160 Remus

306 1187 466 1223 deditur.
524 1187 611 1223 Jam
641 1188 728 1224 inde
755 1187 802 1224 ab
832 1189 944 1224 initio
970 1187 1154 1224 Faustulo
1183 1199 1266 1236 spes
1287 1187 1425 1230 fuerat,

305 1250 450 1298 regiam
470 1250 625 1299 stirpem
651 1251 750 1300 apud
779 1263 818 1286 se
847 1251 1026 1296 educari3
1058 1263 1145 1287 nam
1168 1256 1206 1286 et
1231 1251 1426 1300 expositos

297 1312 411 1364 jussu
429 1313 527 1361 regis
548 1312 890 1356 infantes-sciebat,
912 1320 949 1350 et
974 1321 1138 1364 tempuS,
1159 1326 1235 1362 quo
1260 1314 1340 1364 ipse
1359 1325 1424 1350 eos

303 1377 530 1421 sustulisset,
552 1378 599 1413 ad
618 1377 655 1413 id
677 1378 798 1428 ipsum
821 1390 1056 1426 congruere3
1089 1378 1153 1414 sed
1183 1390 1262 1414 rem
1290 1378 1424 1414 imma·
1445 1398 1448 1400 -

301 1446 441 1485 turam,
471 1441 544 1477 nisi
575 1448 640 1478 aut
662 1454 729 1491 per
755 1442 1010 1485 occasionem,
1031 1447 1096 1478 aut
1125 1453 1192 1491 per
1219 1441 1426 1478 necessita-
1480 1468 1483 1471 -

301 1510 394 1549 tem,
425 1506 561 1556 aperiri
589 1505 793 1542 noluerat:
825 1507 1030 1543 necessitas
1063 1506 1167 1557 prior
1195 1505 1321 1542 venit:
1353 1506 1424 1550 ita,

301 1577 407 1609 metu
426 1571 619 1615 subactus,
639 1571 809 1608 Romulo
835 1585 914 1608 rem
937 1573 1069 1622 aperit.
1125 1571 1241 1608 Forte
1270 1577 1308 1607 et
1336 1570 1422 1607 Nu-

300 1636 445 1680 mitori,
466 1649 580 1685 quum
607 1637 646 1673 in
666 1637 838 1673 custodia
856 1636 1023 1672 Remum
1044 1635 1216 1679 haberet,
1237 1635 1422 1672 audisset-

300 1713 387 1750 que,
418 1701 590 1749 geminos
625 1713 705 1737 esse
733 1700 883 1744 fratres,
911 1699 1168 1750 comparando
1200 1706 1239 1735 et
1271 1705 1423 1736 aetatem

300 1777 446 1808 eorum,
468 1771 506 1800 et
528 1766 649 1814 ipsam
668 1765 823 1802 minime
843 1764 1014 1801 servilem
1042 1763 1222 1806 indolem,
1243 1764 1423 1813 tetigerat

301 1830 469 1866 animum
498 1830 681 1866 memoria
710 1836 919 1879 nepotum:
956 1828 1260 1878 sciscitandoque
1288 1828 1422 1865 eodem

85 1891 247 1925 ROrmssUS
260 1895 292 1920 et
303 1894 487 1944 pervenit,
508 1900 551 1929 ut
579 1894 680 1930 haud
708 1893 841 1943 procul
868 1899 980 1936 esset,
1002 1894 1092 1942 quin
1111 1893 1276 1929 Remum
1299 1905 1420 1941 agno-

86 1937 209 1967 Remus
226 1944 244 1964 a

83 1979 258 2011 Numitore

84 2023 195 2063 agniti.

83 2280 258 2316 Amfflmm

82 2327 288 2358 obtruncant,

83 2375 116 2401 et
136 2368 290 2401 Numito-

302 1963 433 1994 sceret.
491 1957 552 1993 Ita
571 1957 736 2006 undique
755 1958 834 2005 regi
855 1956 963 1993 dolus
983 1957 1158 1993 nectitur.
1215 1955 1419 2000 Romulus,

299 2035 379 2059 non
409 2035 493 2058 cum
524 2021 640 2070 globo
663 2020 861 2071 juvenum,
896 2024 982 2069 (nec
1018 2022 1118 2057 cuim
1155 2028 1235 2057 erat
1268 2021 1315 2057 ad
1343 2021 1420 2058 vim

301 2092 471 2137 apertam
500 2086 585 2136 par)
609 2086 674 2121 sed
693 2085 774 2121 aliis
795 2086 870 2122 alio
894 2086 1029 2122 itinere
1047 2085 1164 2136 jussis
1192 2091 1296 2122 certo
1322 2092 1420 2121 tem-

300 2163 394 2201 pore
413 2151 459 2187 ad
482 2151 625 2199 regiam
641 2150 767 2185 venire
787 2150 1016 2200 pastoribus,
1034 2150 1080 2186 ad
1101 2162 1228 2199 regem
1247 2150 1419 2200 inpetum

301 2214 394 2251 facit
413 2229 420 2249 :
443 2220 479 2251 ct
496 2227 518 2250 a
537 2214 651 2250 domo
668 2214 882 2249 Numitoris
899 2214 973 2251 alia
988 2220 1207 2264 comparata
1221 2226 1337 2250 manu
1351 2212 1418 2251 ad-

293 2276 407 2329 juvat
424 2278 582 2316 Remus.
640 2278 700 2315 Ita
720 2291 846 2328 regem
867 2278 1110 2316 obtruncant.

354 2342 423 2382 VI.
451 2342 649 2390 Numitor,
668 2343 768 2381 inter
794 2343 959 2397 pritnum
976 2343 1182 2382 tumultum
1206 2343 1334 2381 hostes
1357 2340 1417 2380 in·
