1573 2598
386 182 544 214 LIBER
567 181 666 212 vn.
699 180 806 211 CAP·
830 181 940 211 XIX·
1133 178 1218 228 495

98 287 208 326 quam
240 276 290 313 ad
323 275 560 317 serviendum,
595 277 710 322 putet.
766 272 860 310 Non
897 273 1033 309 desunt
1075 273 1220 311 tribuni

77 330 79 332 ,
100 347 274 378 auctores
293 340 515 384 turbarum3
546 339 613 375 sed
632 339 731 375 iuter
750 338 962 374 concitatos
991 350 1058 388 per
1077 350 1116 374 se
1136 351 1219 374 om·

98 417 166 441 nes
194 406 258 442 vix
276 405 388 441 duces
416 405 596 440 eminent.
653 402 870 451 Aliquoties
889 401 1032 438 frustra
1057 403 1097 438 in
1117 415 1220 438 cam·

97 480 188 519 pum
208 469 430 505 descensum
449 480 565 517 quum
584 473 696 510 esset,
718 465 901 515 multique
928 478 995 516 per
1013 466 1219 502 seditiones

98 533 176 569 acti
202 532 414 570 comitiales
444 532 523 568 dies
537 547 548 578 3
581 538 775 581 postremo
802 530 911 566 victae
941 530 1221 580 perseverantia

98 598 299 635 consulum
318 597 439 649 plebis
467 610 513 634 eo
533 597 643 633 dolor
662 597 800 647 erupit,
822 602 864 632 ut
890 595 1080 639 tribunos,
1101 601 1222 633 actum

96 675 170 699 esse
197 665 240 699 de
277 664 442 700 libertate
477 661 746 705 vociferantes,
783 662 1125 710 relinquendumque
1151 672 1222 698 non

97 739 267 776 campum
289 727 371 774 jam
399 729 528 770 solum,
555 728 618 763 sed
646 728 757 762 esiam
784 726 905 762 urbem
938 731 1084 774 captam
1116 730 1224 774 atque

97 791 298 840 obpressum
313 804 423 839 regno
439 793 695 839 patriciorum,
711 795 849 826 moesta
865 789 970 839 plebs
989 796 1221 838 sequeretur.

100 855 301 899 Consules,
328 855 450 892 relicti
480 868 503 891 a
528 861 636 905 parte
662 854 808 905 populi,
829 866 896 905 per
925 853 1220 903 infrequentiam

100 921 257 957 comitia
288 919 409 956 nihilo
443 920 596 968 segnius
629 918 858 968 perficiunt:
896 919 1014 954 creati
1044 918 1218 954 consules
1234 922 1276 952 U.
1293 922 1330 953 C.
1347 930 1424 958 401.

101 984 215 1021 ambo
246 985 411 1035 patricii,
450 983 507 1020 M.
545 983 686 1019 Fabius
717 982 928 1018 Ambustus
965 983 1135 1026 tertium,
1172 983 1219 1021 T.
1232 967 1273 998 Α·
1288 967 1324 997 C·
1342 973 1419 1000 ³⁵²³

99 1049 316 1089 Quinctius.
373 1049 419 1084 ln
447 1047 673 1097 quibusdam
701 1046 900 1083 annalibus
927 1060 996 1098 pro
1022 1046 1069 1084 T.
1096 1047 1222 1087 Quin-

98 1114 178 1149 ctio
196 1114 254 1150 M.
274 1113 481 1164 Popillium
501 1112 696 1149 consulem
715 1112 882 1148 invenio.

154 1178 272 1216 XIX.
302 1178 393 1214 Duo
425 1177 526 1214 bella
558 1190 604 1213 eo
634 1190 737 1213 anno
766 1189 946 1227 prospere
971 1182 1100 1225 gesta:
1134 1190 1221 1214 cum

101 1241 400 1291 Tiburtibusque
436 1242 483 1277 ad
517 1241 749 1277 deditionem
786 1247 1010 1291 pugnatum.
1069 1241 1221 1278 Sassula

99 1319 149 1343 ex
172 1306 231 1343 his
252 1306 341 1342 urbs
362 1312 495 1356 capta:
527 1311 729 1355 ceteraque
748 1306 888 1356 oppida
908 1305 1078 1342 eamdem
1096 1304 1220 1342 fortu-

100 1384 189 1408 nam
214 1371 452 1413 habuissent,
471 1370 511 1405 ni
538 1370 714 1406 universa
732 1383 839 1419 gem,
861 1371 996 1421 positis
1023 1371 1151 1413 armis,
1179 1371 1217 1406 in

100 1434 213 1471 fidem
235 1434 401 1471 consulis
425 1435 602 1471 venisset.
658 1435 954 1485 Triumphatum
974 1435 1019 1471 de
1043 1434 1215 1470 Tiburti·
1227 1439 1437 1513 Lll'riTufgphus

1249 1492 1265 1511 e
1311 1494 1317 1512 1
1347 1485 1425 1514 urti-

98 1498 170 1535 bus
186 1514 193 1535 :
227 1498 396 1547 alioquin
415 1499 516 1534 mitis
535 1499 695 1534 victoria
712 1498 797 1535 fuit.
854 1498 901 1535 In
916 1498 1213 1547 Tarquinienses
1228 1526 1306 1555 bus·
1330 1536 1408 1566 sup-

100 1562 235 1599 aeerbe
255 1563 440 1605 saevitum,
461 1562 589 1598 multis
610 1561 834 1598 mortalibus
854 1563 893 1598 in
914 1563 994 1598 acie
1014 1562 1119 1598 caesis
1138 1577 1145 1598 z
1169 1574 1214 1598 ex
1228 1569 1323 1608 plicia
1337 1570 1376 1599 de

1226 1612 1400 1651 TarquIni-

99 1627 248 1675 ingenti
281 1627 518 1676 captivorum
554 1638 713 1665 numero
749 1627 910 1662 trecenti
940 1626 1217 1674 quinquaginta
1228 1656 1358 1685 ensibus

100 1697 190 1727 octo
210 1689 360 1734 delecti,
381 1690 639 1726 nobilissimus
659 1690 832 1738 quisque,
853 1690 917 1738 qui
944 1689 1108 1725 Romam
1128 1690 1217 1725 mit-

100 1761 294 1790 terentur:
327 1754 460 1803 vulgus
478 1754 582 1790 aliud
594 1754 837 1790 trucidatum.
893 1753 978 1789 Nec
997 1753 1158 1804 populus
1179 1755 1218 1790 in

100 1831 182 1861 eOS,
203 1819 268 1873 qui
286 1820 391 1855 missi
417 1818 582 1855 Romam
610 1824 732 1861 erant,
753 1818 882 1853 mitior
899 1817 996 1854 fuit:
1028 1818 1153 1854 medio
1179 1818 1217 1854 in

99 1884 187 1922 foro
220 1896 350 1920 omnes
379 1885 494 1933 virgis
525 1884 611 1920 caesi
637 1896 681 1919 ac
711 1883 832 1918 securi
864 1882 1054 1932 percussi:
1087 1882 1125 1917 id
1150 1894 1220 1932 pro

100 1948 294 1986 inmolatis
324 1949 363 1985 in
393 1949 480 1985 foro
511 1947 847 1997 Tarquiniensium
878 1946 1065 1983 Romanis
1093 1958 1218 1996 poenae

99 2013 275 2050 hostibus
294 2013 494 2050 redditum.
549 2012 628 2048 Res
649 2011 752 2048 bello
770 2011 868 2048 bene
887 2017 1019 2060 gestae,
1040 2016 1083 2047 ut
1108 2011 1215 2046 Sam-
1230 2022 1346 2052 Foedus
1358 2029 1438 2055 cum

98 2078 197 2116 nites
217 2091 369 2128 quoque
388 2078 594 2115 amicitiam
614 2083 801 2127 peterent,
817 2075 1035 2112 effecerunt.
1090 2074 1216 2122 Lega-
1229 2065 1383 2139 {Z‘snfflti’

99 2142 150 2178 tis
170 2153 302 2178 eorum
321 2142 479 2178 comiter
498 2141 546 2178 ab
573 2146 708 2177 senatu
733 2152 980 2189 responsum:
1011 2138 1154 2174 foedere
1180 2139 1220 2174 in
1294 2129 1304 2139 ’

101 2203 325 2242 societatem
344 2206 503 2256 accepti.
559 2206 652 2242 Non
673 2206 802 2241 eadem
816 2205 934 2248 domi,
955 2217 1039 2253 quae
1059 2202 1219 2247 militiae,

103 2270 260 2307 fortuna
278 2277 360 2307 erat
377 2270 480 2321 plebi
499 2270 685 2307 Romanae
697 2286 710 2317 3
743 2282 832 2306 nam
852 2270 937 2312 etsi,
959 2267 1130 2304 unciario
1147 2266 1222 2304 foe-

103 2345 198 2372 nore
215 2333 335 2381 facto,
355 2333 480 2373 levata
493 2348 608 2374 usura
627 2341 723 2380 erat,
743 2340 846 2372 sorte
864 2334 946 2385 ipsa
962 2321 1239 2369 obruebantur?
