1573 2598
71 1206 237 1237 Lucretius

72 1250 262 1289 triumphat.

74 1514 116 1543 U.
133 1513 170 1544 C.
187 1519 261 1547 293.

73 1557 113 1588 A.
129 1557 167 1590 C.
182 1565 257 1590 459.

294 197 378 241 182
749 207 796 237 τ.
820 207 953 237 mvn

284 300 408 348 priore
427 308 524 334 anno
548 295 758 338 consulibus,
787 296 924 332 crudeli
948 294 1166 344 superboque
1188 295 1290 334 nobie
1316 296 1409 338 bello

284 365 457 400 institere.
513 360 648 408 Agunt
683 372 769 396 cum
803 359 1015 396 Terentino
1052 358 1227 396 tribuni:
1261 359 1404 399 »dilata-

286 440 361 477 que
392 427 432 462 in
464 424 628 474 speciem
657 423 821 467 actione,
849 436 891 460 re
922 424 1005 474 ipsa
1033 422 1197 467 sublata,
1228 424 1403 463 consules

285 489 480 540 extemplo
501 488 682 524 arcessiti.

341 554 394 591 X.
423 553 623 590 Lucretius
653 564 739 588 cum
766 551 912 601 ingenti
943 552 1083 603 p'roeda,
1110 551 1256 602 majore
1272 550 1405 590 *multo

286 618 412 668 gloria
432 617 569 654 rediit:
601 621 639 651 et
664 622 778 664 auget
801 616 960 665 gloriam
982 617 1200 660 adveniens,
1229 617 1404 666 exposita

288 683 395 719 omni
414 683 454 718 in
474 693 608 731 campo
627 680 772 717 Martio
792 681 932 730 praeda,
955 687 995 717 ut
1022 694 1132 718 suum
1157 682 1315 730 quisque
1336 693 1405 731 per

288 747 456 782 triduum
479 745 676 793 cognitum
706 745 931 781 abduceret:
964 744 1109 794 reliqua
1129 744 1297 787 vendita,
1320 744 1404 794 qui-

287 810 359 848 hus
372 810 521 847 ‘domini
543 823 621 846 non
639 811 830 847 exstitere.
876 810 1101 847 Debebatur
1120 811 1290 847 omnium
1310 823 1405 847 con-

287 887 400 912 sensu
419 873 565 911 consuli
585 874 798 924 triumphus
817 890 824 910 ε
858 875 922 911 sed
941 874 1058 911 dilata
1076 887 1134 911 res
1155 881 1225 918 est,
1246 874 1405 911 tribuno

287 939 333 975 de
361 937 445 987 lege
470 944 625 986 agente:
658 938 696 974 id
724 939 915 986 antiquius
939 937 1085 975 consuli
1107 938 1193 974 fuit.
1248 937 1403 974 Jactata

285 1015 354 1053 per
376 1001 521 1051 aliquot
540 1002 618 1038 (lies
642 1015 756 1051 quum
781 1003 819 1037 in
845 1008 979 1039 senatu
1004 1014 1077 1045 τετε,
1098 1009 1180 1037 tum
1205 1002 1252 1038 ad
1276 1014 1403 1052 ‚popu-

284 1065 363 1103 lum
391 1072 472 1102 est:
507 1066 619 1101 cessit
645 1066 691 1101 acl
722 1065 897 1101 ultimum
922 1065 1110 1114 majestati
1139 1065 1305 1102 consulis
1333 1065 1404 1102 tri-

284 1129 425 1172 bunus,
444 1136 483 1165 et
501 1129 669 1165 destitit:
700 1135 782 1165 tum
809 1129 1027 1178 imperatori
1047 1129 1305 1178 exercituique
1329 1129 1402 1166 ho-

286 1207 357 1231 nos
377 1206 464 1230 suus
484 1193 663 1230 redditus.
721 1194 755 1230 T
758 1195 988 1243 riumphavit
1011 1194 1057 1230 de
1077 1193 1224 1230 Volscis
1244 1193 1404 1242 AEquis·

288 1270 389 1306 que:
429 1257 728 1306 triumphantem
765 1264 903 1294 secutae
941 1271 1017 1294 suae
1054 1257 1254 1306 legiones:
1295 1257 1403 1294 alteri

284 1320 433 1358 consuli
463 1322 608 1364 datum,
636 1327 677 1356 ut
707 1333 825 1358 ovans
857 1323 938 1358 sine
968 1321 1152 1358 militibus
1181 1321 1312 1357 urbem
1344 1322 1405 1357 in·-

286 1386 370 1422 iret.
427 1386 543 1421 Anno
580 1385 714 1421 deiude
752 1387 965 1435 insequenti
1000 1387 1061 1423 lex
1094 1385 1318 1429 Terentilla,
1355 1384 1407 1423 ab

282 1456 373 1487 toto
402 1449 522 1486 relata
549 1449 726 1498 collegio,
757 1463 877 1487 novos
911 1452 1090 1500 adgressa
1118 1449 1292 1487 consules
1322 1456 1403 1487 est:

285 1521 397 1551 erant
425 1514 598 1551 consules
627 1514 669 1551 P.
697 1515 939 1558 Volumnius,
974 1516 1053 1552 Ser.
1085 1515 1286 1565 Sulpicius.
1341 1514 1403 1551 Eo

287 1592 389 1615 anno
416 1578 553 1615 coelum
583 1579 712 1615 ardere
735 1580 882 1625 visum;
914 1586 1014 1616 terra
1044 1579 1191 1628 ingenti
1220 1591 1405 1616 concussa

286 1650 395 1681 motu
415 1649 493 1679 est:
525 1643 664 1679 bovem
681 1642 862 1686 locutam,
885 1644 946 1680 cui
967 1643 1021 1679 rei
1046 1644 1172 1693 priore
1192 1655 1295 1679 anno
1313 1642 1404 1680 fides

285 1721 366 1745 non
393 1707 532 1751 fuerat,
563 1708 757 1744 creditum.
815 1708 922 1744 Inter
952 1707 1026 1744 alia
1054 1708 1229 1758 prodigia
1256 1713 1295 1744 et
1322 1720 1409 1744 car-

285 1789 374 1812 nem
392 1775 509 1826 pluit:
541 1788 653 1824 quem
672 1775 833 1811 imbrem
851 1775 985 1824 ingens
1005 1787 1182 1811 numerus
1203 1775 1328 1811 avium
1346 1775 1408 1812 in-

285 1839 543 1876 tervolitando
567 1840 737 1889 rapuisse
762 1840 907 1876 fertur:
941 1840 1043 1889 quod
1060 1839 1273 1884 intercidit,
1297 1851 1403 1889 spar-

286 1917 370 1940 sum
389 1905 443 1939 ita
458 1902 625 1953 jacuisse
647 1916 713 1952 per
739 1903 884 1952 aliquot
904 1903 996 1947 dies,
1017 1909 1059 1939 ut
1086 1902 1181 1940 nihil
1201 1903 1296 1939 odor
1313 1915 1403 1940 mu·

284 1973 398 2004 taret.
451 1966 562 2002 Libri
590 1979 658 2015 per
682 1967 899 2002 duumviros
929 1979 1123 2003 sacrorum
1151 1966 1270 2003 aditi:
1302 1967 1402 2016 peri-

287 2031 374 2068 cula
395 2043 418 2067 a
442 2036 633 2066 conventu
659 2029 956 2079 alienigenarum
984 2031 1176 2081 praedicta,
1197 2043 1245 2067 ne
1271 2032 1335 2080 qui
1362 2032 1404 2070 in

287 2095 375 2131 loca
399 2107 546 2130 summa
573 2093 676 2130 urbis
706 2094 872 2144 inpetus,
902 2095 1096 2144 caedesque
1126 2095 1212 2132 inde
1240 2095 1401 2133 fierent:

288 2160 389 2195 inter
414 2165 540 2195 cetera
566 2159 767 2202 monitum,
789 2166 831 2195 ut
859 2160 1109 2197 seditionibus
1135 2160 1401 2198 abstineretur.

285 2223 336 2260 -Id
363 2223 505 2260 factum
534 2224 582 2260 ad
610 2224 876 2273 Inpediendam
903 2224 1041 2273 legem,
1061 2224 1204 2261 tribuni
1227 2226 1406 2264 crimina-

284 2287 441 2330 bantur,
463 2288 669 2337 ingensque
689 2288 818 2324 aderat
837 2294 1039 2324 certamen.
1095 2288 1278 2336 Ecce-(ut
1302 2289 1404 2329 idem

285 2351 330 2388 in
359 2351 530 2401 singulos
562 2363 683 2389 annos
716 2351 820 2388 orbis
850 2351 1081 2400 volveretur)
1112 2352 1275 2392 Hemini
1304 2365 1404 2392 nun·
