1573 2598
272 158 330 200 60
728 173 773 201 T.
797 173 929 203 mvn

273 272 322 296 ne
340 258 500 295 inultam
524 263 687 295 mortem
712 260 847 304 soceri,
867 273 914 297 ne
933 272 1084 297 socrum
1101 260 1264 298 inimicis
1289 260 1387 299 ludi-

272 321 358 359 brio
387 335 468 359 esse
496 322 608 359 sinat.
669 323 784 360 Tuum
811 329 874 367 est,
901 324 1039 374 inquit,
1068 325 1183 368 Servi,
1204 327 1236 362 si
1262 327 1316 362 vir
1339 337 1388 368 e8,

273 399 420 436 regnum
435 405 447 431 3
475 399 544 423 non
562 399 695 430 eorum,
715 389 776 435 qui
793 388 917 424 alienis
934 389 1094 425 manibus
1111 391 1303 438 pessimum
1320 388 1390 438 fa-

275 453 372 488 cinus
395 451 530 500 fecere.
586 451 697 499 Erige
733 456 779 494 te,
809 452 975 500 Deosque
1007 453 1110 489 duces
1143 465 1296 502 sequere,
1331 453 1392 500 qui

276 516 412 552 clarum
434 515 498 551 hoc
514 514 603 563 fore
623 520 731 563 caput
749 517 867 552 divino
891 518 1068 564 quondam
1090 517 1300 566 circumfuso
1320 517 1394 564 igni

271 581 538 629 portenderunt.
594 579 701 615 Nunc
738 585 772 616 te
795 581 862 616 illa
892 582 1035 618 coelestis
1061 583 1187 618 excitet
1207 582 1391 632 flamma.-

274 656 368 680 nunc
394 644 628 692 expergiscere
649 655 739 679 vere.
796 644 847 679 Et
872 657 934 681 nos
957 647 1137 694 peregrini
1159 647 1393 694 regnavimus.

280 708 352 749 Qui
367 708 426 748 sis,
446 719 516 743 non
537 708 629 742 unde
653 711 757 743 natus
783 708 842 751 sis,
862 714 999 756 reputa.
1055 709 1099 745 Si.
1127 714 1190 745 tua
1215 721 1254 745 re
1279 708 1395 745 subita

279 771 427 808 consilia
455 775 606 818 torpent,
637 775 676 806 at
704 775 742 806 tu
775 783 854 807 mea
881 784 1032 820 sequere.
1087 772 1217 811 Quum
1253 771 1397 808 clamor

279 835 506 884 inpetusque
524 834 776 871 multitudinis
796 836 859 872 vix
888 836 1064 873 sustineri
1093 843 1236 886 posset,
1257 848 1303 872 ex
1332 847 1394 871 su-

279 898 428 950 periore
455 904 563 948 parte
591 899 728 934 aedium
756 911 823 948 per
849 899 1048 943 fenestras,
1070 900 1108 936 in
1136 913 1274 936 novam
1295 900 1392 936 viam

281 975 420 1006 versas,
444 962 661 1010 (habitabat
689 963 790 999 enim
818 976 884 1000 rex
913 964 961 1000 ad
978 964 1085 1000 Jovis
1117 965 1296 1011 Statoris)
1325 976 1395 1013 po·-

283 1025 413 1076 pulum
437 1025 626 1074 Tanaquil
655 1025 870 1075 adloquitur
889 1041 896 1062 2
928 1027 1046 1063 Jubet
1071 1028 1158 1064 bono
1174 1029 1295 1064 animo
1314 1038 1396 1069 esse,

280 1091 433 1139 sopitum
449 1088 567 1138 fuisse
590 1101 706 1136 regem
729 1090 843 1126 subito
870 1092 943 1126 ictu
959 1107 970 1126 .·
990 1090 1136 1139 ferrum
1157 1091 1254 1127 haud
1272 1091 1344 1126 alte
1361 1091 1399 1126 in

281 1166 406 1203 corpus
423 1154 635 1190 descendisse
651 1170 663 1190 .·
683 1153 765 1200 jam
784 1155 833 1190 ad
849 1167 885 1190 se
905 1156 1044 1192 redisse.
1100 1156 1299 1204 Inspectum
1320 1156 1398 1191 vul·

281 1231 358 1261 nus,
389 1218 540 1255 absterso
568 1231 690 1254 cruore
706 1235 718 1254 .·
756 1221 876 1255 omnia
901 1218 1059 1256 salubria
1086 1232 1179 1256 esse:
1214 1220 1397 1269 confidere,

278 1295 391 1332 prope
410 1284 503 1319 diem
521 1284 634 1331 ipsum
652 1295 708 1319 eos
731 1285 875 1319 visuros.
932 1284 1080 1320 Interim
1099 1285 1176 1320 Ser.
1199 1285 1316 1320 Tullio
1335 1282 1398 1330 ju-

286 1348 363 1384 bere
378 1348 548 1396 populum
567 1349 661 1384 dicto
680 1349 880 1384 audientem
897 1360 977 1385 esse.
1034 1349 1125 1384 Eum
1134 1347 1222 1395 jura
1240 1349 1401 1384 redditu-

286 1425 378 1456 rum,
399 1413 642 1460 obiturumque
660 1413 736 1449 alia
753 1414 845 1461 regis
866 1414 987 1449 munia
1006 1425 1085 1448 esse.
1144 1413 1293 1448 Servius
1314 1425 1399 1448 cum

286 1479 419 1516 trabea
447 1486 485 1516 et
512 1479 710 1516 lictoribus
740 1480 867 1530 prodit
883 1496 893 1525 3
926 1492 984 1523 ac,
1012 1479 1098 1516 sede
1123 1480 1228 1528 regia
1252 1479 1399 1522 sedens,

288 1544 362 1581 alia
381 1544 562 1588 decernit,
583 1545 628 1581 de
648 1544 729 1581 aliis
750 1544 1011 1581 consulturum
1030 1557 1071 1580 se
1094 1556 1222 1593 regem
1245 1556 1325 1580 esse
1351 1534 1402 1579 siss

287 1608 420 1645 mulat.
477 1607 624 1658 Itaque,
645 1621 712 1658 per
736 1608 882 1657 aliquot
908 1609 1000 1652 dies,
1027 1621 1142 1656 quum
1164 1606 1246 1657 jam
1276 1608 1401 1657 exspi-

287 1678 407 1709 rasset
425 1672 669 1722 Tarquinius,
690 1672 810 1709 celata
829 1680 967 1715 morte,
988 1685 1054 1724 per
1079 1672 1242 1722 speciem
1269 1671 1401 1707 alienae

77 1733 117 1762 U.
134 1731 171 1762 C·
192 1736 262 1768 176.
288 1736 490 1786 fungendae
518 1737 610 1773 vicis
648 1749 733 1773 suas
770 1749 859 1786 opes
890 1737 1064 1773 firmavit.
1119 1736 1219 1772 Tum
1253 1736 1402 1772 demum

73 1775 259 1850 &rei-uffa&
288 1801 414 1852 palam
442 1800 560 1844 facto,
590 1808 628 1837 et
657 1801 958 1851 comploratione
987 1801 1026 1837 in
1055 1801 1160 1850 regia
1188 1806 1285 1844 orta,
1316 1800 1402 1836 Ser-

74 1869 249 1911 Senatusse·
289 1865 386 1909 vius,
406 1865 582 1915 praesidio
601 1865 710 1901 firmo
730 1866 912 1908 munitus,
932 1865 1073 1915 primus
1092 1863 1238 1914 injussu
1256 1863 1403 1914 populi,

75 1915 172 1980 ἔξω
184 1915 254 1946 ³¹²⁵·
289 1929 487 1966 voluntate
509 1928 667 1964 Patrum
695 1929 881 1976 regnavit.
935 1929 1036 1965 Anci
1064 1928 1186 1971 liberi,
1209 1927 1293 1978 jam
1320 1933 1404 1964 tum

293 1993 572 2044 comprehensis
599 1991 748 2028 sceleris
775 1992 971 2035 ministris,
996 1998 1037 2028 ut
1055 1992 1179 2028 vivere
1204 2004 1346 2040 regem,
1367 1997 1406 2027 et

293 2064 418 2095 tantas
442 2070 522 2093 esse
543 2069 634 2107 opes
656 2057 774 2093 Servii
800 2058 1022 2093 nunciatum
1042 2063 1112 2101 est,
1133 2056 1309 2092 Suessam
1328 2055 1406 2092 Po-

293 2123 448 2159 metiam
467 2121 678 2158 exsulatum
698 2121 832 2158 ierant.

346 2185 479 2223 XLII.
508 2184 591 2221 Nec
612 2183 695 2235 jam
721 2184 881 2235 publicis
903 2185 1023 2233 magis
1046 2183 1211 2221 consiliis
1241 2183 1405 2227 Servius,

296 2265 408 2302 quam
435 2252 605 2302 privatis,
625 2251 773 2287 munire
797 2263 914 2301 opes:
946 2257 985 2287 et
1011 2263 1073 2295 ne,
1095 2249 1214 2301 qualis
1234 2250 1333 2287 Anci
1361 2249 1408 2286 li-

294 2317 429 2355 berum
449 2317 594 2354 animus
614 2315 789 2353 adversus
809 2315 1058 2366 Tarquinium
1078 2315 1216 2361 fuerat,
1235 2314 1322 2353 talis
1342 2314 1408 2352 ad-
