1573 2598
398 182 555 212 musa
579 181 650 211 ιν.
681 180 788 211 cn.
812 180 882 210 ιν.
1119 170 1199 224 265·

87 272 164 306 rati
184 269 367 307 Corinthii
379 271 519 319 filium,
541 269 698 304 incolam
724 268 768 304 ab
793 268 1018 315 Tarquini-is,
1037 269 1126 305 vivis
1154 269 1199 304 li-
1211 282 1254 313 u,
1271 282 1308 314 c,
1324 291 1398 318 310.

87 333 179 369 beris
206 335 314 375 Anci,
342 345 463 380 regem
479 331 668 381 factum?
694 330 772 366 Ser.
797 330 958 366 Tullium
982 336 1065 378 post
1092 327 1251 372 huna-4·
1267 326 1304 357 C·
1320 335 1394 360 ⁴42-

85 398 235 443 captiva
256 396 502 432 Corniculana
525 399 664 434 natum,
683 398 792 441 patre
818 395 932 435 nullo,
952 398 1068 429 matre
1084 406 1202 436 serva,

87 459 245 505 ingenio,
277 460 414 493 virtute
444 468 594 505 regnum
622 457 812 492 tenuisse?
842 456 940 496 Quid
965 458 1060 492 enim
1086 457 1130 492 cle
1161 456 1202 493 T.

93 520 201 557 Tatio
231 521 368 557 Sabino
387 522 518 562 dicam,
539 531 643 567 quem
671 521 748 567 ipse
772 519 963 562 Romulus,
981 531 1114 568 parens
1140 531 1202 555 ur-

88 583 154 625 bis,
182 584 220 618 in
245 584 454 631 societatem
480 584 581 630 regni
609 583 750 629 accepit
766 582 787 618 ‚9
814 582 929 629 Ergo,
950 583 1035 617 dum
1063 582 1205 618 nullum

75 646 281 694 fastiditur
292 658 417 694 genus,
438 646 475 681 in
489 658 559 693 quo
574 646 728 680 eniteret
745 646 873 686 vimus,
888 646 999 680 crevit
1011 647 1203 692 imperium

91 707 305 744 Romanum.
335 708 518 744 Poeniteat
538 719 633 743 nunc
656 719 717 743 vos
738 707 871 755 plebeii
898 708 1066 749 consulis,
1092 719 1204 754 quum

86 768 241 815 majores
257 771 374 806 nostri
392 771 548 806 advenas
565 781 666 817 reges
684 781 756 805 non
764 768 1017 823 fastidierint,
1033 774 1067 805 et
1087 783 1130 806 ne
1146 782 1204 806 re-

84 833 188 880 gibus
207 834 354 880 quidem
375 834 509 868 exactis
529 833 655 868 clausa
681 832 763 867 urbs
774 830 897 879 fuerit
911 834 1113 879 peregrinae
1129 835 1203 869 vir-

88 898 171 932 tuti.
202 888 394 932 Claudiam
418 900 514 932 certe
529 900 671 944 gentem
686 900 772 943 post
792 907 892 943 reges
910 901 1054 931 exactos
1072 909 1114 932 ex
1132 897 1203 933 Sa-

88 959 180 994 binis
207 971 277 994 non
306 960 344 995 in
363 960 549 995 civitatem
575 959 682 994 modo
701 960 918 1006 accepimuS,
937 960 1000 994 sed
1026 961 1137 996 etiam
1164 962 1204 996 in

84 1022 325 1069 patriciorum
347 1034 537 1058 numerum
554 1023 574 1057 ,9
602 1021 661 1057 Ex
678 1023 915 1070 peregrinone
931 1023 1123 1069 patricius,
1143 1025 1204 1059 de·—

88 1085 173 1121 incle
191 1085 314 1121 consul
319 1086 397 1135 fiat
411 1087 433 1121 ‚9
451 1086 538 1120 civis
554 1084 741 1121 Romanus
755 1086 787 1120 si
797 1086 846 1120 sit
863 1085 1031 1132 explebe,
1048 1089 1207 1133 praecisa

89 1150 294 1185 consulatus
319 1161 400 1197 spes
429 1151 500 1185 erit
513 1150 534 1184 ,9
567 1149 701 1185 Utrum
736 1150 883 1185 tandem
917 1161 990 1184 non
1026 1151 1205 1187 credimus

76 1212 167 1260 fieri
186 1223 302 1260 posse,
321 1217 363 1248 ut
390 1214 449 1247 vir
455 1211 576 1260 fortis
593 1223 638 1247 ac
660 1216 838 1254 strenuus,
854 1223 945 1259 pace
963 1212 1125 1259 belloque
1143 1213 1204 1249 bo-

88 1285 166 1314 nus,
185 1286 227 1309 ea:
241 1274 357 1321 plebe,
376 1275 426 1310 sit
444 1273 586 1316 Numae,
606 1273 651 1310 L.
676 1274 891 1321 Tarquinio,
912 1273 990 1309 Ser.
1015 1273 1136 1310 Tullio
1153 1276 1204 1311 si-

87 1336 186 1371 milis
198 1338 219 1372 ,⁹
245 1337 307 1372 An
323 1347 380 1378 ne,
394 1338 425 1372 si
437 1337 500 1378 sit,
517 1337 659 1383 quidem
675 1337 726 1371 ad
736 1336 988 1383 gubernacula
998 1337 1205 1383 reipublicae

88 1399 255 1435 accedere
281 1411 360 1436 eum
383 1400 606 1448 patiemur?
631 1401 825 1447 potiusque
843 1399 1065 1441 decemviris,
1095 1404 1203 1435 teter-

88 1463 191 1498 rimis
218 1463 444 1505 mortalium,
465 1463 529 1510 qui
556 1467 632 1497 tum
661 1474 781 1498 omnes
808 1474 851 1498 ex
879 1462 1056 1498 Patribus
1083 1471 1202 1507 erant,

89 1535 197 1571 quam
221 1527 368 1573 optimis
394 1537 521 1573 regum
548 1526 650 1561 novis
665 1525 883 1567 hominibus,
900 1527 1039 1561 similes
1064 1538 1197 1563 consu·
1252 1563 1258 1568 „

87 1585 137 1622 les
153 1598 274 1628 sumus
293 1587 489 1624 habituri?

138 1647 207 1685 lv,
236 1651 288 1686 At
307 1652 403 1687 enim.
429 1663 531 1688 nemo
548 1658 632 1700 post
649 1665 750 1700 reges
774 1658 917 1689 exactos
935 1655 979 1690 de
996 1654 1098 1701 plebe
1118 1665 1201 1689 con-

87 1711 145 1746 sul
161 1710 257 1759 fuit.
288 1713 386 1754 Quid
400 1717 563 1762 postea?
591 1715 754 1751 Nullane
771 1727 827 1751 res
853 1728 948 1752 nova
974 1717 1117 1751 insti-tui
1142 1716 1203 1750 de-

89 1772 145 1810 bet
159 1774 181 1809 ῖ)
207 1777 256 1816 et,
270 1775 367 1821 quod
383 1777 544 1812 nondum
557 1777 768 1825 estfactum
787 1778 923 1825 (multa
936 1780 1028 1813 enim
1045 1778 1205 1813 nondum

87 1839 172 1871 sunt
179 1835 292 1884 facta
313 1838 349 1872 in
368 1849 459 1873 novo
474 1839 630 1886 populo)
645 1850 699 1879 ea,
721 1851 764 1874 ne
780 1840 812 1875 si
829 1845 867 1874 'ut'
874 1840 940 1875 ilia
955 1840 1098 1887 quidem
1115 1841 1203 1880 sint,

78 1897 169 1945 fieri
194 1901 372 1945 oportet?
400 1900 611 1949 Pontifices,
641 1913 807 1949 augures,
833 1901 989 1936 Romulo
1015 1906 1205 1948 regnante,

89 1961 184 1996 nulli
212 1967 341 1998 erant.-
371 1964 417 1999 ab
443 1964 568 2000 Numa
587 1965 773 2012 Pompilio
802 1965 917 2000 creati
944 1969 1054 2000 sunt:
1085 1976 1207 2000 census

91 2024 129 2058 in
150 2026 299 2061 civitate
325 2030 359 2061 et
379 2027 575 2075 descriptio
604 2029 852 2063 centuriarum
879 2028 1119 2074 classiumque
1134 2039 1207 2063 non

91 2090 171 2121 erat
185 2102 197 2122 .·
227 2088 272 2123 ab
300 2088 378 2126 Ser.
413 2089 535 2125 Tullio
569 2095 622 2125 est
645 2089 772 2138 facta.
805 2090 973 2126 Consules
1007 2101 1206 2137 numquam

82 2146 265 2195 fuerant:
293 2151 434 2197 regibus
457 2154 593 2188 exacffis
620 2155 735 2188 creati
755 2157 847 2189 sunt.
903 2153 1118 2188 Dictatoris
1143 2163 1207 2187 nec

93 2210 282 2264 imperium
305 2224 368 2248 nec
393 2226 520 2250 nomen
534 2213 697 2262 fuerat:
727 2217 827 2263 apud
842 2220 968 2263 patres
994 2227 1067 2250 esse
1090 2215 1206 2261 coepit.

98 2274 248 2310 Tribuni
265 2276 393 2323 plebis,
412 2279 545 2320 (ediles,
567 2284 772 2327 quaestores,
786 2281 881 2316 nulli
899 2284 1003 2316 erant
1019 2293 1030 2315 .·
1059 2280 1207 2315 institu-

92 2340 169 2372 tum
187 2342 254 2379 est,
275 2343 314 2373 ut
326 2340 472 2386 fierent.
527 2342 762 2378 Decemviros
780 2344 917 2391 legibus
938 2343 1134 2380 scribendis
1154 2346 1209 2380 in·

143 2398 243 2439 Vox..
273 2400 304 2439 1.
648 2404 690 2442 N
