1573 2598
428 197 581 226 LIBER
605 196 640 225 1.
672 195 779 224 cAP.
802 195 958 225 XVIII.
1195 193 1249 237 29

131 289 253 326 cebat.
310 287 372 324 Ita
397 299 475 323 rem
501 286 598 321 inter
621 296 661 320 se
686 292 837 320 centum
862 283 1009 326 Patres,
1030 282 1160 320 decem
1184 283 1249 319 de-

133 354 244 389 curiis
264 351 390 395 factis,
410 348 643 398 singulisque
662 348 702 383 in
722 347 888 396 singulas
909 347 1077 383 decurias
1099 347 1248 389 creatis,

132 418 196 466 qui
226 427 379 452 summae
408 426 531 449 rerum
565 417 783 462 praeessent,
815 411 1050 446 consociant.
1104 409 1249 446 Decem
1264 410 1359 442 U.C-
1377 416 1429 441 38.

134 478 417 531 imperitabant,
439 489 534 512 unus
555 489 640 511 cum
663 475 875 523 insignibus
902 474 1050 524 imperii
1076 481 1115 509 et
1138 473 1248 509 licto·
1261 456 1300 484 A'
1319 454 1356 484 C·
1373 460 1449 489 7¹4·

132 545 235 582 ribus
255 549 334 578 erat
353 556 360 576 ε
393 540 559 590 quinque
588 539 732 575 dierum
763 539 887 588 spatio
910 537 1110 574 finiebatur
1132 538 1249 587 impe·
1264 540 1420 578 Interreg-

134 610 243 650 rium,
265 620 309 643 ac
331 618 398 656 per
420 617 550 641 omnes
571 605 610 640 in
639 603 770 639 orbem
789 603 869 639 ibat
888 617 894 638 :
928 614 1170 651 annuumque
1192 602 1250 638 in·
1264 592 1427 657 ἓῑῗὲῗωω.

130 671 330 709 tervallum
348 670 455 719 regni
478 669 564 706 fujt.
621 668 666 704 Id
692 668 739 704 ab
767 680 821 710 re,
843 667 945 716 quod
972 679 1074 702 nunc
1103 679 1253 716 quoque

133 744 239 774 tenet
274 747 429 778 nomen,
469 734 737 782 Interregnum
772 732 1015 782 adpellatum.
1077 730 1110 768 F
1111 743 1254 767 remere

134 801 267 838 deinde
310 799 416 851 plebs
439 815 448 843 3
499 798 789 849 multiplicatam
829 797 1063 839 servitutem,
1101 802 1255 832 centum

134 879 202 917 pro
236 877 312 901 uno
342 864 515 900 dominos
548 863 697 899 factos:
729 875 799 898 nec
827 861 926 898 ultra
954 861 1027 897 nisi
1055 873 1183 909 regem
1216 865 1256 895 et

133 930 180 967 ab
211 930 300 979 ipsis
330 933 511 970 creatum,
541 926 768 963 videbantur
796 925 953 976 passuri.
1010 925 1140 964 Quum
1169 937 1255 960 sen-

135 995 272 1030 sissent
308 1005 353 1029 ea
387 992 531 1028 moveri
564 991 711 1035 Patres,
744 990 992 1027 obserendum
1031 989 1129 1025 ultro
1166 989 1253 1031 rati,

136 1057 237 1107 quod
256 1057 427 1092 amissuri
448 1062 568 1098 erant,
591 1056 644 1091 ita
663 1056 825 1103 gratiam
853 1055 999 1097 ineunt,
1021 1066 1167 1089 summa
1186 1065 1255 1103 po-

134 1128 273 1157 testate
298 1119 441 1170 populo
467 1121 662 1169 permissa,
695 1126 736 1154 ut
764 1131 843 1154 non
873 1118 957 1168 plus
987 1118 1119 1153 darent
1142 1115 1254 1167 juriS,

135 1197 249 1234 quam
278 1184 520 1219 detinerent:
561 1184 807 1218 decreverunt
836 1183 950 1225 enim,
981 1189 1036 1224 ut,
1068 1194 1154 1216 cum
1185 1193 1254 1230 po-

134 1247 242 1299 pulus
273 1260 402 1296 regem
417 1245 610 1296 jussisset,
632 1246 670 1282 id
694 1247 748 1281 sic
777 1252 901 1282 ratum
924 1252 1035 1288 esset,
1064 1246 1095 1281 si
1122 1245 1254 1280 Patres

134 1318 308 1349 auctores
328 1310 461 1346 fierent
480 1324 487 1344 :
517 1309 705 1358 hodieque
727 1309 764 1344 in
785 1309 931 1359 legibus
951 1308 1256 1358 magistratibus-

134 1388 206 1425 que
224 1375 401 1424 rogandis
423 1382 624 1424 usurpatur
651 1375 749 1410 idem
773 1373 852 1424 jus,
874 1375 909 1410 vi
930 1374 1102 1410 ademta:
1134 1374 1256 1423 prius-

135 1452 246 1490 quam
267 1439 428 1490 populus
444 1439 665 1487 suffragium
684 1440 800 1482 ineat,
819 1439 858 1474 in
878 1439 1065 1474 incertum
1080 1438 1259 1474 comitio-

135 1520 218 1543 rum
238 1514 413 1543 eventum
431 1506 564 1542 Patres
588 1513 762 1542 auctores
785 1506 893 1542 fiunt,
950 1505 1049 1541 Tum
1075 1506 1256 1548 interrex,

136 1571 322 1607 concione
351 1570 560 1607 advocata:
597 1571 700 1612 Quod
729 1570 867 1613 bonum,
888 1569 1071 1618 faustum,
1094 1569 1259 1623 felixque

135 1637 195 1678 sit,
219 1635 356 1684 inquit,
380 1635 547 1677 Quirites,
571 1647 688 1682 regem
714 1639 853 1678 create5
885 1636 936 1670 ita
955 1635 1124 1670 Patribus
1147 1636 1261 1670 visum

138 1704 199 1735 est.
257 1700 385 1735 Patres
414 1701 552 1742 deinde,
579 1702 609 1735 si
636 1701 803 1747 (lig-num,·
827 1701 888 1747 qui
915 1700 1084 1735 secundus
1115 1699 1159 1734 ab
1183 1698 1259 1734 Ro-

138 1764 234 1798 mulo
252 1768 465 1805 numeretur,
484 1764 655 1805 cremitis,
677 1768 836 1799 auctores
839 1764 944 1812 fient.
988 1762 1096 1797 Adeo
1116 1761 1153 1797 id
1172 1773 1259 1810 gra—

137 1834 219 1862 tum
248 1826 350 1875 plebi
377 1826 464 1870 fuit,
485 1832 541 1870 ut,
564 1839 612 1862 ne
639 1827 728 1862 victi
753 1826 939 1863 beneficio
965 1825 1194 1868 riderentur,
1221 1825 1258 1861 id

137 1886 251 1927 ruodo
271 1891 474 1926 sciscerent
486 1890 757 1940 juberentque,
781 1897 821 1926 ut
848 1896 1000 1926 senatus
1027 1889 1257 1933 decerneret,

138 1955 201 2004 qui
220 1954 356 1990 Romae
376 1963 566 2003 regnaret.

192 2019 345 2055 XVIII.
380 2018 520 2056 Inclita
540 2018 695 2069 justitia
723 2018 932 2067 religioque
962 2031 1005 2054 ea
1033 2024 1260 2067 tempestate
1273 2029 1394 2060 Ειςςῑῑο

139 2082 276 2118 Nmnae
305 2082 484 2132 Pompilii
515 2089 606 2118 erat.
665 2082 828 2117 Curibus
859 2082 1009 2118 Sabinis
1045 2081 1259 2124 habitabat,
1274 2073 1407 2103 Numae·

140 2145 439 2182 consultissimus
469 2147 539 2188 vir,
570 2152 613 2182 ut
649 2146 688 2181 in
717 2145 783 2182 illa
811 2147 1010 2195 quisquam
1039 2152 1151 2181 aetate
1180 2158 1262 2182 esse

141 2216 305 2260 poterat,
329 2212 451 2246 omnis
472 2211 588 2247 divini
609 2217 721 2259 atque
740 2210 896 2247 humani
911 2210 1022 2261 juris.
1052 2211 1262 2246 Auctorem

140 2274 322 2324 doctrinae
341 2273 435 2324 ejus,
457 2275 546 2324 quia
574 2287 653 2311 non
682 2281 808 2311 exstat
837 2275 946 2318 alius,
967 2275 1065 2311 falso
1093 2275 1261 2311 Samium

140 2338 387 2388 Pythagoran
419 2340 557 2376 edunt:
591 2351 717 2390 quem,
753 2339 884 2377 Servio
917 2339 1046 2376 Tullio
1075 2345 1260 2388 regnante

659 2403 688 2438 C
709 2405 732 2439 3
