<?xml version="1.0" encoding="UTF-8"?>
<!DOCTYPE html PUBLIC "-//W3C//DTD XHTML 1.0 Transitional//EN"
    "http://www.w3.org/TR/xhtml1/DTD/xhtml1-transitional.dtd">
<html xmlns="http://www.w3.org/1999/xhtml" xml:lang="en" lang="en">
 <head>
  <title>
</title>
<meta http-equiv="Content-Type" content="text/html;charset=utf-8" />
  <meta name='ocr-system' content='tesseract 3.04.00' />
  <meta name='ocr-capabilities' content='ocr_page ocr_carea ocr_par ocr_line ocrx_word'/>
</head>
<body>
  <div class='ocr_page' id='page_1' title='image "./historiarumquaes01livyuoft/historiarumquaes01livyuoft_0603.png"; bbox 0 0 1573 2598; ppageno 0'>
   <div class='ocr_carea' id='block_1_1' title="bbox 273 129 1171 185">
    <p class='ocr_par' dir='ltr' id='par_1_1' title="bbox 273 129 1171 185">
     <span class='ocr_line' id='line_1_1' title="bbox 273 129 1171 185; baseline -0.002 -12"><span class='ocrx_word' id='word_1_1' title='bbox 273 143 428 173; x_wconf 68' lang='lat' dir='ltr'>LIBER</span> <span class='ocrx_word' id='word_1_2' title='bbox 452 142 570 172; x_wconf 79' lang='lat' dir='ltr'><strong>vul.</strong></span> <span class='ocrx_word' id='word_1_3' title='bbox 603 139 710 170; x_wconf 80' lang='lat' dir='ltr'>CAP.</span> <span class='ocrx_word' id='word_1_4' title='bbox 732 141 960 170; x_wconf 80' lang='lat' dir='ltr'><strong>xxxvln.</strong></span> <span class='ocrx_word' id='word_1_5' title='bbox 1088 129 1171 185; x_wconf 75' lang='lat'>587</span> 
     </span>
    </p>
   </div>
   <div class='ocr_carea' id='block_1_2' title="bbox 0 228 1370 2312">
    <p class='ocr_par' dir='ltr' id='par_1_2' title="bbox 61 228 1370 405">
     <span class='ocr_line' id='line_1_2' title="bbox 62 228 1370 275; baseline -0.002 -6"><span class='ocrx_word' id='word_1_6' title='bbox 62 229 342 269; x_wconf 77' lang='lat' dir='ltr'>dimicationem</span> <span class='ocrx_word' id='word_1_7' title='bbox 366 231 474 275; x_wconf 88' lang='lat' dir='ltr'>vidit,</span> <span class='ocrx_word' id='word_1_8' title='bbox 493 243 542 267; x_wconf 88' lang='lat' dir='ltr'>ne</span> <span class='ocrx_word' id='word_1_9' title='bbox 569 229 733 267; x_wconf 89' lang='lat' dir='ltr'>militum</span> <span class='ocrx_word' id='word_1_10' title='bbox 761 229 890 266; x_wconf 84' lang='lat' dir='ltr'>virtuti</span> <span class='ocrx_word' id='word_1_11' title='bbox 909 229 1048 266; x_wconf 85' lang='lat' dir='ltr'>damno</span> <span class='ocrx_word' id='word_1_12' title='bbox 1066 228 1171 267; x_wconf 90' lang='lat' dir='ltr'>locus</span> <span class='ocrx_word' id='word_1_13' title='bbox 1184 231 1274 262; x_wconf 79' lang='lat' dir='ltr'>U.C·</span> <span class='ocrx_word' id='word_1_14' title='bbox 1291 237 1370 264; x_wconf 63' lang='lat'>432·&gt;</span> 
     </span>
     <span class='ocr_line' id='line_1_3' title="bbox 62 275 1369 344; baseline -0.001 -12"><span class='ocrx_word' id='word_1_15' title='bbox 62 303 173 338; x_wconf 79' lang='lat' dir='ltr'>esset,</span> <span class='ocrx_word' id='word_1_16' title='bbox 194 295 344 344; x_wconf 86' lang='lat' dir='ltr'>ignibus</span> <span class='ocrx_word' id='word_1_17' title='bbox 371 295 509 332; x_wconf 78' lang='lat' dir='ltr'>crebris</span> <span class='ocrx_word' id='word_1_18' title='bbox 539 293 692 336; x_wconf 85' lang='lat' dir='ltr'>relictis,</span> <span class='ocrx_word' id='word_1_19' title='bbox 721 294 784 343; x_wconf 87' lang='lat' dir='ltr'>qui</span> <span class='ocrx_word' id='word_1_20' title='bbox 812 300 1057 344; x_wconf 86' lang='lat' dir='ltr'>conspectum</span> <span class='ocrx_word' id='word_1_21' title='bbox 1081 294 1173 331; x_wconf 88' lang='lat' dir='ltr'>hos·</span> <span class='ocrx_word' id='word_1_22' title='bbox 1183 275 1275 306; x_wconf 69' lang='lat' dir='ltr'><strong>A’C&#39;</strong></span> <span class='ocrx_word' id='word_1_23' title='bbox 1290 281 1369 308; x_wconf 61' lang='lat'>³²⁰⁶</span> 
     </span>
     <span class='ocr_line' id='line_1_4' title="bbox 61 356 1172 405; baseline 0 -11"><span class='ocrx_word' id='word_1_24' title='bbox 61 359 157 394; x_wconf 85' lang='lat' dir='ltr'>tium</span> <span class='ocrx_word' id='word_1_25' title='bbox 175 358 459 401; x_wconf 82' lang='lat' dir='ltr'>frustrarentur,</span> <span class='ocrx_word' id='word_1_26' title='bbox 481 357 633 393; x_wconf 89' lang='lat' dir='ltr'>silentio</span> <span class='ocrx_word' id='word_1_27' title='bbox 652 356 821 405; x_wconf 78' lang='lat' dir='ltr'><strong>legiones</strong></span> <span class='ocrx_word' id='word_1_28' title='bbox 842 357 991 393; x_wconf 84' lang='lat' dir='ltr'>educit:</span> <span class='ocrx_word' id='word_1_29' title='bbox 1023 369 1094 394; x_wconf 91' lang='lat' dir='ltr'>nec</span> <span class='ocrx_word' id='word_1_30' title='bbox 1112 364 1172 394; x_wconf 86' lang='lat' dir='ltr'>ta—</span> 
     </span>
    </p>

    <p class='ocr_par' dir='ltr' id='par_1_3' title="bbox 61 420 1173 471">
     <span class='ocr_line' id='line_1_5' title="bbox 61 420 1173 471; baseline 0.001 -14"><span class='ocrx_word' id='word_1_31' title='bbox 61 433 146 457; x_wconf 89' lang='lat' dir='ltr'>men</span> <span class='ocrx_word' id='word_1_32' title='bbox 168 420 298 457; x_wconf 87' lang='lat' dir='ltr'>fallere</span> <span class='ocrx_word' id='word_1_33' title='bbox 326 427 482 471; x_wconf 88' lang='lat' dir='ltr'>propter</span> <span class='ocrx_word' id='word_1_34' title='bbox 510 421 835 470; x_wconf 87' lang='lat' dir='ltr'>propinquitatem</span> <span class='ocrx_word' id='word_1_35' title='bbox 865 426 1074 457; x_wconf 85' lang='lat' dir='ltr'>castrorum</span> <span class='ocrx_word' id='word_1_36' title='bbox 1101 433 1173 471; x_wconf 92' lang='lat' dir='ltr'>po-</span> 
     </span>
    </p>

    <p class='ocr_par' dir='ltr' id='par_1_4' title="bbox 58 483 1171 534">
     <span class='ocr_line' id='line_1_6' title="bbox 58 483 1171 534; baseline 0 -14"><span class='ocrx_word' id='word_1_37' title='bbox 58 484 146 521; x_wconf 81' lang='lat' dir='ltr'>tuit.</span> <span class='ocrx_word' id='word_1_38' title='bbox 191 484 318 533; x_wconf 86' lang='lat' dir='ltr'><strong>Eques</strong></span> <span class='ocrx_word' id='word_1_39' title='bbox 339 483 529 534; x_wconf 81' lang='lat' dir='ltr'>extemplo</span> <span class='ocrx_word' id='word_1_40' title='bbox 550 485 773 533; x_wconf 82' lang='lat' dir='ltr'>insequutus</span> <span class='ocrx_word' id='word_1_41' title='bbox 790 484 845 520; x_wconf 88' lang='lat' dir='ltr'>ita</span> <span class='ocrx_word' id='word_1_42' title='bbox 859 484 1000 520; x_wconf 86' lang='lat' dir='ltr'>institit</span> <span class='ocrx_word' id='word_1_43' title='bbox 1013 484 1171 532; x_wconf 84' lang='lat' dir='ltr'>agmini,</span> 
     </span>
    </p>

    <p class='ocr_par' dir='ltr' id='par_1_5' title="bbox 58 547 1170 660">
     <span class='ocr_line' id='line_1_7' title="bbox 58 547 1170 598; baseline 0 -15"><span class='ocrx_word' id='word_1_44' title='bbox 58 553 113 590; x_wconf 90' lang='lat' dir='ltr'>ut,</span> <span class='ocrx_word' id='word_1_45' title='bbox 135 548 255 584; x_wconf 86' lang='lat' dir='ltr'>donec</span> <span class='ocrx_word' id='word_1_46' title='bbox 272 547 490 591; x_wconf 88' lang='lat' dir='ltr'>lucesceret,</span> <span class='ocrx_word' id='word_1_47' title='bbox 511 547 647 598; x_wconf 88' lang='lat' dir='ltr'>proelio</span> <span class='ocrx_word' id='word_1_48' title='bbox 663 548 871 584; x_wconf 84' lang='lat' dir='ltr'>abstineret</span> <span class='ocrx_word' id='word_1_49' title='bbox 886 562 893 583; x_wconf 91' lang='lat'>:</span> <span class='ocrx_word' id='word_1_50' title='bbox 915 560 964 583; x_wconf 89' lang='lat' dir='ltr'>ne</span> <span class='ocrx_word' id='word_1_51' title='bbox 980 547 1170 598; x_wconf 86' lang='lat' dir='ltr'>pedestres</span> 
     </span>
     <span class='ocr_line' id='line_1_8' title="bbox 59 610 1169 660; baseline 0 -14"><span class='ocrx_word' id='word_1_52' title='bbox 59 611 210 659; x_wconf 87' lang='lat' dir='ltr'>quidem</span> <span class='ocrx_word' id='word_1_53' title='bbox 229 611 346 660; x_wconf 85' lang='lat' dir='ltr'>copiae</span> <span class='ocrx_word' id='word_1_54' title='bbox 374 618 463 647; x_wconf 87' lang='lat' dir='ltr'>ante</span> <span class='ocrx_word' id='word_1_55' title='bbox 492 611 614 647; x_wconf 90' lang='lat' dir='ltr'>lucem</span> <span class='ocrx_word' id='word_1_56' title='bbox 644 611 775 648; x_wconf 85' lang='lat' dir='ltr'>castris</span> <span class='ocrx_word' id='word_1_57' title='bbox 801 623 971 659; x_wconf 85' lang='lat' dir='ltr'>egressae.</span> <span class='ocrx_word' id='word_1_58' title='bbox 1025 610 1169 659; x_wconf 84' lang='lat' dir='ltr'>Eques,</span> 
     </span>
    </p>

    <p class='ocr_par' dir='ltr' id='par_1_6' title="bbox 52 673 1170 850">
     <span class='ocr_line' id='line_1_9' title="bbox 56 673 1170 723; baseline 0 -14"><span class='ocrx_word' id='word_1_59' title='bbox 56 673 140 709; x_wconf 90' lang='lat' dir='ltr'>luce</span> <span class='ocrx_word' id='word_1_60' title='bbox 168 674 317 710; x_wconf 86' lang='lat' dir='ltr'>demum</span> <span class='ocrx_word' id='word_1_61' title='bbox 346 687 457 710; x_wconf 89' lang='lat' dir='ltr'>ausus</span> <span class='ocrx_word' id='word_1_62' title='bbox 488 675 680 710; x_wconf 85' lang='lat' dir='ltr'>incursare</span> <span class='ocrx_word' id='word_1_63' title='bbox 713 674 753 710; x_wconf 90' lang='lat' dir='ltr'>in</span> <span class='ocrx_word' id='word_1_64' title='bbox 785 674 949 716; x_wconf 87' lang='lat' dir='ltr'>hostem,</span> <span class='ocrx_word' id='word_1_65' title='bbox 979 673 1170 723; x_wconf 87' lang='lat' dir='ltr'>carpendo</span> 
     </span>
     <span class='ocr_line' id='line_1_10' title="bbox 57 736 1168 787; baseline 0 -15"><span class='ocrx_word' id='word_1_66' title='bbox 57 737 297 779; x_wconf 84' lang='lat' dir='ltr'>novissimos,</span> <span class='ocrx_word' id='word_1_67' title='bbox 317 737 599 787; x_wconf 74' lang='lat' dir='ltr'>premendoque</span> <span class='ocrx_word' id='word_1_68' title='bbox 614 737 753 786; x_wconf 90' lang='lat' dir='ltr'>iniquis</span> <span class='ocrx_word' id='word_1_69' title='bbox 773 738 819 773; x_wconf 91' lang='lat' dir='ltr'>ad</span> <span class='ocrx_word' id='word_1_70' title='bbox 838 738 1040 773; x_wconf 86' lang='lat' dir='ltr'>transitum</span> <span class='ocrx_word' id='word_1_71' title='bbox 1059 736 1168 780; x_wconf 91' lang='lat' dir='ltr'>locis,</span> 
     </span>
     <span class='ocr_line' id='line_1_11' title="bbox 52 800 1166 850; baseline 0 -14"><span class='ocrx_word' id='word_1_72' title='bbox 52 812 193 849; x_wconf 79' lang='lat' dir='ltr'>agmen</span> <span class='ocrx_word' id='word_1_73' title='bbox 213 800 399 836; x_wconf 87' lang='lat' dir='ltr'>detinuit:</span> <span class='ocrx_word' id='word_1_74' title='bbox 431 800 584 836; x_wconf 88' lang='lat' dir='ltr'>interim</span> <span class='ocrx_word' id='word_1_75' title='bbox 603 801 714 850; x_wconf 90' lang='lat' dir='ltr'>pedes</span> <span class='ocrx_word' id='word_1_76' title='bbox 732 801 898 848; x_wconf 88' lang='lat' dir='ltr'>equitem</span> <span class='ocrx_word' id='word_1_77' title='bbox 913 801 1141 848; x_wconf 90' lang='lat' dir='ltr'>adsequutus</span> <span class='ocrx_word' id='word_1_78' title='bbox 1153 816 1166 846; x_wconf 80' lang='lat'>3</span> 
     </span>
    </p>

    <p class='ocr_par' dir='ltr' id='par_1_7' title="bbox 54 861 1170 978">
     <span class='ocr_line' id='line_1_12' title="bbox 56 861 1170 912; baseline 0 -13"><span class='ocrx_word' id='word_1_79' title='bbox 56 869 95 899; x_wconf 90' lang='lat' dir='ltr'>et</span> <span class='ocrx_word' id='word_1_80' title='bbox 114 864 205 899; x_wconf 91' lang='lat' dir='ltr'>totis</span> <span class='ocrx_word' id='word_1_81' title='bbox 225 861 308 912; x_wconf 85' lang='lat' dir='ltr'>jam</span> <span class='ocrx_word' id='word_1_82' title='bbox 328 863 447 912; x_wconf 86' lang='lat' dir='ltr'>copiis</span> <span class='ocrx_word' id='word_1_83' title='bbox 475 863 624 899; x_wconf 90' lang='lat' dir='ltr'>Samnis</span> <span class='ocrx_word' id='word_1_84' title='bbox 644 862 817 911; x_wconf 87' lang='lat' dir='ltr'>urgebat.</span> <span class='ocrx_word' id='word_1_85' title='bbox 872 862 972 897; x_wconf 89' lang='lat' dir='ltr'>Tum</span> <span class='ocrx_word' id='word_1_86' title='bbox 991 862 1170 906; x_wconf 88' lang='lat' dir='ltr'>dictator,</span> 
     </span>
     <span class='ocr_line' id='line_1_13' title="bbox 54 925 1169 978; baseline 0 -16"><span class='ocrx_word' id='word_1_87' title='bbox 54 932 258 978; x_wconf 85' lang='lat' dir='ltr'>postquam</span> <span class='ocrx_word' id='word_1_88' title='bbox 276 927 357 962; x_wconf 88' lang='lat' dir='ltr'>sine</span> <span class='ocrx_word' id='word_1_89' title='bbox 376 938 516 974; x_wconf 89' lang='lat' dir='ltr'>magno</span> <span class='ocrx_word' id='word_1_90' title='bbox 536 926 780 962; x_wconf 90' lang='lat' dir='ltr'>incommodo</span> <span class='ocrx_word' id='word_1_91' title='bbox 795 925 974 976; x_wconf 89' lang='lat' dir='ltr'>progredi</span> <span class='ocrx_word' id='word_1_92' title='bbox 989 937 1069 962; x_wconf 85' lang='lat' dir='ltr'>non</span> <span class='ocrx_word' id='word_1_93' title='bbox 1081 932 1169 976; x_wconf 90' lang='lat' dir='ltr'>pot-</span> 
     </span>
    </p>

    <p class='ocr_par' dir='ltr' id='par_1_8' title="bbox 49 988 1168 1103">
     <span class='ocr_line' id='line_1_14' title="bbox 54 988 1168 1040; baseline 0 -15"><span class='ocrx_word' id='word_1_94' title='bbox 54 996 148 1032; x_wconf 86' lang='lat' dir='ltr'>erat,</span> <span class='ocrx_word' id='word_1_95' title='bbox 170 1002 256 1026; x_wconf 90' lang='lat' dir='ltr'>eum</span> <span class='ocrx_word' id='word_1_96' title='bbox 281 989 420 1040; x_wconf 88' lang='lat' dir='ltr'>ipsum,</span> <span class='ocrx_word' id='word_1_97' title='bbox 447 990 488 1026; x_wconf 90' lang='lat' dir='ltr'>in</span> <span class='ocrx_word' id='word_1_98' title='bbox 516 1002 592 1038; x_wconf 89' lang='lat' dir='ltr'>quo</span> <span class='ocrx_word' id='word_1_99' title='bbox 616 990 854 1032; x_wconf 88' lang='lat' dir='ltr'>constiterat,</span> <span class='ocrx_word' id='word_1_100' title='bbox 881 988 1010 1024; x_wconf 90' lang='lat' dir='ltr'>locum</span> <span class='ocrx_word' id='word_1_101' title='bbox 1036 989 1168 1025; x_wconf 82' lang='lat' dir='ltr'>castris</span> 
     </span>
     <span class='ocr_line' id='line_1_15' title="bbox 49 1052 1168 1103; baseline -0.002 -13"><span class='ocrx_word' id='word_1_102' title='bbox 49 1052 228 1090; x_wconf 43' lang='lat' dir='ltr'>»dimetari</span> <span class='ocrx_word' id='word_1_103' title='bbox 245 1053 386 1103; x_wconf 80' lang='lat' dir='ltr'>jussit:</span> <span class='ocrx_word' id='word_1_104' title='bbox 417 1053 456 1089; x_wconf 89' lang='lat' dir='ltr'>id</span> <span class='ocrx_word' id='word_1_105' title='bbox 483 1066 587 1096; x_wconf 88' lang='lat' dir='ltr'>vero,</span> <span class='ocrx_word' id='word_1_106' title='bbox 612 1053 840 1090; x_wconf 85' lang='lat' dir='ltr'>circumfuso</span> <span class='ocrx_word' id='word_1_107' title='bbox 870 1052 1033 1102; x_wconf 89' lang='lat' dir='ltr'>undique</span> <span class='ocrx_word' id='word_1_108' title='bbox 1062 1053 1168 1102; x_wconf 91' lang='lat' dir='ltr'>equi-</span> 
     </span>
    </p>

    <p class='ocr_par' dir='ltr' id='par_1_9' title="bbox 53 1116 1168 1167">
     <span class='ocr_line' id='line_1_16' title="bbox 53 1116 1168 1167; baseline 0 -15"><span class='ocrx_word' id='word_1_109' title='bbox 53 1122 151 1160; x_wconf 90' lang='lat' dir='ltr'>tatu,</span> <span class='ocrx_word' id='word_1_110' title='bbox 182 1123 223 1153; x_wconf 93' lang='lat' dir='ltr'>ut</span> <span class='ocrx_word' id='word_1_111' title='bbox 250 1117 391 1153; x_wconf 84' lang='lat' dir='ltr'>vallum</span> <span class='ocrx_word' id='word_1_112' title='bbox 423 1123 630 1167; x_wconf 83' lang='lat' dir='ltr'>peteretur,</span> <span class='ocrx_word' id='word_1_113' title='bbox 660 1127 832 1166; x_wconf 87' lang='lat' dir='ltr'>opusque</span> <span class='ocrx_word' id='word_1_114' title='bbox 859 1116 1057 1165; x_wconf 89' lang='lat' dir='ltr'>inciperet,</span> <span class='ocrx_word' id='word_1_115' title='bbox 1086 1116 1168 1153; x_wconf 87' lang='lat' dir='ltr'>fieri</span> 
     </span>
    </p>

    <p class='ocr_par' dir='ltr' id='par_1_10' title="bbox 16 1179 1166 1230">
     <span class='ocr_line' id='line_1_17' title="bbox 16 1179 1166 1230; baseline 0 -14"><span class='ocrx_word' id='word_1_116' title='bbox 16 1226 17 1229; x_wconf 11' lang='grc' dir='ltr'><strong>Ἴ</strong></span> <span class='ocrx_word' id='word_1_117' title='bbox 51 1192 131 1217; x_wconf 92' lang='lat' dir='ltr'>non</span> <span class='ocrx_word' id='word_1_118' title='bbox 159 1186 322 1230; x_wconf 87' lang='lat' dir='ltr'>poterat.</span> <span class='ocrx_word' id='word_1_119' title='bbox 378 1180 528 1230; x_wconf 89' lang='lat' dir='ltr'>Itaque,</span> <span class='ocrx_word' id='word_1_120' title='bbox 548 1179 614 1216; x_wconf 86' lang='lat' dir='ltr'>ubi</span> <span class='ocrx_word' id='word_1_121' title='bbox 636 1192 759 1229; x_wconf 90' lang='lat' dir='ltr'>neque</span> <span class='ocrx_word' id='word_1_122' title='bbox 789 1179 916 1222; x_wconf 87' lang='lat' dir='ltr'>eundi,</span> <span class='ocrx_word' id='word_1_123' title='bbox 937 1192 1061 1229; x_wconf 87' lang='lat' dir='ltr'>neque</span> <span class='ocrx_word' id='word_1_124' title='bbox 1085 1192 1166 1216; x_wconf 88' lang='lat' dir='ltr'>ma-</span> 
     </span>
    </p>

    <p class='ocr_par' dir='ltr' id='par_1_11' title="bbox 50 1243 1165 1294">
     <span class='ocr_line' id='line_1_18' title="bbox 50 1243 1165 1294; baseline 0.001 -15"><span class='ocrx_word' id='word_1_125' title='bbox 50 1243 166 1280; x_wconf 90' lang='lat' dir='ltr'>nendi</span> <span class='ocrx_word' id='word_1_126' title='bbox 191 1244 341 1294; x_wconf 87' lang='lat' dir='ltr'>copiam</span> <span class='ocrx_word' id='word_1_127' title='bbox 361 1255 442 1280; x_wconf 88' lang='lat' dir='ltr'>esse</span> <span class='ocrx_word' id='word_1_128' title='bbox 461 1243 576 1286; x_wconf 89' lang='lat' dir='ltr'>videt,</span> <span class='ocrx_word' id='word_1_129' title='bbox 597 1243 751 1279; x_wconf 89' lang='lat' dir='ltr'>instruit</span> <span class='ocrx_word' id='word_1_130' title='bbox 774 1243 908 1286; x_wconf 87' lang='lat' dir='ltr'>aciem,</span> <span class='ocrx_word' id='word_1_131' title='bbox 929 1243 1165 1294; x_wconf 88' lang='lat' dir='ltr'>inpedimen-</span> 
     </span>
    </p>

    <p class='ocr_par' dir='ltr' id='par_1_12' title="bbox 51 1306 1164 1356">
     <span class='ocr_line' id='line_1_19' title="bbox 51 1306 1164 1356; baseline 0.001 -14"><span class='ocrx_word' id='word_1_132' title='bbox 51 1306 99 1342; x_wconf 88' lang='lat' dir='ltr'>tis</span> <span class='ocrx_word' id='word_1_133' title='bbox 127 1319 174 1343; x_wconf 92' lang='lat' dir='ltr'>ex</span> <span class='ocrx_word' id='word_1_134' title='bbox 202 1307 353 1356; x_wconf 85' lang='lat' dir='ltr'>agmine</span> <span class='ocrx_word' id='word_1_135' title='bbox 377 1306 554 1343; x_wconf 83' lang='lat' dir='ltr'>remotis:</span> <span class='ocrx_word' id='word_1_136' title='bbox 586 1307 781 1343; x_wconf 89' lang='lat' dir='ltr'>instruunt</span> <span class='ocrx_word' id='word_1_137' title='bbox 800 1312 932 1343; x_wconf 86' lang='lat' dir='ltr'>contra</span> <span class='ocrx_word' id='word_1_138' title='bbox 957 1312 995 1343; x_wconf 90' lang='lat' dir='ltr'>et</span> <span class='ocrx_word' id='word_1_139' title='bbox 1017 1307 1164 1351; x_wconf 88' lang='lat' dir='ltr'>hostes,</span> 
     </span>
    </p>

    <p class='ocr_par' dir='ltr' id='par_1_13' title="bbox 49 1370 1164 1421">
     <span class='ocr_line' id='line_1_20' title="bbox 49 1370 1164 1421; baseline 0.001 -15"><span class='ocrx_word' id='word_1_140' title='bbox 49 1376 88 1406; x_wconf 90' lang='lat' dir='ltr'>et</span> <span class='ocrx_word' id='word_1_141' title='bbox 107 1371 242 1407; x_wconf 88' lang='lat' dir='ltr'>animis</span> <span class='ocrx_word' id='word_1_142' title='bbox 263 1377 302 1408; x_wconf 91' lang='lat' dir='ltr'>et</span> <span class='ocrx_word' id='word_1_143' title='bbox 320 1370 462 1407; x_wconf 88' lang='lat' dir='ltr'>viribus</span> <span class='ocrx_word' id='word_1_144' title='bbox 489 1383 622 1421; x_wconf 86' lang='lat' dir='ltr'>pares:</span> <span class='ocrx_word' id='word_1_145' title='bbox 654 1376 813 1407; x_wconf 85' lang='lat' dir='ltr'>auxerat</span> <span class='ocrx_word' id='word_1_146' title='bbox 837 1371 877 1407; x_wconf 89' lang='lat' dir='ltr'>id</span> <span class='ocrx_word' id='word_1_147' title='bbox 898 1371 1062 1408; x_wconf 87' lang='lat' dir='ltr'>maxime</span> <span class='ocrx_word' id='word_1_148' title='bbox 1081 1372 1164 1408; x_wconf 89' lang='lat' dir='ltr'>ani-</span> 
     </span>
    </p>

    <p class='ocr_par' dir='ltr' id='par_1_14' title="bbox 48 1434 1163 1484">
     <span class='ocr_line' id='line_1_21' title="bbox 48 1434 1163 1484; baseline 0 -13"><span class='ocrx_word' id='word_1_149' title='bbox 48 1447 145 1477; x_wconf 76' lang='lat' dir='ltr'>mOS,</span> <span class='ocrx_word' id='word_1_150' title='bbox 166 1435 281 1484; x_wconf 89' lang='lat' dir='ltr'>quod,</span> <span class='ocrx_word' id='word_1_151' title='bbox 312 1435 436 1484; x_wconf 88' lang='lat' dir='ltr'>ignari</span> <span class='ocrx_word' id='word_1_152' title='bbox 463 1434 550 1471; x_wconf 90' lang='lat' dir='ltr'>loco</span> <span class='ocrx_word' id='word_1_153' title='bbox 578 1434 726 1483; x_wconf 90' lang='lat' dir='ltr'>iniquo,</span> <span class='ocrx_word' id='word_1_154' title='bbox 750 1447 829 1471; x_wconf 91' lang='lat' dir='ltr'>non</span> <span class='ocrx_word' id='word_1_155' title='bbox 857 1434 974 1478; x_wconf 92' lang='lat' dir='ltr'>hosti,</span> <span class='ocrx_word' id='word_1_156' title='bbox 1002 1447 1163 1478; x_wconf 70' lang='lat' dir='ltr'>cessum,</span> 
     </span>
    </p>

    <p class='ocr_par' dir='ltr' id='par_1_15' title="bbox 42 1497 1163 1548">
     <span class='ocr_line' id='line_1_22' title="bbox 42 1497 1163 1548; baseline 0 -14"><span class='ocrx_word' id='word_1_157' title='bbox 42 1497 146 1534; x_wconf 83' lang='lat' dir='ltr'>velut</span> <span class='ocrx_word' id='word_1_158' title='bbox 164 1498 352 1548; x_wconf 88' lang='lat' dir='ltr'>fugientes</span> <span class='ocrx_word' id='word_1_159' title='bbox 382 1512 425 1535; x_wconf 89' lang='lat' dir='ltr'>ac</span> <span class='ocrx_word' id='word_1_160' title='bbox 450 1499 603 1534; x_wconf 87' lang='lat' dir='ltr'>territos</span> <span class='ocrx_word' id='word_1_161' title='bbox 629 1497 816 1534; x_wconf 88' lang='lat' dir='ltr'>terribiles</span> <span class='ocrx_word' id='word_1_162' title='bbox 837 1498 910 1548; x_wconf 87' lang='lat' dir='ltr'>ipsi</span> <span class='ocrx_word' id='word_1_163' title='bbox 928 1499 1079 1548; x_wconf 90' lang='lat' dir='ltr'>sequuti</span> <span class='ocrx_word' id='word_1_164' title='bbox 1101 1499 1163 1534; x_wconf 85' lang='lat' dir='ltr'>fu-</span> 
     </span>
    </p>

    <p class='ocr_par' dir='ltr' id='par_1_16' title="bbox 45 1560 1164 1675">
     <span class='ocr_line' id='line_1_23' title="bbox 45 1560 1164 1612; baseline 0 -14"><span class='ocrx_word' id='word_1_165' title='bbox 45 1570 166 1600; x_wconf 85' lang='lat' dir='ltr'>erant.</span> <span class='ocrx_word' id='word_1_166' title='bbox 224 1563 269 1600; x_wconf 90' lang='lat' dir='ltr'>Id</span> <span class='ocrx_word' id='word_1_167' title='bbox 288 1563 520 1612; x_wconf 85' lang='lat' dir='ltr'>aliquamdiu</span> <span class='ocrx_word' id='word_1_168' title='bbox 538 1562 700 1610; x_wconf 81' lang='lat' dir='ltr'>aequavit</span> <span class='ocrx_word' id='word_1_169' title='bbox 719 1573 900 1610; x_wconf 84' lang='lat' dir='ltr'>pugnam,</span> <span class='ocrx_word' id='word_1_170' title='bbox 915 1560 999 1609; x_wconf 88' lang='lat' dir='ltr'>jam</span> <span class='ocrx_word' id='word_1_171' title='bbox 1018 1561 1164 1610; x_wconf 83' lang='lat' dir='ltr'>pridem</span> 
     </span>
     <span class='ocr_line' id='line_1_24' title="bbox 48 1624 1161 1675; baseline 0.001 -15"><span class='ocrx_word' id='word_1_172' title='bbox 48 1625 204 1662; x_wconf 83' lang='lat' dir='ltr'>desueto</span> <span class='ocrx_word' id='word_1_173' title='bbox 232 1626 404 1662; x_wconf 86' lang='lat' dir='ltr'>Samnite</span> <span class='ocrx_word' id='word_1_174' title='bbox 425 1625 630 1662; x_wconf 85' lang='lat' dir='ltr'>clamorem</span> <span class='ocrx_word' id='word_1_175' title='bbox 656 1624 825 1661; x_wconf 84' lang='lat' dir='ltr'>Romani</span> <span class='ocrx_word' id='word_1_176' title='bbox 854 1624 1040 1660; x_wconf 86' lang='lat' dir='ltr'>exercitus</span> <span class='ocrx_word' id='word_1_177' title='bbox 1066 1625 1161 1675; x_wconf 87' lang='lat' dir='ltr'>pati.</span> 
     </span>
    </p>

    <p class='ocr_par' dir='ltr' id='par_1_17' title="bbox 46 1688 1367 1867">
     <span class='ocr_line' id='line_1_25' title="bbox 46 1688 1323 1732; baseline 0.002 -7"><span class='ocrx_word' id='word_1_178' title='bbox 46 1689 113 1731; x_wconf 87' lang='lat' dir='ltr'>At,</span> <span class='ocrx_word' id='word_1_179' title='bbox 133 1689 300 1732; x_wconf 91' lang='lat' dir='ltr'>hercule,</span> <span class='ocrx_word' id='word_1_180' title='bbox 320 1689 386 1725; x_wconf 88' lang='lat' dir='ltr'>illo</span> <span class='ocrx_word' id='word_1_181' title='bbox 406 1689 464 1725; x_wconf 87' lang='lat' dir='ltr'>die</span> <span class='ocrx_word' id='word_1_182' title='bbox 492 1688 540 1725; x_wconf 88' lang='lat' dir='ltr'>ab</span> <span class='ocrx_word' id='word_1_183' title='bbox 561 1689 660 1724; x_wconf 87' lang='lat' dir='ltr'>hora</span> <span class='ocrx_word' id='word_1_184' title='bbox 685 1688 760 1725; x_wconf 88' lang='lat' dir='ltr'>diei</span> <span class='ocrx_word' id='word_1_185' title='bbox 788 1688 902 1725; x_wconf 87' lang='lat' dir='ltr'>tertia</span> <span class='ocrx_word' id='word_1_186' title='bbox 921 1688 967 1725; x_wconf 89' lang='lat' dir='ltr'>ad</span> <span class='ocrx_word' id='word_1_187' title='bbox 985 1693 1158 1725; x_wconf 84' lang='lat' dir='ltr'>octavam</span> <span class='ocrx_word' id='word_1_188' title='bbox 1171 1696 1323 1729; x_wconf 79' lang='lat' dir='ltr'>Proelium</span> 
     </span>
     <span class='ocr_line' id='line_1_26' title="bbox 47 1746 1367 1815; baseline 0 -27"><span class='ocrx_word' id='word_1_189' title='bbox 47 1752 101 1788; x_wconf 88' lang='lat' dir='ltr'>ita</span> <span class='ocrx_word' id='word_1_190' title='bbox 127 1765 264 1803; x_wconf 88' lang='lat' dir='ltr'>anceps</span> <span class='ocrx_word' id='word_1_191' title='bbox 290 1753 427 1789; x_wconf 86' lang='lat' dir='ltr'>dicitur</span> <span class='ocrx_word' id='word_1_192' title='bbox 452 1760 642 1790; x_wconf 88' lang='lat' dir='ltr'>certamen</span> <span class='ocrx_word' id='word_1_193' title='bbox 676 1753 839 1794; x_wconf 82' lang='lat' dir='ltr'>stetisse,</span> <span class='ocrx_word' id='word_1_194' title='bbox 860 1758 903 1788; x_wconf 92' lang='lat' dir='ltr'>ut</span> <span class='ocrx_word' id='word_1_195' title='bbox 931 1764 1054 1802; x_wconf 90' lang='lat' dir='ltr'>neque</span> <span class='ocrx_word' id='word_1_196' title='bbox 1079 1752 1156 1789; x_wconf 83' lang='lat' dir='ltr'>cla·</span> <span class='ocrx_word' id='word_1_197' title='bbox 1169 1746 1367 1815; x_wconf 41' lang='lat' dir='ltr'>ffisst&#39;ftJJ-m·</span> 
     </span>
     <span class='ocr_line' id='line_1_27' title="bbox 48 1815 1159 1867; baseline 0.001 -16"><span class='ocrx_word' id='word_1_198' title='bbox 48 1828 144 1858; x_wconf 86' lang='lat' dir='ltr'>mor,</span> <span class='ocrx_word' id='word_1_199' title='bbox 167 1823 207 1852; x_wconf 90' lang='lat' dir='ltr'>ut</span> <span class='ocrx_word' id='word_1_200' title='bbox 227 1817 350 1867; x_wconf 89' lang='lat' dir='ltr'>primo</span> <span class='ocrx_word' id='word_1_201' title='bbox 369 1816 484 1854; x_wconf 91' lang='lat' dir='ltr'>semel</span> <span class='ocrx_word' id='word_1_202' title='bbox 509 1829 695 1854; x_wconf 85' lang='lat' dir='ltr'>concursu</span> <span class='ocrx_word' id='word_1_203' title='bbox 715 1824 772 1853; x_wconf 92' lang='lat' dir='ltr'>est</span> <span class='ocrx_word' id='word_1_204' title='bbox 793 1815 979 1860; x_wconf 87' lang='lat' dir='ltr'>sublatus,</span> <span class='ocrx_word' id='word_1_205' title='bbox 999 1817 1159 1853; x_wconf 86' lang='lat' dir='ltr'>iteratus</span> 
     </span>
    </p>

    <p class='ocr_par' dir='ltr' id='par_1_18' title="bbox 47 1879 1155 1930">
     <span class='ocr_line' id='line_1_28' title="bbox 47 1879 1155 1930; baseline 0.002 -16"><span class='ocrx_word' id='word_1_206' title='bbox 47 1879 121 1925; x_wconf 83' lang='lat' dir='ltr'>sit3</span> <span class='ocrx_word' id='word_1_207' title='bbox 163 1892 284 1929; x_wconf 87' lang='lat' dir='ltr'>neque</span> <span class='ocrx_word' id='word_1_208' title='bbox 317 1881 425 1929; x_wconf 86' lang='lat' dir='ltr'>signa</span> <span class='ocrx_word' id='word_1_209' title='bbox 455 1886 631 1930; x_wconf 84' lang='lat' dir='ltr'>promota</span> <span class='ocrx_word' id='word_1_210' title='bbox 662 1879 763 1923; x_wconf 87' lang='lat' dir='ltr'>loco,</span> <span class='ocrx_word' id='word_1_211' title='bbox 797 1886 946 1916; x_wconf 87' lang='lat' dir='ltr'>retrove</span> <span class='ocrx_word' id='word_1_212' title='bbox 978 1885 1155 1930; x_wconf 74' lang='lat' dir='ltr'>recepta3</span> 
     </span>
    </p>

    <p class='ocr_par' dir='ltr' id='par_1_19' title="bbox 46 1943 1159 1994">
     <span class='ocr_line' id='line_1_29' title="bbox 46 1943 1159 1994; baseline 0 -16"><span class='ocrx_word' id='word_1_213' title='bbox 46 1955 170 1992; x_wconf 89' lang='lat' dir='ltr'>neque</span> <span class='ocrx_word' id='word_1_214' title='bbox 195 1956 387 1981; x_wconf 88' lang='lat' dir='ltr'>recursum</span> <span class='ocrx_word' id='word_1_215' title='bbox 417 1944 464 1980; x_wconf 91' lang='lat' dir='ltr'>ab</span> <span class='ocrx_word' id='word_1_216' title='bbox 494 1944 571 1981; x_wconf 88' lang='lat' dir='ltr'>ulla</span> <span class='ocrx_word' id='word_1_217' title='bbox 595 1945 646 1980; x_wconf 90' lang='lat' dir='ltr'>sit</span> <span class='ocrx_word' id='word_1_218' title='bbox 668 1950 788 1994; x_wconf 85' lang='lat' dir='ltr'>parte.</span> <span class='ocrx_word' id='word_1_219' title='bbox 843 1943 890 1980; x_wconf 92' lang='lat' dir='ltr'>In</span> <span class='ocrx_word' id='word_1_220' title='bbox 909 1956 979 1980; x_wconf 90' lang='lat' dir='ltr'>suo</span> <span class='ocrx_word' id='word_1_221' title='bbox 999 1944 1159 1992; x_wconf 87' lang='lat' dir='ltr'>quisque</span> 
     </span>
    </p>

    <p class='ocr_par' dir='ltr' id='par_1_20' title="bbox 48 2006 1157 2121">
     <span class='ocr_line' id='line_1_30' title="bbox 48 2006 1157 2057; baseline 0 -15"><span class='ocrx_word' id='word_1_222' title='bbox 48 2007 165 2054; x_wconf 83' lang='lat' dir='ltr'>gradu</span> <span class='ocrx_word' id='word_1_223' title='bbox 193 2007 339 2051; x_wconf 88' lang='lat' dir='ltr'>obnixi,</span> <span class='ocrx_word' id='word_1_224' title='bbox 369 2015 545 2057; x_wconf 85' lang='lat' dir='ltr'>urgentes</span> <span class='ocrx_word' id='word_1_225' title='bbox 576 2009 706 2051; x_wconf 83' lang='lat' dir='ltr'>scutis,</span> <span class='ocrx_word' id='word_1_226' title='bbox 727 2008 808 2044; x_wconf 88' lang='lat' dir='ltr'>sine</span> <span class='ocrx_word' id='word_1_227' title='bbox 834 2006 1084 2056; x_wconf 87' lang='lat' dir='ltr'>respiratione</span> <span class='ocrx_word' id='word_1_228' title='bbox 1112 2018 1157 2042; x_wconf 85' lang='lat' dir='ltr'>ac</span> 
     </span>
     <span class='ocr_line' id='line_1_31' title="bbox 48 2069 1154 2121; baseline 0.001 -16"><span class='ocrx_word' id='word_1_229' title='bbox 48 2071 473 2121; x_wconf 84' lang='lat' dir='ltr'>respectu-pugnabant:</span> <span class='ocrx_word' id='word_1_230' title='bbox 491 2072 662 2108; x_wconf 88' lang='lat' dir='ltr'>fremitus</span> <span class='ocrx_word' id='word_1_231' title='bbox 676 2071 842 2120; x_wconf 85' lang='lat' dir='ltr'>aequalis,</span> <span class='ocrx_word' id='word_1_232' title='bbox 858 2076 1044 2118; x_wconf 89' lang='lat' dir='ltr'>tenorque</span> <span class='ocrx_word' id='word_1_233' title='bbox 1056 2069 1154 2106; x_wconf 87' lang='lat' dir='ltr'>idem</span> 
     </span>
    </p>

    <p class='ocr_par' dir='ltr' id='par_1_21' title="bbox 0 2134 1153 2182">
     <span class='ocr_line' id='line_1_32' title="bbox 0 2134 1153 2182; baseline 0.001 -15"><span class='ocrx_word' id='word_1_234' title='bbox 0 2143 1 2148; x_wconf 56' lang='lat'>¹</span> <span class='ocrx_word' id='word_1_235' title='bbox 48 2144 184 2182; x_wconf 90' lang='lat' dir='ltr'>pugnae</span> <span class='ocrx_word' id='word_1_236' title='bbox 205 2134 243 2168; x_wconf 88' lang='lat' dir='ltr'>in</span> <span class='ocrx_word' id='word_1_237' title='bbox 263 2134 573 2182; x_wconf 86' lang='lat' dir='ltr'>defatigationem</span> <span class='ocrx_word' id='word_1_238' title='bbox 598 2134 769 2170; x_wconf 88' lang='lat' dir='ltr'>ultimam</span> <span class='ocrx_word' id='word_1_239' title='bbox 788 2140 854 2170; x_wconf 89' lang='lat' dir='ltr'>aut</span> <span class='ocrx_word' id='word_1_240' title='bbox 876 2138 1026 2180; x_wconf 83' lang='lat' dir='ltr'>noctem</span> <span class='ocrx_word' id='word_1_241' title='bbox 1046 2143 1153 2181; x_wconf 84' lang='lat' dir='ltr'>spec-</span> 
     </span>
    </p>

    <p class='ocr_par' dir='ltr' id='par_1_22' title="bbox 48 2194 1152 2249">
     <span class='ocr_line' id='line_1_33' title="bbox 48 2194 1152 2249; baseline 0.001 -20"><span class='ocrx_word' id='word_1_242' title='bbox 48 2195 168 2231; x_wconf 85' lang='lat' dir='ltr'>tabat.</span> <span class='ocrx_word' id='word_1_243' title='bbox 224 2195 311 2232; x_wconf 87' lang='lat' dir='ltr'>Jam</span> <span class='ocrx_word' id='word_1_244' title='bbox 330 2198 416 2233; x_wconf 89' lang='lat' dir='ltr'>viris</span> <span class='ocrx_word' id='word_1_245' title='bbox 435 2198 545 2241; x_wconf 82' lang='lat' dir='ltr'>vires,</span> <span class='ocrx_word' id='word_1_246' title='bbox 562 2196 649 2249; x_wconf 86' lang='lat' dir='ltr'>jam</span> <span class='ocrx_word' id='word_1_247' title='bbox 669 2197 770 2234; x_wconf 88' lang='lat' dir='ltr'>ferro</span> <span class='ocrx_word' id='word_1_248' title='bbox 789 2209 857 2233; x_wconf 87' lang='lat' dir='ltr'>sua</span> <span class='ocrx_word' id='word_1_249' title='bbox 876 2196 943 2239; x_wconf 82' lang='lat' dir='ltr'>vis,</span> <span class='ocrx_word' id='word_1_250' title='bbox 958 2194 1040 2246; x_wconf 88' lang='lat' dir='ltr'>jam</span> <span class='ocrx_word' id='word_1_251' title='bbox 1061 2207 1152 2231; x_wconf 85' lang='lat' dir='ltr'>con-</span> 
     </span>
    </p>

    <p class='ocr_par' dir='ltr' id='par_1_23' title="bbox 49 2258 1153 2312">
     <span class='ocr_line' id='line_1_34' title="bbox 49 2258 1153 2312; baseline 0.001 -18"><span class='ocrx_word' id='word_1_252' title='bbox 49 2259 131 2296; x_wconf 85' lang='lat' dir='ltr'>silia</span> <span class='ocrx_word' id='word_1_253' title='bbox 150 2258 306 2296; x_wconf 90' lang='lat' dir='ltr'>ducibus</span> <span class='ocrx_word' id='word_1_254' title='bbox 327 2261 502 2298; x_wconf 83' lang='lat' dir='ltr'>deerant:</span> <span class='ocrx_word' id='word_1_255' title='bbox 526 2274 642 2312; x_wconf 87' lang='lat' dir='ltr'>quum</span> <span class='ocrx_word' id='word_1_256' title='bbox 656 2260 784 2299; x_wconf 85' lang='lat' dir='ltr'>subito</span> <span class='ocrx_word' id='word_1_257' title='bbox 803 2260 1030 2298; x_wconf 81' lang='lat' dir='ltr'>Samnitium</span> <span class='ocrx_word' id='word_1_258' title='bbox 1046 2258 1153 2309; x_wconf 84' lang='lat' dir='ltr'>equi-</span> 
     </span>
    </p>
   </div>
   <div class='ocr_carea' id='block_1_3' title="bbox 1550 1532 1573 2598">
    <p class='ocr_par' dir='ltr' id='par_1_24' title="bbox 1550 1532 1573 2598">
     <span class='ocr_line' id='line_1_35' title="bbox 1550 1532 1573 2598; baseline 0 0"><span class='ocrx_word' id='word_1_259' title='bbox 1550 1532 1573 2598; x_wconf 95' lang='lat' dir='ltr'> </span> 
     </span>
    </p>
   </div>
  </div>
 </body>
</html>
