1573 2598
106 293 174 324 Lex
187 290 274 324 Pub·

108 336 186 367 lilia.

101 916 143 946 U.
162 914 199 945 C.
217 922 289 947 283.

98 959 138 991 Δ.
156 959 192 991 C.
209 965 282 993 469.

91 1369 215 1402 Laetorii

89 1415 146 1445 Tr.
163 1413 221 1462 1³1.-

92 1464 269 1488 certamina

91 1509 171 1531 cum
183 1500 297 1540 Appio·

90 1552 157 1575 cos.

328 179 404 236 158
775 193 821 223 T.
845 193 978 224 mvn

327 281 477 330 quidem
495 280 644 319 violatis
664 281 895 325 consulibus,
916 281 1155 331 rogationem
1175 280 1263 318 tulit
1291 281 1338 318 ad
1365 292 1435 331 po-

325 343 470 395 pulum,
490 350 533 380 ut
560 343 696 394 plebeii
726 346 966 394 magistratus
994 344 1146 381 tributis
1177 344 1340 381 comitiis
1369 343 1434 380 fie-

322 413 419 444 rent.
476 406 592 444 Haud
620 420 734 456 parva
753 420 809 443 res
830 407 898 444 sub
920 406 1033 442 titulo
1063 407 1184 456 prima
1211 406 1336 456 specie
1363 405 1434 441 mi·

320 472 422 508 nime
458 471 577 506 atroci
610 469 826 515 ferebatur5
867 470 930 505 sed
966 482 1048 518 quae
1086 468 1253 519 patriciis
1282 478 1435 503 omnem

319 542 548 585 potestatem
568 547 634 584 per
653 533 845 570 clientium
865 534 1042 582 suffragia
1060 534 1226 577 creandi,
1247 545 1341 582 quos
1355 532 1434 569 vel-

318 597 412 641 lent,
446 598 619 633 tribunos
649 596 824 633 auferret.
880 596 984 633 Huic
1019 597 1176 638 actioni,
1210 595 1433 644 gratissimae

318 664 434 715 plebi,
455 677 571 714 quum
593 676 738 700 summa
758 663 792 698 vi
818 663 1035 699 resisterent
1054 662 1185 698 Patres
1202 677 1213 707 3
1245 673 1328 703 nee,
1349 673 1434 709 quae

319 739 394 762 una
413 727 467 762 vis
488 727 534 763 ad
563 725 810 763 resistendum
834 731 927 769 erat,
948 731 990 761 ut
1014 725 1276 767 intercederet,
1297 724 1432 773 aliquis

319 803 365 826 ex
385 790 546 840 collegio
565 791 791 827 auctoritate
811 797 876 827 aut
901 791 1098 827 consulum
1126 797 1191 827 aut
1218 791 1432 840 principum

318 854 451 891 adduci
481 859 635 905 posset;
667 866 725 890 res
751 859 892 896 tamen,
920 865 988 889 suo
1015 853 1096 902 ipsa
1121 852 1315 889 molimine
1344 865 1430 901 gra·

317 920 386 962 vis,
408 918 674 955 certaminibus
703 918 742 954 in
771 930 912 953 annum
941 918 1162 955 extrahitur.
1218 917 1331 954 Plebs
1350 918 1431 954 Vo-

315 985 483 1022 leronem
511 983 706 1019 tribunum
734 982 866 1018 reficit.
921 981 1068 1025 Patres,
1099 982 1145 1018 ad
1173 981 1348 1019 ultimum
1374 982 1430 1019 di-

312 1048 528 1085 micationis
557 1046 628 1082 rati
657 1058 737 1081 rem
764 1050 976 1087 venturam,
1005 1043 1079 1093 Ap.
1104 1042 1318 1087 Claudium,
1347 1044 1429 1094 Ap-

310 1111 362 1161 pii
384 1109 516 1153 filium,
531 1108 613 1158 ¹iam
632 1108 720 1144 inde
739 1121 760 1144 a
785 1108 951 1157 paternis
971 1105 1239 1143 certaminibus
1265 1107 1428 1143 invisum

308 1173 565 1222 infestumque
600 1171 716 1222 plebi,
754 1169 947 1206 consulem
981 1169 1139 1206 faciunt.
1197 1168 1355 1219 Collega
1392 1170 1427 1206 ei

308 1235 357 1273 T.
392 1236 594 1276 Quinctius
631 1235 750 1271 datur.
807 1233 1001 1283 Principio
1038 1233 1167 1268 statim
1203 1232 1292 1267 anni
1329 1232 1426 1268 nihil

306 1298 426 1348 prius,
446 1310 559 1346 quam
583 1297 629 1333 de
654 1296 749 1345 lege,
770 1296 975 1344 agebatur:
1008 1294 1072 1331 sed
1102 1301 1142 1329 ut
1170 1295 1346 1330 inventor
1370 1294 1425 1330 le-

309 1366 366 1414 gis
387 1364 542 1407 Volero,
568 1364 622 1400 sic
641 1362 844 1405 Laetorius,
869 1360 1015 1409 collega
1040 1359 1135 1409 ejus),
1156 1365 1289 1395 auctor
1307 1372 1424 1408 quum

308 1428 510 1470 recentior,
539 1432 621 1462 tum
646 1425 768 1462 acrior
796 1430 888 1461 erat.
943 1423 1125 1459 Ferocem
1145 1421 1309 1458 faciebat
1336 1420 1426 1457 belli

309 1494 430 1544 gloria
452 1494 584 1542 ingens
601 1507 612 1537 3
644 1490 745 1539 quod
765 1489 885 1525 aetatis
906 1487 985 1538 ejus
1005 1486 1105 1523 haud
1124 1486 1322 1535 quisquam
1340 1498 1422 1522 ma-

305 1569 360 1593 nu
386 1562 572 1606 promtior
597 1559 690 1589 erat.
745 1552 798 1595 Is,
827 1564 943 1600 quum
964 1549 1103 1585 Volero
1128 1548 1237 1592 nihil,
1267 1556 1422 1598 praeter-

307 1634 420 1671 quam
455 1621 502 1657 de
537 1620 635 1669 lege,
672 1618 902 1667 loqueretur,
940 1617 1190 1652 insectatione
1226 1614 1420 1651 abstinens

305 1687 518 1730 consulum,
547 1687 628 1736 ipse
657 1686 695 1720 iu
725 1684 1004 1720 accusationem
1033 1683 1163 1733 Appii,
1192 1681 1420 1732 familiaeque

305 1749 582 1800 superbissimae
603 1760 646 1784 ac
665 1747 927 1783 crudelissimae
954 1746 993 1781 in
1020 1746 1169 1796 plebem
1188 1744 1420 1788 Romanam,

304 1825 475 1856 exorsuS,
505 1824 620 1860 quum
649 1824 671 1847 a
695 1810 872 1847 Patribus
899 1821 976 1845 non
1005 1808 1212 1849 consulem,
1243 1807 1308 1843 sed
1336 1819 1418 1843 car-

303 1878 455 1915 nificem
483 1877 530 1913 ad
554 1877 763 1912 vexandam
790 1882 830 1911 et
856 1874 1093 1911 lacerandam
1122 1873 1283 1922 plebem,
1313 1885 1420 1910 crea-

302 1948 385 1978 tum
404 1954 485 1978 esse
503 1942 748 1978 contenderet
765 1957 776 1987 5
808 1941 908 1977 rudis
934 1941 974 1977 in
992 1940 1145 1976 militari
1172 1940 1326 1977 homine
1343 1939 1419 1977 lin-

303 2019 378 2056 gua
396 2019 473 2042 non
493 2005 717 2055 subpetebat
737 2005 902 2041 libertati
921 2006 1134 2054 animoque.
1182 2005 1330 2055 Itaque,
1351 2006 1418 2044 de-

301 2070 452 2107 ficiente
471 2069 656 2111 oratione,
679 2068 971 2116 Quandoquidem
988 2079 1057 2104 non
1065 2067 1182 2117 facile
1200 2068 1336 2117 loquor,
1356 2070 1416 2106 in-

302 2137 397 2185 quit,
422 2137 588 2178 Quirites,
616 2147 735 2183 quam,
764 2136 858 2184 quod
883 2135 1022 2171 locutus
1038 2148 1128 2177 sum,
1147 2142 1292 2184 praesto,
1320 2150 1416 2176 cras-

302 2203 375 2237 tino
402 2203 459 2237 die
482 2203 613 2237 adeste.
671 2201 750 2249 Ego
777 2201 835 2237 hic
856 2206 920 2238 aut
941 2203 977 2237 in
999 2207 1181 2250 conspectu
1206 2209 1319 2241 vestro
1339 2218 1415 2243 mo·

298 2265 387 2306 riar,
421 2269 487 2299 ant
514 2262 695 2312 perferam
727 2264 849 2313 legem.
905 2263 1106 2315 Occupant
1137 2265 1278 2303 tribuni
1314 2274 1412 2305 tem-

296 2328 402 2382 plum
430 2336 584 2382 postero
617 2329 700 2368 die:
735 2330 908 2368 consules
943 2330 1199 2382 nobilitasque
1228 2331 1275 2370 ad
1302 2332 1412 2386 inpe-
