1573 2598
135 827 222 857 U.C.
241 831 315 856 365.

130 870 172 900 A.
187 870 222 900 C.
240 874 315 903 387.

459 382 525 435 T.
579 381 825 434 LIVII
880 379 1331 433 PATAVINI

744 530 956 569 LIBER
983 529 1053 568 VI.

765 679 1050 704 *-

447 804 539 841 UAE
559 803 605 840 ab
626 803 781 839 condita
799 802 891 839 urbe
909 802 1036 841 Roma
1055 803 1101 840 ad
1121 810 1267 854 captam
1289 804 1456 841 eamdem

461 869 593 905 urbem
622 867 789 903 Romani
818 866 886 902 sub
916 867 1066 916 regibus
1096 869 1271 917 primum,
1292 869 1458 904 consuli·

133 951 254 982 elatior
266 949 336 988 jam
349 933 419 969 bus
439 932 573 969 deinde
596 944 639 967 ac
666 929 929 972 dictatoribus,
954 930 1246 979 decemvirisque
1269 943 1312 967 ac
1336 931 1459 968 tribu-

133 994 337 1066 ἓῗῐξῑῡξὲῗξο.
349 997 407 1033 nis
437 994 698 1032 consularibus
728 1005 890 1042 gessere,
916 992 1009 1029 foris
1031 993 1144 1035 bella,
1173 994 1275 1030 domi
1304 994 1459 1031 seditio-

161 1046 184 1066 is
199 1046 242 1065 orl

136 1088 241 1110 Μ’ὸῐὶδ.

160 2094 201 2124 Q.
218 2091 335 2122 Fabius

161 2142 342 2184 accusatus,

163 2185 307 2211 montur.

349 1073 430 1103 nes,
451 1060 616 1109 quinque
635 1057 739 1094 libris
760 1057 917 1106 exposui
934 1072 944 1102 3
977 1070 1034 1093 res
1055 1070 1170 1106 quum
1188 1064 1376 1095 vetustate
1401 1060 1460 1095 ni-

350 1127 426 1163 mia
454 1124 648 1166 obscuras,
668 1122 771 1159 velut
799 1136 881 1172 quae
910 1135 1050 1171 magno
1081 1136 1127 1159 ex
1155 1124 1355 1161 intervallo
1384 1124 1459 1161 loci

340 1191 414 1243 fix
432 1193 661 1233 cernuntur3
693 1193 775 1240 tum
794 1187 895 1235 quod
923 1200 1046 1237 parvae
1067 1194 1104 1223 et
1127 1200 1219 1224 rarae
1245 1201 1312 1238 pei·
1331 1188 1460 1225 eadem

351 1262 524 1304 tempora
547 1251 664 1288 literae
685 1250 803 1292 fuere,
826 1263 901 1286 una
929 1251 1100 1287 custodia
1123 1251 1240 1288 fidelis
1270 1252 1462 1288 memoriae

353 1330 477 1355 rerum
504 1323 716 1365 gestarum:
749 1321 786 1350 et
805 1314 921 1363 quod,
941 1315 1089 1351 etiamsi
1107 1329 1189 1364 quae
1210 1316 1248 1351 in
1269 1328 1462 1351 commen-

357 1381 460 1418 tariis
486 1379 710 1431 pontificum
736 1377 893 1426 aliisque
919 1378 1078 1427 publicis
1108 1379 1337 1428 privatisque
1357 1385 1466 1415 erant

358 1444 626 1486 monumentis,
647 1443 801 1479 incensa
820 1442 911 1478 urbe
930 1442 1116 1492 pleraeque
1137 1443 1322 1480 interiere.
1376 1442 1463 1479 Cla-

360 1509 460 1545 riora
478 1508 653 1557 deinceps
674 1506 909 1554 certioraque
929 1505 975 1540 ab
1002 1506 1165 1541 secunda
1184 1506 1344 1554 origine,
1364 1505 1467 1542 velut

361 1572 408 1609 ab
438 1571 617 1621 stirpibus
646 1569 768 1605 laetius
797 1568 1032 1616 feraciusque
1059 1574 1198 1604 renatae
1221 1568 1337 1611 urbis,
1362 1576 1469 1617 gesta

364 1635 466 1672 domi
494 1633 712 1682 militiaeque
741 1638 991 1682 exponentur.
1048 1631 1225 1667 Ceterum
1245 1644 1321 1680 quo
1346 1632 1470 1682 primo

365 1697 594 1737 adminiculo
613 1704 738 1734 erecta
757 1704 850 1740 erat,
868 1697 1000 1732 eodem
1019 1697 1141 1732 innisa
1160 1696 1216 1733 M.
1232 1696 1348 1732 Furio
1368 1697 1470 1746 prin-

368 1766 450 1815 cipe
478 1764 605 1799 stetit:
637 1774 760 1812 neque
788 1774 874 1798 eum
902 1760 1077 1797 abdicare
1105 1773 1144 1796 se
1174 1761 1373 1803 dictatura,
1399 1760 1473 1796 nisi

369 1841 470 1864 anno
489 1828 733 1869 circumacto,
753 1825 853 1876 passi
874 1831 972 1861 sunt.
1030 1824 1196 1860 Comitia
1216 1825 1253 1860 in
1273 1824 1472 1872 insequen-

371 1899 447 1928 tem
469 1903 610 1927 annum
635 1889 808 1926 tribunos
837 1887 991 1930 habere,
1012 1899 1172 1936 quorum
1192 1887 1230 1923 iu
1250 1886 1475 1934 magistratu

373 1961 484 2005 capta
511 1954 596 1990 urbs
619 1959 732 1997 esset,
751 1965 830 1988 non
858 1952 1025 2002 placuit:
1057 1963 1113 1986 res
1144 1950 1191 1986 ad
1219 1951 1476 1998 interregnum

372 2019 493 2056 rediit.
549 2018 677 2057 Quum
706 2017 836 2053 civitas
869 2017 908 2052 in
941 2027 1054 2065 opere
1085 2027 1128 2050 ac
1160 2013 1290 2050 labore
1322 2014 1477 2051 adsiduo

375 2081 581 2119 reficiendae
607 2080 709 2117 urbis
734 2086 940 2121 teneretur,
966 2079 1117 2114 interim
1139 2077 1188 2116 Q.
1207 2076 1342 2120 Fabio,
1368 2075 1480 2114 simul

376 2147 539 2198 primum
557 2146 779 2194 magistratu
798 2143 906 2186 abiit,
927 2142 973 2178 ab
995 2142 1038 2179 C.
1057 2141 1206 2178 Marcio
1227 2140 1380 2177 tribuno
1399 2140 1478 2192 ple-

377 2210 434 2247 bis
464 2210 566 2246 dicta
593 2209 670 2245 dies
700 2214 770 2251 est,
791 2208 892 2258 quod
920 2207 1065 2256 legatus
1095 2207 1135 2243 in
1155 2206 1300 2249 Gallos,
1321 2206 1368 2242 ad
1387 2218 1479 2256 quoe

376 2274 513 2312 missus
533 2279 612 2311 erat
638 2279 780 2316 orator,
801 2279 935 2309 contra
956 2271 1020 2323 jus
1051 2271 1220 2321 gentium
1249 2277 1480 2322 pugnasset:
