1573 2598
58 1564 229 1596 Lavinium

57 1610 215 1638 conditur.

56 1652 212 1681 Ascanius

57 1695 207 1726 nascitur.

62 2291 256 2325 Mezentius.

272 201 325 232 10
724 203 770 232 Τ.
794 205 928 233 LIVH

270 301 355 325 rum
376 289 511 326 armati
537 301 585 325 ex
611 286 704 326 urbe
732 296 845 339 atque
874 291 973 340 agris
1002 298 1243 329 concurrunt.
1297 291 1384 329 Du·

269 351 358 403 plex
377 352 463 388 inde
482 352 585 389 fama
603 358 659 389 est
677 367 684 388 :
717 353 780 389 alii
800 353 936 404 proelio
954 355 1095 391 victum
1114 355 1296 391 Latinum
1316 369 1384 406 pa-

271 430 354 453 cem
383 429 468 453 cum
501 416 641 460 Αἰτιῶ,
675 418 808 454 deinde
841 418 1074 455 adfinitatem
1100 418 1274 469 junxisse
1305 425 1386 455 tra-

272 481 392 518 dunt:
425 482 502 524 alii,
523 495 638 531 quum
666 483 860 518 instructae
886 484 983 519 acies
1014 484 1286 527 constitissent,
1308 484 1386 534 pri-

272 557 430 594 usquam
458 545 568 593 signa
599 551 790 589 canerent,
818 546 1045 596 processisse
1075 546 1259 584 Latinum
1288 547 1388 583 inter

269 609 470 660 primoreS,
490 609 696 658 ducemque
721 609 949 646 advenarum
974 623 1151 647 evocasse
1179 611 1226 648 acl
1255 610 1387 648 conlo-

271 673 402 721 quium
418 689 428 717 3
461 679 747 722 percunctatum
776 673 923 717 deinde,
945 675 1008 723 qui
1036 674 1214 711 mortales
1246 680 1386 717 essent,

272 736 386 779 uude,
407 742 473 772 aut
492 750 567 786 quo
587 750 675 773 casu
694 738 856 788 profecti
875 739 1004 782 domo,
1025 739 1159 788 quidve
1178 744 1389 788 quaerentes

269 801 311 837 in
337 813 470 848 agrum
497 800 730 837 Laurentem
759 803 947 848 exissent3
983 810 1185 853 postquam
1214 802 1389 845 audierit,

269 864 553 902 multitudinem
572 866 762 916 Trojanos
792 881 895 914 esse3
929 869 1062 904 ducem
1080 868 1248 911 AEnean,
1269 867 1388 904 filium

269 929 448 966 Anchisae
476 936 513 966 et
530 928 690 967 Veneris
708 948 717 977 3
751 939 917 969 cremata
941 934 1065 983 patria
1089 939 1129 969 et
1156 933 1270 969 domo
1299 944 1389 982 pro-

269 991 382 1042 fugos
411 993 538 1029 sedem
567 994 847 1044 condendaeque
876 996 959 1033 urbi
988 996 1115 1033 locum
1142 1007 1322 1046 quaerere,
1350 1001 1389 1031 et

270 1057 512 1094 nobilitatem
543 1058 769 1094 admiratum
803 1061 926 1108 gentis
959 1061 1118 1109 virique,
1152 1066 1191 1095 et
1222 1059 1392 1094 animum

269 1120 330 1158 vel
347 1121 449 1158 bello
474 1121 534 1158 vel
560 1123 644 1172 paci
673 1129 862 1173 paratum,
889 1124 1045 1161 dextera
1073 1124 1162 1161 data
1189 1123 1300 1160 fidem
1329 1122 1392 1158 fu·
1424 1149 1437 1158 .

272 1191 365 1222 turae
402 1185 578 1222 amicitiae
615 1187 796 1225 sanxisse.
852 1187 947 1224 Inde
978 1188 1101 1224 foedus
1138 1188 1257 1223 ictum
1292 1187 1391 1222 inter

271 1249 398 1294 duces,
420 1250 519 1286 inter
538 1251 724 1287 exercitus
745 1251 1013 1288 salutationem
1032 1252 1185 1289 factam.
1235 1251 1386 1287 AEnean

271 1315 371 1366 apud
389 1314 572 1351 Latinum
590 1315 706 1352 fuisse
729 1316 768 1351 in
789 1316 958 1366 hospitio
977 1331 984 1351 :
1017 1317 1069 1352 ibi
1087 1315 1271 1352 Latinum
1290 1314 1391 1364 apud

269 1380 433 1418 Penates
467 1380 571 1416 Deos
606 1380 857 1416 domesticum
888 1379 1042 1430 publico
1075 1379 1292 1430 adjunxisse
1316 1378 1389 1415 foe-

271 1445 355 1487 dus,
382 1444 461 1480 filia
484 1444 621 1480 AEncae
649 1444 687 1480 in
711 1445 996 1480 matrimonium
1016 1444 1129 1480 data:
1162 1456 1207 1479 ea
1231 1455 1289 1480 res
1315 1444 1391 1479 uti-

271 1522 344 1558 que
363 1507 540 1559 Trojanis
562 1522 666 1559 spem
687 1509 860 1546 adfirmat
883 1509 1038 1545 tandem
1063 1508 1190 1545 stabili
1216 1514 1393 1557 certaque

271 1573 358 1609 sede
377 1573 532 1609 finiendi
552 1574 701 1609 erroris.
743 1573 936 1623 Oppidum
956 1573 1138 1609 condunt.
1179 1571 1323 1609 AEneas
1343 1571 1392 1608 ab

271 1637 427 1673 nomine
446 1637 574 1672 uxoris
594 1636 799 1673 Lavinium
817 1637 993 1687 adpellat.
1030 1636 1145 1673 Brevi
1165 1637 1276 1687 stirps
1297 1648 1392 1685 quo-

272 1715 345 1753 que
363 1702 480 1738 virilis
508 1715 554 1739 ex
579 1715 682 1739 novo
708 1703 953 1740 matrimonio
972 1703 1045 1739 suit
1061 1719 1072 1749 5
1104 1703 1166 1739 cui
1183 1703 1392 1738 Ascanium

272 1773 447 1818 parentes
468 1766 596 1803 dixere
615 1779 768 1804 nomen.

327 1831 381 1868 II.
411 1830 520 1867 Bello
541 1831 674 1867 deinde
694 1831 923 1880 Aborigines
943 1831 1177 1882 Trojanique
1196 1829 1305 1867 simul
1327 1843 1395 1881 pe-

273 1896 346 1932 titi.
403 1894 555 1931 Turnus
593 1907 658 1931 rex
695 1895 943 1939 Rutulorum,
982 1897 1042 1931 cui
1084 1901 1196 1945 pacta
1230 1894 1395 1931 Lavinia

274 1967 362 1998 ante
392 1959 595 1996 adventum
621 1959 757 1996 [Eneae
786 1960 923 2003 fuerat,
954 1959 1152 2010 praelatum
1181 1959 1252 1995 sibi
1282 1959 1394 1995 adve-

273 2038 362 2061 nam
397 2037 494 2073 aegrc
524 2025 686 2074 patiri]S,
718 2024 829 2060 simul
854 2024 989 2061 AEncae
1010 2024 1228 2073 Latinoque
1253 2023 1395 2060 bellum

274 2088 466 2124 intulerat.
524 2088 672 2124 Neutra
691 2088 788 2124 acies
809 2087 897 2124 laeta
916 2101 961 2124 ex
981 2101 1027 2124 eo
1047 2088 1252 2123 certamine
1271 2087 1365 2124 abiit
1383 2101 1392 2123 :

274 2153 363 2188 vieti
398 2151 556 2187 Rutuli:
597 2152 758 2188 victores
796 2151 1026 2199 Aborigines
1055 2150 1289 2201 Trojanique
1325 2151 1396 2187 du-

275 2229 356 2254 cem
377 2216 558 2253 Latinum
579 2217 749 2254 amisere.
792 2217 885 2252 lude
905 2216 1056 2252 Turnus
1075 2214 1299 2264 Rutulique,
1321 2215 1395 2252 dif-

275 2283 332 2320 fisi
355 2283 488 2326 rebus,
520 2283 565 2319 nd
598 2283 775 2320 florentes
804 2283 1054 2319 Etruscorum
1083 2295 1173 2332 opes
1202 2282 1396 2318 Mezenti-

276 2361 429 2400 umque,
456 2360 586 2388 cortun
612 2359 754 2398 regem,
785 2347 1038 2399 confugiunt:
1070 2348 1148 2399 qui,
1170 2347 1276 2386 Caere
1297 2358 1394 2399 opu-
