1573 2598
324 126 429 180 ,406
781 136 828 165 τ.
849 135 984 166 mvn

150 228 244 261 uc.
260 231 378 266 36⁵·si
395 228 478 276 ¹jam
498 227 598 264 novis
620 227 731 274 copiis
753 227 913 268 veniant,
934 225 1091 273 (constat
1111 226 1206 261 enim
1223 225 1284 261 viz·
1304 224 1455 262 credibi-

148 275 191 306 Α
204 273 242 304 C'
259 278 334 309 3⁸⁷⁶
345 295 415 331 lem
441 291 707 330 multitudinem
731 290 818 337 esse)
840 294 876 326 et
897 288 1060 325 habitare
1078 290 1118 325 in
1134 293 1244 337 capta
1262 287 1306 324 ab
1322 299 1372 330 se,
1391 288 1454 324 de-

341 364 440 397 serta
461 371 486 395 a
507 357 616 400 vobis,
639 356 707 392 hac
731 355 814 393 urbe
834 356 957 398 velint,
982 355 1144 391 sinatis?
1173 354 1306 396 Quid?
1324 354 1364 390 ,εἰ
1384 364 1457 389 non

349 424 451 461 Galli
470 423 547 465 hoc,
565 422 629 458 sed
644 426 775 458 veteres
793 421 905 457 hostes
921 420 1040 463 vestri,
1060 420 1177 468 AEqui
1200 419 1368 460 Volscive,
1384 416 1458 466 fa-

342 490 455 530 ciant,
481 491 523 523 ut
551 486 768 533 conmigrent
784 485 954 527 Romam,
974 484 1137 521 velitisne
1162 484 1244 521 illos
1261 482 1457 524 Romanos,

343 564 405 590 vos
439 552 595 588 Veientes
630 561 701 586 esse
714 551 735 586 Ρ
769 562 818 586 an
851 550 988 586 malitis
1020 549 1112 586 hanc
1141 549 1371 586 solitudinem
1395 559 1457 584 ve-

344 622 471 659 stram,
492 627 601 665 quam
617 614 738 651 urbem
759 614 925 657 hostium,
944 615 1044 650 esse.9
1069 626 1142 650 non
1160 613 1323 662 equidem
1339 612 1457 654 video,
1474 620 1478 623 '
1547 602 1549 607 Α

344 682 434 731 quid
461 681 576 729 magis
603 678 705 728 nefas
728 681 788 715 sit.
842 679 932 715 Haec
953 679 1099 721 scelera,
1119 679 1206 727 quia
1222 679 1325 726 piget
1344 675 1457 725 aedifi-

344 758 441 789 care,
461 745 534 781 haec
551 744 724 780 dedecora
738 743 821 790 pati
835 744 961 791 parati
979 744 1089 779 estis?
1115 742 1160 779 Si
1177 746 1256 778 tota
1271 740 1357 777 urbe
1373 740 1456 776 nul-

346 811 422 847 lum
447 809 574 846 melius
600 807 797 856 ampliusve
825 811 956 842 tectum
971 807 1061 856 fieri
1082 808 1209 854 possit,
1240 816 1348 854 quam
1376 815 1460 840 casa

344 875 414 910 illa
435 873 626 910 conditoris
649 876 701 907 est
725 872 851 913 nost-ri,
879 882 949 906 uon
976 872 1015 906 in
1042 872 1144 914 casis,
1172 872 1248 906 ritu
1271 873 1460 918 pastorum

346 939 620 987 agrestiumque,
650 935 811 972 habitare
831 938 882 970 est
907 936 1022 971 satius
1050 936 1142 971 inter
1167 945 1271 970 sacra
1292 937 1460 981 penates-

346 1014 414 1051 que
431 1006 574 1044 vestros,
594 1012 701 1048 quam
717 999 915 1035 exsulatum
928 998 1070 1046 publice
1086 1000 1139 1034 ire
1153 999 1175 1034 ,9
1202 994 1361 1043 Majores
1377 1007 1459 1032 nos-

347 1068 410 1110 tri,
431 1077 593 1103 convenoe
613 1068 854 1114 pastoresque,
874 1074 984 1112 quum
1000 1064 1038 1098 in
1057 1062 1110 1098 his
1131 1063 1216 1098 locis
1237 1061 1341 1104 nihil,
1363 1072 1459 1109 prae-

348 1135 402 1167 ter
428 1131 536 1167 silvas
559 1130 789 1178 paludesque,
819 1132 919 1171 esset,
947 1139 1076 1163 novam
1110 1126 1231 1163 urbem
1263 1130 1339 1161 tam
1366 1124 1462 1160 brevi

347 1195 573 1244 aedificarunt
588 1209 600 1230 .-
629 1205 705 1236 nos,
733 1192 927 1240 Capitolia,
959 1203 1040 1228 arce
1073 1190 1256 1233 incolumi,
1288 1187 1462 1225 stantibus

349 1259 490 1307 templis
523 1259 703 1300 Deorum,
740 1256 917 1306 (edificare
951 1256 1092 1292 incensa
1120 1253 1255 1302 piget.9
1289 1257 1336 1296 et,
1366 1251 1461 1301 quod

345 1324 480 1371 singuli
505 1322 651 1372 facturi
676 1320 833 1370 fuimus,
862 1322 893 1357 si
920 1321 1011 1356 aedes
1037 1323 1167 1355 uostrae
1193 1317 1459 1368 diffugi-assent,

347 1388 413 1427 boc
431 1390 469 1424 in
483 1387 627 1436 publico
645 1386 808 1422 incendio
826 1386 979 1421 universi
995 1381 1332 1431 recusamusfaeere
1346 1381 1369 1416 9

400 1451 507 1488 LIV.
539 1452 636 1494 Quid
655 1451 798 1487 tandem
814 1450 835 1485 ‚9
861 1451 891 1485 si
903 1448 1059 1498 fraude,
1078 1449 1110 1483 si
1125 1458 1210 1490 casu
1233 1446 1326 1482 Veiis
1343 1446 1461 1481 incen-

349 1517 449 1553 dium
465 1521 585 1554 ortum
602 1518 662 1559 sit,
680 1520 853 1564 ventoque
874 1516 932 1561 (ut
947 1514 1035 1563 fieri
1051 1512 1187 1562 potest)
1209 1510 1459 1561 diffmaflavn-

348 1593 409 1617 ma
426 1592 596 1628 magnam
616 1584 759 1628 partem
774 1578 871 1615 urbis
888 1578 1075 1620 absumat;
1105 1576 1257 1612 Fidenas
1280 1575 1376 1617 inde,
1397 1579 1462 1610 aut

354 1644 498 1686 Gabios,
536 1644 689 1680 aliamve
722 1654 832 1691 quam
862 1641 984 1678 urbem
1014 1640 1197 1689 quaesituri
1230 1650 1362 1682 sumus,
1393 1649 1463 1687 quo

349 1710 640 1756 transmigremus
656 1709 677 1744 ,9
704 1708 805 1743 Adeo
832 1706 924 1743 nihil
951 1710 1047 1742 tenet
1075 1705 1192 1741 solum
1222 1705 1369 1752 patriae,
1397 1714 1462 1739 nec

349 1772 424 1810 haec
452 1777 562 1815 terra,
592 1783 701 1820 quam
727 1775 880 1807 matrem
908 1771 1133 1818 adpellamus
1146 1785 1159 1812 ,-
1186 1768 1248 1804 sed
1275 1769 1313 1803 z'n
1338 1777 1460 1816 super-

336 1838 428 1887 ficie
446 1837 623 1885 tignisque
647 1836 782 1872 caritas
805 1835 903 1872 uobis
924 1836 1056 1883 patrioe
1074 1834 1241 1882 pendet?
1268 1833 1460 1881 Equidem,

337 1900 489 1950 fatebor
504 1900 613 1942 vobis,
633 1901 699 1936 etsi
715 1900 830 1935 minus
848 1898 986 1946 injuriae
1002 1903 1137 1942 vestrae,
1157 1910 1265 1946 quam
1289 1908 1375 1934 meae
1398 1908 1460 1933 ca·

347 1965 538 2006 lamitatis,
558 1964 754 2000 meminisse
772 1962 892 2009 juvat,
912 1975 1022 2012 quum
1039 1963 1205 2004 abessem,
1226 1962 1459 2010 quotiescum-

347 2041 416 2078 que
435 2029 563 2077 patria
583 2018 619 2064 ἶη
643 2032 797 2065 mentem
818 2030 968 2071 veniret,
989 2028 1062 2064 haec
1079 2027 1198 2064 onmia
1216 2026 1459 2070 obcurrebant,

348 2093 467 2135 colles,
488 2093 685 2141 campique,
706 2096 742 2127 et
765 2091 910 2134 Tiberis,
933 2096 970 2128 et
991 2092 1140 2128 adsueta
1157 2090 1268 2128 oculis
1294 2092 1405 2139 regio,
1424 2095 1462 2127 et

348 2156 414 2196 hoc
432 2157 570 2200 coelum,
589 2156 652 2193 sub
669 2168 737 2205 quo
755 2161 862 2192 natus
879 2157 1118 2204 educatusque
1134 2166 1240 2192 essem
1252 2171 1265 2192 .·
1292 2167 1369 2204 quae
1386 2167 1458 2199 vos,

350 2221 520 2264 Quirites,
539 2232 632 2257 nunc
654 2226 820 2257 moveant
840 2222 961 2269 potius
981 2223 1134 2257 caritate
1154 2232 1233 2263 sua,
1252 2225 1295 2256 ut
1312 2231 1458 2257 manea-

349 2286 395 2322 tis
420 2287 459 2322 in
485 2286 566 2323 sede
586 2290 716 2328 vestra,
737 2297 844 2334 quam
869 2289 1007 2334 postea,
1028 2298 1137 2334 quum
1162 2285 1376 2334 reliqueritis
1401 2294 1457 2326 ea,

1538 1010 1553 1179 'ama-'M
1544 940 1552 998 ’,μ-
1543 902 1549 910 e
