1573 2598
250 80 338 136 564
731 90 780 119 T.
804 92 937 123 mvn

263 186 379 217 retur.
421 178 568 216 Eodem
605 191 707 216 anno
743 180 880 218 Anxur
915 182 1077 219 trecenti
1113 183 1154 220 in
1187 183 1378 224 coloniam

264 244 370 282 missi
387 250 498 281 sunt:
530 243 622 280 bina
633 242 774 294 jugera
793 246 874 294 agri
894 254 1135 297 acceperunt.

73 309 256 384 ΕΜΞΞΞΞ
321 307 459 345 XXII.
490 308 648 345 Secutus
678 315 736 345 est
767 322 889 347 annus
919 310 1025 348 nulla
1053 324 1094 348 re
1122 311 1213 349 belli
1233 313 1384 350 domive

269 375 444 423 insignis,
473 373 519 422 P..
543 373 696 411 Plautio
725 373 907 419 Proculo,
933 375 978 413 P.
1006 376 1186 414 Cornelio
1223 378 1387 429 Scapula

269 438 488 477 consulibus
502 454 514 484 3
545 444 797 489 praeterquam
826 439 929 489 quod
956 439 1149 490 Fregellas
1181 442 1389 490 (Sidicino-

270 517 352 542 rum
381 505 412 541 is
442 516 545 553 ager,
568 503 702 540 deinde
729 503 958 542 Volscorum
985 505 1128 554 fuerat)
1150 507 1304 544 colonia
1323 507 1392 544 de-

272 571 411 617 ducta-3
445 577 483 606 et
501 568 647 620 populo
665 569 869 607 visceratio
888 570 977 608 data
1004 584 1027 609 a
1043 571 1101 609 M.
1120 571 1253 610 Flavio
1271 573 1311 610 in
1330 573 1393 610 fu-

272 647 363 672 nere
394 635 539 671 matris.
585 634 722 677 Erant,
754 635 833 684 qui,
865 648 933 686 per
963 635 1128 686 speciem
1159 636 1394 675 honorandae

273 699 456 750 parentis,
477 697 651 735 meritam
679 697 891 734 mercedem
915 699 1063 749 populo
1091 699 1256 737 solutam
1274 701 1393 738 inter-

274 768 536 816 pretarentur5
569 762 670 812 quod
699 775 798 806 eum,
826 763 885 799 die
905 763 1007 800 dicta
1031 762 1079 800 ab
1105 763 1291 808 aedilibus,
1321 765 1395 802 cri·-

277 828 380 864 mine
400 833 582 877 stupratae
608 826 895 863 matrisfamiliae
916 826 1154 864 absolvisset.
1196 827 1302 865 Data
1319 829 1394 866 vis·

279 891 422 928 ceratio
440 891 480 927 in
500 891 732 940 praeteritam
745 888 883 939 judicii
904 889 1082 939 gratiam,
1101 889 1260 928 honoris
1280 892 1397 930 etiam

279 956 314 993 ei
344 966 477 992 caussa
494 954 590 991 fuit:
622 954 936 1003 tribunatumque
965 953 1103 1004 plebei,
1124 955 1306 1005 proximis
1332 969 1399 994 co-

280 1020 412 1063 mitiis,
440 1018 575 1055 absens
605 1018 822 1068 petentibus
852 1017 1063 1068 praefertur.
1105 1017 1308 1070 Palaepolis
1326 1019 1401 1057 fuit

281 1083 383 1121 haud
402 1082 534 1133 procul
553 1082 655 1126 inde,
676 1081 742 1118 ubi
761 1093 864 1118 nunc
890 1081 1076 1132 Neapolis
1101 1083 1175 1119 sita
1193 1089 1274 1120 est:
1307 1084 1400 1121 dua·

280 1147 353 1185 bus
373 1146 528 1183 urbibus
555 1145 718 1196 populus
747 1145 848 1182 idem
874 1145 1088 1183 habitabat.
1132 1147 1264 1184 Cumis
1293 1154 1402 1185 erant

284 1212 448 1248 oriundi.
502 1211 665 1247 Cumani
700 1209 748 1247 ab
787 1209 968 1247 Chalcide
1003 1210 1180 1247 Euboica
1215 1212 1403 1261 originem

284 1275 455 1312 trahunt.
513 1273 658 1318 Classe,
697 1286 772 1324 qua
808 1273 954 1310 advecti
1001 1274 1049 1311 ab
1086 1274 1201 1311 domo
1235 1275 1402 1320 fuerant,

284 1340 447 1378 multum
475 1339 514 1376 in
534 1352 602 1376 ora
625 1340 739 1376 maris
769 1337 865 1390 ejuS,
886 1339 988 1388 quod
1017 1339 1210 1384 adcolunt,
1230 1346 1404 1390 potuere.

284 1404 416 1442 Primo
446 1404 484 1440 in
514 1403 656 1440 insulas
684 1403 887 1441 AEnariam
923 1411 961 1440 et
989 1403 1213 1441 Pithecusas
1249 1405 1405 1454 egressi,

290 1469 426 1506 deinde
454 1469 493 1505 in
514 1469 775 1504 continentem
802 1468 883 1504 ausi
910 1468 1016 1504 sedes
1036 1467 1252 1506 transferre.
1308 1468 1405 1506 Haec

294 1536 440 1579 civitas,
471 1548 587 1584 quum
616 1535 692 1571 suis
727 1534 885 1578 viribus,
915 1542 997 1570 tum
1031 1534 1258 1571 Samnitium
1290 1535 1407 1573 infida

294 1599 470 1636 adversus
498 1598 698 1635 Romanos
727 1599 911 1634 societate
928 1597 1041 1642 freta,
1062 1598 1140 1634 sive
1167 1598 1408 1649 pestilentiae,

293 1677 377 1714 quae
405 1663 624 1700 Romanam
656 1663 788 1699 urbem
817 1662 950 1700 adorta
976 1662 1244 1706 nunciabatur,
1274 1662 1408 1708 fidens,

296 1727 415 1766 multa
441 1729 598 1765 hostilia
625 1728 802 1764 adversus
834 1727 1049 1770 Romanos,
1082 1739 1214 1776 agrum
1244 1727 1408 1778 Campa-

94 1789 141 1825 'U-
158 1793 192 1825 C
210 1799 388 1830 428·num
408 1793 683 1842 Falernumque
703 1791 927 1835 incolentes,
947 1791 1051 1828 fecit.
1088 1791 1226 1840 Igitur,
1245 1791 1293 1828 L.
1313 1791 1411 1828 Cor-

103 1841 139 1869 A'
157 1839 193 1869 ς’
208 1844 282 1869 ³²⁴⁸
297 1857 399 1894 nelio
420 1857 601 1900 Lentulo,
622 1857 670 1897 Q.
700 1855 868 1893 Publilio
896 1856 1059 1893 Philone
1088 1857 1223 1892 iterum
1245 1857 1411 1894 consuli·

297 1922 383 1965 bus,
403 1920 601 1957 fecialibus
630 1920 853 1970 Palaepolim
873 1921 920 1957 ad
945 1933 1003 1956 res
1033 1919 1254 1970 repetendas
1274 1920 1412 1964 missis,

300 1989 413 2035 quuni
440 1985 601 2021 relatum
630 1992 729 2021 esset
757 1997 779 2021 a
808 1984 966 2028 Graecis,
995 1990 1109 2034 gente
1136 1984 1267 2033 lingua
1294 1984 1414 2033 magis

301 2057 467 2093 strenua,
490 2062 603 2100 quam
621 2049 748 2093 factis,
767 2049 877 2085 ferox
905 2061 1152 2099 responsum,
1184 2061 1231 2085 ex
1249 2049 1415 2085 auctori-

106 2113 271 2163 Palapoli-
300 2121 380 2151 tate
400 2114 556 2151 Patrum
585 2113 747 2164 populus
774 2112 1057 2163 Palaepolitanis
1077 2111 1217 2150 bellum
1237 2112 1317 2149 fieri
1330 2112 1417 2163 jus·

107 2158 271 2231 ffisssssilssl'
303 2179 363 2215 sit.
420 2178 527 2215 Inter
564 2177 737 2215 consules
786 2178 990 2228 provinciis
1035 2178 1278 2228 comparatis,
1313 2177 1417 2214 bello

108 2244 216 2275 {mur-
303 2242 428 2281 Graeci
459 2243 709 2296 persequendi
744 2241 913 2281 Publilio
950 2248 1179 2289 evenerunt3
1217 2240 1416 2279 Cornelius
