1573 2598
104 332 243 364 Tribuni

106 375 155 407 ΡΙ.
171 376 278 407 creati.

106 523 148 553 U.
166 522 203 554 C.
220 529 293 555 261.

104 566 145 598 Δ.
161 566 197 597 C.
215 573 289 599 491·

99 960 206 1015 Volsci

98 1015 187 1041 'lcu-

92 1223 134 1257 C.
150 1227 264 1258 Marcii

94 1274 191 1310 opera
206 1270 267 1301 Co-

94 1312 166 1345 rioli
182 1315 277 1355 capti.

328 168 406 211 128
750 182 797 212 τ.
823 183 963 212 mvii.

325 266 422 303 sules
443 273 567 313 esset,
598 279 693 303 neve
717 269 777 304 cui
797 268 953 305 Patrum
974 281 1107 318 capere
1132 282 1218 306 eum
1239 272 1438 320 magistra-

323 336 406 369 tum
433 331 575 367 liceret.
632 330 695 366 Ita
722 332 866 368 tribuni
895 331 1018 382 plebei
1049 333 1164 368 creati
1194 333 1284 380 duo,
1305 335 1349 372 C.
1368 336 1437 372 Li-

324 394 443 431 cinius
473 401 511 431 et
532 394 579 431 L.
599 394 787 431 Albinus:
819 396 858 432 hi
887 403 962 433 tres
993 396 1156 446 collegas
1186 397 1261 434 sibi*
1288 411 1437 436 creave-

321 465 432 496 runt:
464 459 504 495 in
531 459 591 495 his
621 459 803 496 Sicinium
832 460 960 504 fuisse,
992 461 1186 497 seditionis
1217 469 1439 510 auctorem,-t

321 523 367 559 de
390 523 550 566 duobus,
577 523 642 572 qui
663 523 818 567 fuerint,
843 525 966 560 minus
994 525 1183 561 convenit.
1242 526 1352 570 Sunt,
1373 527 1438 576 qui

320 587 414 624 duos
443 587 594 623 tantum
622 588 659 623 in
692 588 808 624 San-0
833 595 964 624 monte
989 596 1136 625 creatos
1159 589 1332 626 tribunos
1356 603 1438 627 esse

319 651 460 694 dicant,
481 650 609 700 ibique
628 657 814 688 sacratam
831 651 954 700 legem
976 651 1105 689 latam.
1160 652 1237 688 Per
1253 654 1436 689 secessio-

317 726 406 750 nem
433 713 553 764 plebis
579 714 642 764 Sp.
666 714 818 750 Cassius
842 720 881 750 et
898 714 1102 751 Postumus
1124 715 1321 751 Cominius
1344 728 1437 753 con»-

316 777 480 815 sulatum
510 778 703 814 inierunt:
735 778 794 814 his
823 777 1041 814 consulibus
1071 791 1158 814 cum
1185 778 1335 815 Latinis
1364 792 1436 829 po-⁶

314 841 415 892 pulis
447 843 564 878 ictum
595 841 746 878 foedus:
787 842 834 878 ad
866 842 903 878 id
932 842 1143 878 feriendum
1176 842 1309 879 consul
1341 842 1438 879 alter

314 903 451 941 Romae
479 906 619 942 mansit
634 921 645 950 3
687 904 797 948 alter,
827 905 874 941 ad
902 905 1084 941 Volscum
1113 905 1255 942 bellum
1283 906 1435 952 missus,

314 969 490 1006 Antiates
510 969 670 1006 Volscos
689 968 818 1006 fundit
836 969 1040 1018 fugatque:
1070 969 1285 1020 compulsos
1305 971 1345 1006 in
1364 983 1436 1021 op-

313 1033 445 1083 pidum
461 1032 678 1082 Longulam
697 1039 933 1082 persecutus,
953 1032 1143 1069 moenibus
1162 1034 1320 1083 potitur.
1366 1033 1436 1070 In-

315 1096 596 1140 dePoluscam,
618 1097 710 1132 item
725 1096 967 1140 Volscorum,
988 1096 1108 1146 cepit:
1138 1103 1221 1133 tum
1239 1109 1379 1146 magua
1396 1098 1435 1136 vi

313 1160 467 1197 adortus
487 1166 548 1197 est
564 1159 752 1197 Coriolos.
806 1160 903 1197 Erat
921 1166 1007 1196 tum
1022 1160 1063 1196 iu
1083 1161 1215 1197 castris
1236 1161 1336 1197 inter
1354 1162 1435 1211 pri-

312 1236 435 1263 mores
458 1224 644 1275 juvenum
670 1225 714 1261 C.
739 1224 924 1268 Marcius,
954 1223 1172 1261 adolescens
1202 1231 1241 1260 et
1269 1225 1432 1262 consilio

311 1295 351 1326 et
378 1302 494 1326 manu
520 1296 706 1340 promtus,
733 1290 793 1325 cui
819 1301 1033 1338 cognomen
1059 1294 1194 1339 postea
1220 1289 1433 1326 Coriolano

309 1353 395 1392 fuit.
451 1353 580 1393 Quum
609 1353 736 1390 subito
766 1353 974 1389 exercitum
995 1352 1230 1396 Romanum,
1252 1352 1433 1390 Coriolos

310 1417 562 1461 obsidentem,
584 1424 697 1467 atque
719 1419 758 1454 in
784 1417 1009 1468 oppidanOS,
1031 1429 1125 1467 quos
1152 1417 1254 1453 intus
1282 1417 1434 1456 clausos

310 1481 490 1524 habebat,
510 1481 701 1518 intentum
725 1481 806 1517 sine
834 1480 911 1517 ullo
938 1487 1041 1517 metu
1061 1481 1296 1517 extrinsecus
1315 1482 1433 1518 inmi-

309 1545 434 1582 nentis
462 1544 567 1587 belli,
597 1544 747 1581 Volscae
784 1543 967 1593 legioneS,
1006 1544 1187 1594 profectae
1216 1544 1267 1580 ab
1293 1545 1431 1588 Antio,

309 1608 549 1649 invasissent,
582 1607 789 1655 eodemque
825 1613 996 1656 tempore
1029 1619 1076 1642 ex
1109 1606 1251 1655 oppido
1284 1608 1429 1656 erupis-

309 1676 394 1705 sent
412 1669 556 1712 hostes,
576 1669 678 1706 forte
696 1670 735 1705 in
755 1669 921 1705 statione
939 1669 1108 1706 Marcius
1129 1669 1214 1706 fuit.
1271 1669 1324 1712 Is,
1343 1683 1431 1707 cum

308 1732 457 1769 delecta
474 1732 639 1768 militum
658 1745 788 1776 manu,
808 1745 887 1769 non
906 1733 1021 1769 modo
1043 1733 1213 1783 inpetum
1230 1745 1432 1784 erumpen-

308 1799 404 1835 tium
434 1799 589 1841 retudit,
610 1799 674 1834 sed
703 1811 769 1848 per
797 1805 991 1848 patentem
1020 1807 1171 1849 portam
1192 1799 1302 1836 ferox
1323 1801 1429 1837 inru-

309 1863 391 1913 pit:
432 1863 607 1911 caedeque
643 1863 682 1898 in
719 1863 893 1912 proxima
922 1863 1024 1900 urbis
1054 1863 1168 1906 faeta,
1199 1863 1340 1911 ignem,
1370 1872 1427 1900 te-

308 1938 411 1962 mere
430 1932 635 1975 arreptum,
659 1925 932 1962 inminentibus
956 1938 1065 1962 muro
1093 1926 1257 1962 aedificiis
1284 1926 1427 1976 injecit.

309 1989 464 2026 Clamor
486 1989 571 2025 inde
592 1982 883 2038 oppidanorum,
904 1990 1044 2026 mixtus
1068 1989 1243 2026 muliebri
1273 1990 1427 2039 puerili-

308 2066 381 2103 que
410 2052 574 2103 ploratu,
602 2053 649 2089 ad
681 2059 878 2096 terrorem,
906 2060 947 2089 ut
979 2053 1089 2096 solet,
1119 2054 1243 2103 primo
1276 2061 1364 2090 ortu
1388 2063 1427 2091 et

307 2117 494 2155 Romanis
515 2117 622 2153 auxit
640 2117 822 2160 animum,
844 2123 881 2153 et
907 2117 1074 2154 turbavit
1093 2117 1268 2161 Volscos,
1292 2125 1426 2168 utpote

307 2187 419 2232 capta
452 2180 558 2225 urbe,
580 2181 641 2217 cui
674 2181 721 2217 ad
750 2179 944 2218 ferendam
974 2193 1087 2231 opem
1115 2188 1307 2218 venerant.
1364 2181 1426 2219 Ita

305 2245 381 2284 fusi
399 2245 530 2282 Volsci
548 2246 739 2289 Antiates,
761 2244 904 2282 Corioli
929 2245 1110 2296 oppidum
1132 2251 1307 2296 captum:
1338 2252 1426 2284 tan·

306 2316 462 2362 tumque
491 2323 559 2348 sua
586 2310 697 2349 laude
724 2309 878 2348 obstitit
906 2309 1017 2349 famae
1047 2310 1212 2348 consulis
1239 2309 1425 2356 Marcius,

1548 2247 1565 2315 *⁴⁴¹*
