1573 2598
80 1336 124 1370 U.
141 1336 177 1367 C.
195 1340 268 1370 347.

82 1381 121 1413 A.
135 1380 173 1410 C.
189 1386 262 1410 405.

90 1601 219 1633 Bellum
235 1610 254 1630 a

88 1645 210 1676 Volscis
226 1651 258 1674 et

87 1689 202 1726 AEquis
214 1689 262 1717 in-

88 1730 204 1762 latum.

286 140 370 196 328
715 152 762 180 Τ.
788 153 920 181 mvn

284 239 430 290 plebis,
461 237 563 274 haud
591 235 703 274 dubie
733 237 861 274 Icilios
891 238 1100 276 denotante
1132 247 1280 286 senatu,
1309 255 1403 293 quos

284 304 495 340 mercedem
513 301 683 337 seditiosi
698 301 915 338 *tribunatus
936 308 1065 352 petere
1085 305 1323 343 consulatum
1342 307 1403 343 in·-

284 368 527 408 simulabant‚
581 366 681 402 Tum
709 365 875 402 delectus
904 367 1050 410 haberi,
1074 368 1290 418 bellumque
1318 382 1401 407 om-

285 433 390 470 nium
410 432 584 469 ordinum
603 441 791 467 consensu
807 430 979 481 adparari
1000 438 1180 482 coeptum.
1214 433 1400 470 Consules

286 497 400 535 ambo
429 495 590 547 profecti
617 495 694 530 sint
712 494 759 530 ad
778 507 903 531 arcem
923 496 1216 540 Carventanam,
1237 510 1286 534 an
1306 497 1403 534 alter

287 561 334 598 ad
354 561 509 597 comitia
525 558 700 595 habenda
715 557 943 603 substiterit,
954 560 1140 596 incertum
1159 560 1297 597 diversi
1311 574 1402 598 auc-

285 633 387 664 tores
425 626 596 662 faciunt:
633 622 698 664 illa
729 635 799 673 pro
836 631 940 661 certo
976 625 1164 670 habenda,
1196 627 1235 662 in
1265 626 1402 676 quibus

285 704 364 727 non
388 690 628 730 dissentiunt,
649 687 695 723 ab
720 700 804 723 arce
835 688 1075 726 Carventana
1098 704 1213 739 quum
1243 691 1307 727 diu
1335 703 1402 728 ne-

284 755 489 806 quidquam
517 752 738 802 obpugnata
766 759 877 796 esset,
907 765 1117 790 recessum:
1150 755 1401 803 Verruginem

284 820 326 857 in
343 818 492 856 Volscis
521 817 653 853 eodem
683 816 849 852 exercitu
878 824 1081 867 receptam,
1112 819 1402 868 populationes-

284 897 357 933 que
376 889 414 920 et
432 881 577 932 praedas
595 887 633 916 et
652 881 690 917 in
709 880 846 928 AEquis
867 888 905 916 et
923 882 967 917 in
984 881 1127 918 Volsco
1146 895 1240 931 agro
1265 884 1402 931 ingen?

284 953 340 984 tes
360 947 493 982 factas,

335 1010 441 1047 LVI.
471 1008 607 1047 Romae
636 1008 733 1043 sicut
761 1006 880 1058 plebis
908 1008 1069 1045 victoria
1095 1008 1170 1045 fuit
1198 1009 1238 1046 in
1267 1022 1327 1053 eo,
1348 1016 1409 1054 ut,

282 1087 366 1124 quae
394 1072 564 1115 mallent,
600 1071 755 1107 comitia
786 1071 997 1108 haberent:
1030 1073 1085 1109 ita
1114 1080 1252 1109 eventu
1283 1073 1402 1110 comi-

280 1140 421 1175 tiorum
441 1137 572 1173 Patres
592 1136 737 1170 vicere:
768 1147 931 1184 namque
950 1135 1094 1172 tribuni
1116 1136 1280 1173 militum
1309 1149 1402 1173 con-

281 1203 395 1239 sulari
425 1206 615 1251 potessate
648 1205 783 1234 contra
811 1211 918 1248 spem
947 1201 1116 1236 omnium
1146 1207 1223 1236 tres
1253 1201 1404 1251 patricii

281 1267 398 1304 creati
419 1271 520 1307 sunt,
543 1264 586 1300 C.
606 1263 730 1298 Julius
752 1262 872 1306 Iulus,
892 1263 936 1301 P.
959 1265 1157 1301 Cornelius
1180 1265 1336 1309 Cossus,
1358 1265 1402 1302 C.

283 1330 461 1367 Servilius
483 1327 620 1364 Ahala.
677 1327 811 1363 Artem
840 1327 1049 1367 adhibitam
1077 1329 1206 1365 ferunt
1234 1342 1257 1366 a
1284 1330 1403 1379 patri-

283 1397 364 1438 ciis,
386 1393 510 1444 (cujus
531 1405 594 1430 eos
616 1391 713 1427 Icilii
734 1399 814 1427 tum
827 1405 976 1441 quoque
996 1393 1285 1441 insimulabant)
1301 1394 1403 1443 quod

281 1460 434 1496 turbam
448 1458 690 1506 indignorum
708 1457 996 1494 candidatorum
1011 1458 1305 1495 intermiscendo
1317 1459 1402 1508 dig-

280 1526 355 1567 nis,
381 1524 495 1561 taedio
521 1522 688 1559 sordium
718 1522 755 1556 in
777 1521 1001 1570 quibusdam
1029 1523 1251 1571 insignium,
1276 1535 1399 1573 popu-

280 1589 360 1626 lum
378 1603 401 1626 a
419 1587 574 1638 plebeiis
595 1587 828 1622 avertissent.
855 1585 1016 1622 Volscos
1034 1586 1167 1623 deinde
1184 1594 1222 1622 et
1234 1586 1398 1635 AEquOS,

282 1667 349 1690 seu
368 1653 609 1689 Carventana
627 1663 694 1687 arx
720 1656 869 1687 retenta
896 1651 936 1686 in
965 1663 1085 1700 spem,
1104 1663 1170 1687 seu
1188 1651 1401 1700 Verrugine

281 1717 461 1754 amissum
489 1714 704 1764 praesidium
731 1713 777 1750 ad
802 1714 898 1749 iram
926 1713 1183 1763 compulisset,
1203 1713 1306 1750 fama
1334 1714 1400 1751 ad-

281 1782 401 1818 fertur
433 1791 580 1816 summa
606 1779 643 1813 vi
672 1777 719 1815 ad
755 1777 897 1813 bellum
926 1785 1101 1814 coortos:
1134 1785 1247 1828 caput
1275 1791 1400 1816 rerum

283 1848 458 1885 Antiates
482 1858 584 1882 esse:
618 1857 749 1881 eorum
777 1844 923 1893 legatos
953 1846 1147 1894 utriusque
1177 1845 1299 1894 gentis
1328 1858 1399 1896 po-

282 1911 392 1962 pulos
423 1911 652 1951 circumisse,
683 1909 912 1956 castigantes
953 1909 1156 1957 ignaviam,
1187 1909 1301 1958 quod,
1332 1909 1401 1946 ab-

283 1978 353 2015 diti
373 1979 473 2013 intra
491 1987 633 2018 murOS,
654 1974 944 2024 populabundos
972 1976 1012 2010 in
1041 1977 1140 2023 agris
1161 1977 1289 2024 vagari
1317 1975 1400 2013 Ro-

282 2053 416 2079 manos
451 2040 576 2090 priore
605 2051 720 2082 anno,
757 2045 793 2075 et
823 2039 984 2088 obprimi
1016 2039 1237 2087 Verruginis
1271 2041 1402 2089 praesi·

282 2107 402 2149 dium,
423 2105 523 2155 passi
551 2110 677 2140 essent
694 2118 701 2139 τ
727 2101 811 2153 jam
840 2115 918 2139 non
937 2104 1123 2140 exercitus
1144 2103 1259 2140 modo
1278 2117 1401 2142 arma·

282 2176 360 2214 tos,
391 2170 456 2205 sed
488 2168 656 2205 colonias
691 2168 819 2211 etiam,
854 2168 893 2203 in
924 2180 1010 2204 suos
1049 2167 1140 2204 fines
1173 2168 1300 2204 mitti:
1331 2181 1402 2207 nec

281 2235 385 2283 ipsos
406 2233 519 2268 modo
538 2231 735 2268 Romanos
756 2243 824 2267 sua
845 2231 964 2267 divisa
991 2230 1146 2274 habere,
1167 2232 1231 2267 sed
1259 2231 1403 2270 Feren-

282 2300 406 2336 tinum
433 2300 548 2336 etiam
578 2299 622 2335 de
653 2311 692 2335 se
723 2304 875 2342 captum
905 2296 1084 2334 Hernicis
1115 2296 1287 2334 donasse.
1342 2295 1403 2336 Ad
