1573 2598
327 197 481 226 LIBER
507 196 589 226 111.
621 196 727 225 CAP.
751 197 906 225 XXXV.
1095 196 1172 228 211

59 286 187 321 animis
203 296 318 322 secum
336 297 619 334 unamquamque
638 297 725 327 rem,
747 286 929 332 agitarent
953 286 1080 321 deinde
1103 298 1175 321 ser·
1189 290 1231 321 U.
1249 290 1286 321 C.
1303 296 1379 322 30³.

58 349 240 385 monibus:
269 355 377 398 atque
394 352 429 385 in
448 351 615 391 medium,
637 350 722 396 quid
740 350 775 384 in
796 361 934 398 quaque
952 362 989 385 re
1009 350 1090 398 plus
1108 351 1176 385 mi·
1188 335 1228 365 Λ·
1244 333 1280 364 C·
1298 340 1374 367 449.

58 424 163 449 nusve
182 418 281 456 esset,
303 413 511 464 conferrent.
568 413 643 448 Eas
665 414 757 461 leges
776 413 979 450 habiturum
1001 414 1177 462 populum

60 476 276 521 Romanum,
307 491 394 526 quas
422 490 601 514 consensus
629 479 785 513 omnium
815 490 886 514 *non
912 477 1056 524 jussisse
1083 479 1177 515 latas

57 543 185 588 magis,
206 555 311 590 quam
331 543 450 578 tulisse
467 543 577 577 videri
593 547 721 589 posset.
778 542 906 580 Quum
932 542 979 578 ad
1005 554 1173 578 rumores

56 603 258 640 hominum
291 605 337 640 de
369 617 598 653 unoquoque
631 604 759 653 legum
792 606 916 654 capite
946 605 1048 641 edito
1082 605 1173 641 satis

57 673 236 702 correctae
261 667 490 709 viderentur,
515 667 736 703 centuriatis
768 668 931 704 comitiis
959 668 1086 704 decem
1114 675 1174 705 ta-

56 729 230 766 bularum
259 730 361 779 leges
390 730 544 780 perlatae
575 738 686 767 sunt:
720 731 783 781 qui
812 744 914 768 nunc
942 744 1106 781 quoque,
1134 732 1174 768 in

55 793 129 829 hoc
162 793 336 830 inmenso
366 794 526 830 aliarum
559 807 671 845 super
704 795 796 831 alias
827 802 1087 831 acervatarum
1118 795 1172 832 le-

55 869 145 906 gum
171 858 337 901 cumulo,
360 858 446 895 fons
474 860 597 895 omnis
623 859 765 909 publici
792 860 1002 909 privatique
1030 866 1087 895 est
1104 857 1172 908 ju-

52 923 118 959 ris.
173 921 364 972 Vulgatur
390 922 523 958 deinde
552 935 694 966 rumor,
722 923 814 959 duas
837 923 966 959 deesse
991 922 1140 959 tabulas
1155 938 1166 969 ς

55 988 191 1038 quibus
225 987 395 1037 adjectis,
426 987 573 1024 absolvi
609 1001 720 1038 posse
749 988 852 1024 velut
880 1001 1016 1038 corpus
1045 989 1169 1025 omnis

53 1051 222 1088 Romani
248 1050 361 1100 juris,
415 1051 473 1087 Ea
507 1053 755 1101 exspectatio,
792 1064 907 1100 quum
939 1052 1017 1087 dies
1050 1051 1169 1087 comi-

52 1115 194 1151 tiorum
223 1114 557 1164 adpropinquaret,
585 1114 811 1150 desiderium
837 1114 1067 1150 decemviros
1097 1115 1169 1150 ite-

52 1192 135 1216 rum
165 1179 316 1215 creandi
351 1179 454 1215 fecit.
511 1178 599 1215 Jam
636 1177 757 1228 plebs,
788 1184 1039 1228 praeterquam
1068 1179 1170 1227 quod

52 1241 250 1278 consulum
277 1254 432 1284 nomen,
457 1241 559 1277 haud
588 1254 693 1277 secus
721 1254 834 1290 quam
860 1253 1006 1289 regum,
1032 1254 1180 1290 perosa*

51 1313 146 1348 erat,
167 1318 215 1341 ne
232 1304 479 1340 tribunicium
498 1305 646 1353 quidem
667 1304 864 1348 auxilium,
886 1304 1107 1341 cedentibus
1127 1305 1167 1341 in

46 1367 171 1405 'vicem
190 1367 443 1417 adpellatione
463 1367 697 1409 decemviris,
718 1367 925 1416 quaerebat.

103 1431 276 1468 XXXV.
306 1431 515 1480 Postquam
534 1443 623 1467 vero
650 1432 807 1467 comitia
834 1431 1053 1467 decemviris
1083 1443 1164 1467 cre·
1177 1445 1298 1477 Iterum
1315 1456 1385 1479 cre,

49 1497 156 1534 andis
178 1497 218 1533 in
239 1497 382 1532 trinum
406 1496 617 1532 nundinum
645 1497 788 1532 indicta
816 1503 931 1542 sunt3
962 1503 1072 1533 tanta
1096 1509 1162 1533 ex·
1174 1490 1342 1538 antur-qe-

50 1562 142 1597 arsit
175 1560 348 1603 ambitio,
379 1566 421 1596 ut
453 1561 638 1609 primores
666 1572 817 1609 quoque
846 1561 1009 1596 civitatis
1041 1562 1164 1609 (metu
1175 1541 1320 1564 cemvm.

39 1625 174 1668 credo,
199 1637 248 1660 ne
276 1624 374 1660 tanti
404 1624 592 1673 possessio
622 1623 782 1672 imperii,
809 1637 930 1659 vacuo
959 1624 1006 1660 ab
1036 1636 1076 1660 se
1104 1637 1163 1660 re-

48 1688 140 1724 licto
159 1688 259 1731 loco,
279 1688 382 1724 haud
407 1688 496 1723 satis
517 1687 642 1735 dignis
663 1689 827 1736 pateret)
848 1695 1072 1736 prensarent
1093 1689 1164 1725 ho-

49 1753 168 1788 mines
185 1769 195 1797 3
226 1752 427 1794 honorem,
448 1764 595 1787 summa
621 1764 693 1800 ope
719 1765 741 1786 a
763 1764 802 1787 se
828 1752 1095 1801 inpugnatum,
1117 1752 1164 1789 ab

50 1829 95 1852 ea
120 1816 244 1866 plebe,
266 1829 351 1851 cum
372 1829 446 1864 qua
468 1815 756 1858 contenderant,
785 1816 1004 1865 suppliciter
1032 1823 1164 1865 peten-

48 1885 118 1916 tes,
174 1879 350 1915 Demissa
369 1878 451 1928 jam
474 1879 513 1914 in
538 1878 738 1914 discrimen
766 1879 944 1926 dignitas,
966 1891 1011 1914 ea
1036 1886 1162 1922 aetate,

47 1944 167 1993 iisque
202 1943 412 1979 honoribus
451 1943 558 1984 actis,
589 1941 808 1978 stimulabat
837 1943 910 1992 Ap.
937 1942 1158 1979 Claudium:
1174 1958 1235 1996 Ap,
1252 1956 1384 1990 Claudii

46 2008 224 2051 nescires,
245 2010 370 2043 utrum
393 2008 492 2043 inter
517 2007 761 2049 decemviros,
786 2019 834 2042 au
859 2008 958 2043 iuter
983 2007 1161 2044 candida-
1173 2001 1320 2032 “subiti‘'-

47 2076 122 2113 tos,
148 2083 377 2107 numerares.
434 2070 597 2119 Propior
625 2070 814 2107 interdum
843 2070 1021 2120 petendo,
1050 2083 1163 2119 quam

49 2135 229 2182 gerendo,
250 2135 490 2182 magistratui
511 2140 613 2170 erat:
647 2135 836 2170 criminari
858 2135 1076 2184 optimates,
1098 2147 1162 2171 ex-

48 2197 181 2234 tollere
207 2198 492 2234 candidatorum
521 2197 752 2234 levissimum
781 2210 967 2247 quemque
995 2198 1162 2234 humilli-

47 2273 247 2309 mumque,-
281 2262 360 2310 ipse
386 2263 529 2298 medius
553 2263 653 2297 inter
670 2261 895 2298 tribunicios
916 2260 1067 2297 Duilios
1088 2261 1162 2298 Ici-

47 2324 194 2375 liosque
213 2325 252 2362 in
271 2325 356 2362 foro
374 2325 545 2370 volitare,
565 2338 634 2377 per
652 2325 736 2362 illos
757 2338 796 2361 se
822 2325 924 2376 plebi
943 2325 1159 2362 venditare:
