1573 2598
421 188 575 217 min-:R
598 188 632 217 1.
665 188 772 218 cAP.
794 188 999 218 xxxvu.
1211 184 1265 231 55

151 277 363 320 constituit,
393 289 535 326 suoque
563 276 730 325 insignes
760 276 972 326 relinquere
1000 275 1167 312 nomine.
1223 276 1270 312 Id

153 344 240 391 quia
264 344 490 392 inaugurato
509 341 696 378 Romulus
716 342 873 386 fecerat,
894 355 1034 392 negare
1052 342 1168 378 Attus
1188 340 1271 376 Na·
1282 335 1378 408 §tufi-‘³

151 408 247 450 vius,
277 407 427 443 inclitus
457 419 501 443 ea
527 413 754 456 tempestate
791 421 925 456 augur,
954 420 1078 456 neque
1114 404 1267 448 mutari,
1317 386 1420 408 awus'

154 483 276 519 neque
299 483 438 506 novum
464 470 659 513 constitui,
680 471 754 506 nisi
774 483 860 506 aves
881 471 1127 512 addixissent,
1148 480 1271 519 posse.

154 534 214 569 Ex
241 546 286 569 eo
312 534 367 569 ira
392 534 471 581 regi
493 539 612 576 mota,
633 533 862 582 eludensque
886 540 1019 577 artem,
1043 535 1104 580 (ut
1124 532 1270 579 ferunt)

154 599 330 646 Agedum,
370 598 505 646 inquit,
541 599 657 634 divine
686 603 737 641 tu,
768 599 958 646 inaugura,
984 599 1116 648 fierine
1146 598 1272 645 possit,

152 663 247 710 quod
266 675 358 698 nunc
383 675 445 710 ego
466 668 581 698 mente
606 664 774 711 concipio.
831 663 960 702 Quum
988 662 1065 705 ille,
1086 662 1125 697 in
1155 673 1274 709 augu-

152 727 211 762 rio
236 739 316 762 rem
342 733 532 776 expertuS,
556 727 730 777 profecto
751 727 918 763 futuram
948 727 1132 772 dixisset5
1165 726 1279 773 Atqui

156 790 219 827 hoc
247 792 366 827 animo
390 792 539 839 agitavi,
568 791 705 840 inquit,
729 796 762 827 te
779 791 954 827 novacula
976 796 1087 826 cotem
1117 791 1279 825 discissu-

154 868 258 892 ram:
289 869 375 905 cape
402 856 487 899 haec,
518 861 552 892 et
576 869 722 904 perage,
754 857 847 904 quod
875 868 954 891 aves
983 861 1052 891 tuae
1067 854 1159 904 fieri
1179 864 1280 901 posse

152 922 380 969 portendunt.
435 920 535 956 Tum
565 920 671 956 illum
700 921 802 957 haud
830 925 1056 956 cunctanter
1085 917 1279 954 discidisse

159 991 283 1021 cotem
318 984 457 1021 ferunt.
515 985 650 1021 Statua
681 986 765 1021 Atti
799 985 924 1034 capite
953 982 1094 1025 velato,
1126 994 1202 1031 quo
1239 981 1279 1017 in

159 1047 246 1084 loco
274 1061 331 1084 res
362 1055 446 1084 acta
475 1055 545 1091 est,
576 1049 616 1085 in
645 1049 816 1091 comitio,
838 1049 878 1084 in
907 1047 1086 1096 gradibus
1116 1045 1206 1095 ipsis
1233 1044 1280 1080 ad

161 1111 293 1148 laevam
313 1113 424 1148 curiae
444 1112 543 1148 fuit:
576 1119 701 1149 cotem
724 1124 874 1162 quoque
895 1111 1028 1147 eodem
1056 1109 1142 1145 loco
1169 1109 1281 1144 sitam

159 1176 275 1213 fuisse
295 1186 521 1223 memorant,
542 1186 585 1215 ut
609 1186 707 1216 esset
733 1180 779 1216 ad
808 1185 980 1229 posteros
1007 1175 1177 1213 miraculi
1200 1174 1280 1225 ejus

160 1249 460 1279 monumentum.
516 1243 697 1291 Auguriis
725 1248 826 1278 certe
850 1241 1138 1288 sacerdotioque
1161 1251 1280 1287 augu-

160 1317 243 1341 rum
272 1311 399 1342 tantus
432 1308 555 1344 honos
586 1308 759 1351 accessit,
791 1313 833 1343 ut
860 1305 956 1342 nihil
985 1304 1074 1341 belli
1104 1303 1282 1352 domique

160 1375 307 1419 postea,
337 1370 410 1406 nisi
443 1371 654 1421 auspicato,
689 1377 909 1420 gereretur:
942 1368 1106 1405 concilia
1134 1366 1281 1418 populi,

161 1433 346 1469 exercitus
367 1436 506 1479 vocati,
528 1448 675 1471 summa
699 1448 838 1478 rerum,
859 1434 925 1470 ubi
948 1445 1034 1470 aves
1057 1445 1135 1469 non
1163 1432 1283 1467 admi-

162 1496 312 1540 sissent,
351 1498 629 1536 dirimerentur.
685 1499 822 1548 Neque
858 1504 941 1534 tum
971 1496 1200 1545 Tarquinius
1237 1495 1284 1531 de

161 1560 330 1607 equitum
359 1563 538 1598 centuriis
568 1563 773 1611 quidquam
811 1562 998 1598 mutavit:
1038 1571 1198 1595 numero
1227 1557 1284 1594 al-

161 1628 283 1658 terum
307 1630 456 1661 tantum
482 1625 635 1676 adjecit,
657 1633 699 1661 ut
724 1625 826 1661 mille
846 1630 884 1660 et
904 1624 1119 1672 octingenti
1139 1616 1283 1671 equites

163 1687 201 1721 in
234 1687 354 1724 tribus
388 1691 567 1726 centuriis
602 1698 740 1726 essent.
797 1689 1033 1725 Posteriores
1066 1687 1182 1723 modo
1215 1687 1284 1724 sub

163 1750 295 1786 iisdem
321 1754 553 1797 nominibus,
582 1755 645 1803 qui
671 1754 789 1790 additi
813 1759 935 1795 eraut,
966 1751 1144 1802 adpellati
1167 1759 1282 1788 sunt:

162 1827 254 1862 quas
288 1829 402 1860 nunc,
435 1819 524 1866 quia
557 1819 759 1867 geminatae
794 1823 896 1860 sunt,
931 1830 996 1853 sex
1029 1823 1168 1852 vocant
1198 1812 1285 1857 cen-

164 1880 296 1916 turias.
1239 1881 1243 1884 ”

216 1943 434 1981 XXXVII.
454 1944 541 1980 Hac
561 1950 668 1994 parte
690 1946 885 1994 copiarum
904 1949 1029 1986 aucta,
1050 1943 1187 1979 iterum
1203 1956 1289 1979 cum

163 2006 312 2042 Sabinis
343 2009 573 2057 confligitur.
632 2009 705 2044 Sed
734 2015 987 2059 praeterquam
1016 2008 1118 2057 quod
1145 2008 1286 2043 viribus

163 2078 332 2107 creverat
350 2071 548 2108 Romanus
570 2075 772 2116 exercitus,
794 2087 839 2109 ex
860 2072 1011 2108 occulto
1043 2073 1157 2108 etiam
1183 2072 1288 2107 addi-

164 2140 228 2170 tur
259 2135 383 2179 dolus,
418 2137 555 2179 missis,
590 2137 653 2185 qui
688 2150 867 2185 magnam
899 2137 974 2172 vim
1011 2136 1215 2185 lignorum,
1250 2137 1288 2171 in

165 2198 324 2233 Anienis
354 2200 437 2249 ripa
458 2198 668 2249 jacentem,
699 2200 895 2236 ardentem
924 2201 964 2235 in
1000 2199 1138 2235 flumen
1169 2198 1289 2250 conji-

166 2268 322 2297 cerent:
354 2270 544 2312 ventoque
567 2264 730 2314 juvante
759 2277 919 2300 accensa
949 2264 1066 2312 ligna,
1099 2270 1136 2299 et
1169 2263 1290 2314 plera-

169 2326 310 2376 que‚‚in
327 2326 469 2363 ratibus
491 2329 656 2378 inpacta,
675 2327 828 2364 sublicis
846 2341 961 2378 quum
977 2329 1178 2372 haererent,
1195 2339 1291 2378 pon-

688 2391 771 2428 D4
