1573 2598
0 2277 2 2300 l

0 2301 1 2325 l

357 192 513 222 LIBER
538 193 595 221 11.
629 192 735 220 CAP.
760 191 900 220 XL11.·
1104 192 1183 234 139

68 287 143 318 tam
163 280 445 331 perduellionis,
466 279 760 326 damnatumque
780 277 912 328 populi
925 276 1095 327 judicio:
1125 278 1181 314 di-

66 351 169 383 rutas
195 345 345 395 publice
365 344 458 380 aedes
475 359 482 379 ε
515 355 560 379 ea
578 348 635 379 est
654 355 741 378 area
760 347 849 378 ante
868 341 1030 377 Telluris
1052 342 1181 378 aedem.

67 409 245 445 Ceterum
274 409 351 445 sive
378 408 471 444 illud
499 407 761 448 domesticum,
789 406 866 441 sive
895 404 1088 455 publicum
1108 404 1183 440 fuit

61 471 263 522 judicium,
294 472 493 508 damnatur
526 471 604 507 Ser.
636 468 830 512 Cornelio,
861 469 909 508 Q.
939 467 1061 505 Fabio
1090 480 1182 504 con-

66 537 221 574 sulibus.

118 600 252 638 XLII.
280 600 396 637 Haud
415 600 593 636 diuturna
611 599 667 635 ira
689 599 820 649 populi
844 599 883 635 in
905 598 1077 635 Cassium
1097 597 1182 636 fuit.

64 664 239 701 Dulcedo
265 665 421 713 agrariae
450 662 543 711 legis
574 663 657 713 ipsa
680 675 747 713 per
777 675 830 706 se,
857 663 986 699 demto
1012 669 1181 706 auctore,

64 728 217 764 subibat
249 729 418 764 animos:
455 720 689 775 accensaque
718 739 763 762 ea
792 726 978 777 cupiditas
1012 733 1068 762 est
1101 739 1182 762 ma-

64 792 239 841 lignitate
275 791 458 837 Patrum5
500 792 578 840 qui,
616 791 772 826 devictis
810 803 856 827 eo
893 802 995 826 anno
1031 789 1182 825 Volscis

63 856 289 906 AEquisque,
306 856 464 892 militem
483 855 609 905 praeda
628 855 867 891 fraudavere:
894 854 1074 903 qujdquid
1091 867 1180 904 cap-

62 927 144 957 tum
169 934 216 957 ex
239 920 413 957 hostibus
437 925 508 963 est,
529 919 696 956 vendidit
716 918 856 955 Fabius
881 917 1028 961 consul,
1053 931 1096 954 ac
1121 930 1180 954 re-

64 985 167 1033 degit
202 985 243 1020 in
278 984 484 1034 publicum.
539 983 711 1019 Invisum
740 990 820 1019 erat
849 982 1012 1018 Fabium
1040 994 1180 1019 nomen

62 1050 164 1102 plebi
183 1055 337 1101 propter
355 1050 603 1085 novissimum
623 1048 817 1084 consulem
836 1063 843 1083 ε
875 1054 1032 1084 tenuere
1052 1054 1182 1085 tamen

60 1114 207 1156 Patres,
230 1120 271 1149 ut
293 1127 378 1149 curn
397 1113 443 1150 L.
463 1113 623 1160 sEmilio
643 1112 695 1149 K,
715 1112 855 1148 Fabius
877 1111 1011 1148 consul
1031 1124 1181 1149 creare-

62 1184 136 1214 tur.
191 1178 252 1214 Eo
278 1178 453 1213 infestior
476 1177 579 1213 facta
607 1176 736 1226 plebes
763 1177 949 1213 seditione
975 1177 1183 1212 domestica

62 1241 204 1278 bellum
233 1247 431 1277 externum
461 1241 625 1276 excivit:
657 1239 759 1285 bello
788 1240 923 1275 deinde
952 1239 1078 1275 civiles
1109 1240 1186 1275 dis-

63 1305 201 1340 cordiae
234 1304 469 1339 intermissae.
526 1303 617 1339 Uno
651 1303 779 1338 auimo
811 1302 944 1339 Patres
979 1316 1022 1338 ac
1055 1302 1184 1352 plebes

64 1367 290 1404 rebellantes
315 1366 476 1402 Volscos
506 1372 544 1401 et
571 1365 737 1414 AEquOS,
768 1367 862 1401 duce
890 1366 1065 1409 AEniilio,
1095 1379 1186 1415 pro-

65 1444 173 1483 spera
192 1444 322 1481 pugna
337 1431 472 1467 vicere.
500 1430 591 1467 Plus
611 1436 739 1465 tamen
757 1429 927 1465 hostium
945 1428 1051 1478 fuga,
1072 1442 1186 1478 quam

63 1495 254 1547 proelium,
275 1495 482 1532 absumsit:
515 1495 610 1531 adeo
633 1494 878 1544 pertinaciter
896 1493 1002 1530 fusos
1022 1494 1186 1530 insecuti

64 1566 153 1596 sunt
190 1561 346 1609 equites.
405 1560 574 1595 Castoris
613 1559 710 1594 aedes
748 1558 882 1594 eodem
919 1571 1021 1594 anno
1052 1557 1184 1594 Idibus

65 1624 322 1664 Quinctilibus
352 1624 526 1660 dedicata
554 1629 635 1659 est:
668 1629 759 1659 vota
788 1629 869 1659 erat
893 1622 1037 1659 Latino
1065 1621 1184 1666 bello,

64 1688 264 1725 Postumio
290 1689 502 1724 dictatore:
535 1687 632 1723 filius
660 1686 755 1738 erS‚
783 1687 956 1724 duumvir
984 1687 1031 1722 ad
1059 1686 1098 1722 id
1125 1686 1185 1736 ip·

65 1765 148 1788 sum
169 1759 330 1795 creatus,
351 1752 548 1788 dedicavit.
606 1751 807 1788 sollicitati
832 1757 870 1787 et
895 1763 940 1786 eo
968 1763 1070 1787 anno
1096 1755 1187 1786 sunt

65 1816 262 1853 dulcedine
281 1817 437 1866 agrariae
462 1815 555 1864 legis
580 1816 697 1851 animi
722 1815 855 1865 plebis.
911 1815 1074 1851 Tribuni
1102 1814 1185 1865 ple-

65 1881 122 1917 bis
143 1880 362 1931 popularem
382 1886 609 1929 potestatem
631 1879 713 1928 lege
732 1880 907 1930 populari
927 1878 1184 1916 celebrabant.

64 1945 210 1988 Patres,
241 1945 331 1981 satis
360 1957 545 1994 superque
579 1945 735 1992 gratuiti
765 1944 903 1981 furoris
938 1945 976 1980 in
1010 1943 1184 1979 multitu-

63 2010 150 2045 dine
173 2010 366 2045 credentes
396 2022 490 2052 esse,
511 2009 731 2057 largitiones
758 2009 1059 2057 temeritatisque
1085 2008 1183 2043 invi-

63 2079 233 2108 tamenta
260 2072 492 2108 horrebant:
526 2073 698 2108 acerrimi
718 2073 896 2109 Patribus
916 2072 1027 2108 duces
1053 2071 1099 2107 ad
1124 2083 1182 2106 re-

65 2136 273 2172 sistendum
302 2136 475 2172 consules
504 2137 621 2173 fuere.
677 2137 736 2172 Ea
764 2138 881 2186 igitur
913 2148 998 2186 pars
1027 2135 1182 2185 reipub-

65 2199 146 2235 licae
166 2200 256 2235 vicit
275 2215 282 2235 :
315 2213 384 2235 nec
412 2201 452 2236 in
482 2213 644 2249 praesens
671 2201 800 2243 modo,
821 2200 886 2236 sed
908 2201 948 2236 in
968 2198 1182 2235 venientem

65 2264 178 2300 etiam
209 2269 348 2299 annum
367 2263 422 2300 M.
444 2263 603 2299 Fabium
624 2264 802 2300 Kaesonis
832 2264 1004 2306 fratrem,
1035 2270 1073 2299 et
1102 2276 1181 2299 ma—

65 2327 121 2374 gis
151 2327 312 2363 invisum
343 2326 501 2364 alterurn
533 2327 647 2377 plebi,
679 2328 921 2364 accusatione
954 2328 1017 2378 Sp.
1045 2326 1180 2372 Cassii,

1197 402 1238 440 U.
1255 402 1292 433 C.
1309 406 1383 435 269.

1192 446 1233 476 A.
1251 446 1286 476 C.
1305 445 1379 476 4¹83.

1195 1118 1238 1150 U.
1256 1118 1292 1149 C.
1309 1122 1384 1154 270.

1195 1163 1235 1193 A.
1252 1162 1289 1194 C.
1306 1169 1383 1194 4⁸2.

1197 2268 1238 2298 U.
1257 2267 1292 2298 C.
1311 2274 1385 2304 271·

1157 2327 1164 2333 -
1195 2313 1232 2342 A.
1251 2311 1289 2342 C·
1307 2318 1383 2343 481.
