1573 2598
133 234 175 266 U.
190 235 229 267 C.
245 241 319 268 246.

130 279 167 310 A.
184 278 222 310 C.
240 284 313 312 ⁵06.

128 495 165 526 C.
182 496 287 529 Mucii

126 540 262 573 facinus.

350 151 435 182 102
831 153 874 183 T·
902 153 1031 183 mvn

345 252 419 285 res,
440 247 478 278 et
506 240 553 278 ad
579 240 711 290 fugam
739 243 853 292 septis
884 243 1059 279 omnibus
1079 242 1172 279 viis:
1204 243 1362 294 finisque
1392 241 1456 280 ilie

344 310 423 342 tam
443 305 558 342 effuse
578 306 761 355 evagandi
779 306 951 343 Etruscis
970 307 1056 345 fuit.

396 368 493 406 XII.
523 368 685 406 Obsidio
708 376 789 406 erat
816 370 1063 407 nihilominus
1094 378 1132 407 et
1159 370 1340 408 frumenti
1369 384 1455 408 cum

344 445 490 470 summa
516 434 673 469 caritate
699 433 857 483 inopia3
889 434 1128 484 sedendoque
1151 441 1455 486 expugnaturum

342 510 381 534 se
400 498 533 534 urbem
552 510 656 548 spem
674 497 843 535 Porsena
861 499 1027 536 habebat
1046 514 1053 535 :
1086 513 1202 549 quum
1222 500 1265 536 C.
1284 500 1454 544 Mucius,

341 561 559 599 adolescens
587 561 742 606 nobilis,
771 563 832 599 cui
859 564 1057 613 indignum
1086 564 1299 608 videbatur,
1329 576 1453 615 popu-

339 626 419 663 lum
436 626 656 663 Romanum
676 627 914 671 servientem,
935 641 1051 677 quum
1070 629 1139 665 sub
1164 628 1316 678 regibus
1338 634 1450 672 esset,

339 690 447 727 nullo
464 690 566 727 bello
585 703 655 727 nec
674 690 722 728 ab
747 690 921 728 hostibus
950 691 1033 728 ullis
1054 692 1250 729 obsessum
1269 705 1373 738 esse;
1405 692 1452 728 li-

339 754 472 792 berum
499 755 671 792 eumdem
702 755 886 806 populum
914 755 961 792 ab
990 756 1123 792 iisdem
1150 756 1322 793 Etruscis
1349 756 1452 793 obsi-

340 819 434 863 deri,
453 832 615 869 quorum
634 832 732 871 saepe
752 821 937 857 exercitus
956 821 1116 867 fuderit3
1149 822 1290 870 itaque,
1311 833 1452 870 magno

340 883 548 933 audacique
576 883 703 932 aliquo
727 883 897 920 facinore
925 897 1008 921 eam
1036 885 1304 933 indignitatem
1329 884 1451 920 vindi-

339 947 499 984 candam
527 955 644 991 ratus,
671 949 794 998 primo
824 961 891 985 sua
920 956 1055 999 sponte
1084 955 1282 999 penetrare
1311 949 1350 984 in
1380 949 1450 984 ho-

339 1011 454 1047 stium
483 1018 607 1048 castra
636 1012 862 1048 constituit:
896 1013 981 1049 dein
1011 1019 1197 1056 metuens,
1217 1025 1280 1055 ne,
1308 1012 1339 1047 si
1359 1023 1452 1047 con-

339 1073 462 1110 sulum
489 1073 637 1125 injussu
665 1082 703 1111 et
729 1077 870 1125 ignaris
896 1076 1073 1113 omnibus
1093 1077 1179 1120 iret,
1199 1076 1299 1113 forte
1319 1075 1450 1126 depre-

339 1138 477 1174 hensus
498 1152 520 1174 a
539 1139 758 1176 custodibus
778 1140 964 1178 Romanis
991 1141 1246 1178 retraheretur
1264 1146 1307 1176 ut
1327 1146 1451 1176 trans-

338 1202 444 1249 fuga,
474 1202 628 1238 fortuna
657 1210 738 1238 tum
775 1204 877 1242 urbis
906 1206 1048 1242 crimen
1075 1205 1310 1247 adfirmante,
1343 1216 1451 1240 sena-

339 1274 420 1303 tiun
449 1267 565 1303 adiit:
603 1268 767 1303 Transire
800 1267 966 1310 Tiberim,
996 1268 1133 1317 inquit,
1164 1271 1306 1312 Patres,
1336 1275 1370 1305 et
1397 1271 1453 1305 in-

341 1337 449 1375 trare,
472 1334 502 1367 si
524 1334 667 1380 possim,
695 1337 812 1368 castra
836 1332 986 1369 hostium
1007 1334 1085 1369 volo
1096 1350 1109 1377 ς
1138 1346 1207 1369 non
1230 1335 1367 1382 praedo,
1393 1345 1457 1370 nec

334 1397 608 1445 populationum
628 1398 664 1432 z'n
687 1398 797 1432 vicem
821 1398 941 1433 ultor:
972 1396 1098 1444 majus,
1118 1399 1148 1433 si
1166 1398 1237 1434 Dii
1252 1396 1397 1444 juvant,
1418 1400 1456 1434 in

337 1462 458 1497 animo
476 1466 526 1497 est
533 1460 695 1509 facinus.
751 1460 978 1511 Adprobant
1005 1460 1163 1497 Patres:
1197 1461 1326 1497 abdito
1354 1463 1456 1499 intra

337 1532 480 1561 vestem
509 1526 624 1569 ferro,
654 1526 915 1576 proficiscitur.
975 1525 1053 1562 Ubi
1082 1539 1127 1561 eo
1146 1526 1263 1569 venit,
1293 1526 1331 1562 in
1361 1539 1453 1562 con-

337 1588 542 1625 fertissima
577 1590 691 1626 turba
730 1603 848 1640 prope
884 1591 1029 1639 regium
1064 1589 1232 1625 tribunal
1268 1590 1453 1626 constitit.

339 1652 401 1689 Ibi
437 1667 552 1702 quum
589 1655 816 1705 stipendium
852 1654 951 1690 forte
994 1653 1175 1690 militibus
1213 1654 1376 1696 daretur,
1415 1660 1453 1690 et

338 1718 476 1762 scriba,
506 1731 592 1755 cum
628 1732 715 1769 rege
745 1719 874 1755 sedens
912 1719 994 1769 pari
1029 1718 1107 1754 fere
1145 1724 1295 1759 ornatu,
1334 1717 1454 1754 multa

338 1789 481 1833 ageret,
502 1795 587 1820 eum
610 1784 747 1820 milites
769 1783 882 1833 vulgo
909 1783 1068 1825 adirent,
1094 1783 1231 1818 timens
1255 1783 1451 1826 sciscitari,

338 1854 421 1884 uter
439 1849 609 1885 Porsena
628 1855 740 1892 esset,
760 1861 809 1884 ne
834 1848 1045 1897 ignorando
1070 1859 1198 1896 regem
1227 1853 1345 1882 semet
1372 1847 1452 1896 ipse

338 1913 513 1963 aperiret,
534 1913 616 1962 quis
640 1918 751 1954 esset,
776 1924 852 1961 quo
877 1918 1017 1947 temere
1039 1911 1156 1946 traxit
1181 1909 1333 1945 fortuna
1357 1909 1450 1945 faci-

336 1989 421 2020 nuS,
442 1976 604 2013 scribam
630 1989 699 2026 pro
724 1988 811 2024 rege
839 1975 1054 2012 obtruncat.
1109 1974 1321 2010 vadentem
1350 1974 1449 2016 inde,

336 2052 411 2089 qua
434 2052 499 2090 per
519 2040 702 2091 trepidam
720 2039 872 2076 turbam
898 2044 1054 2075 cruento
1073 2049 1253 2074 mucrone
1273 2036 1344 2073 sibi
1370 2037 1450 2087 ipse

335 2105 478 2142 fecerat
508 2104 619 2147 viam,
648 2116 778 2154 quum,
809 2098 994 2141 concursu
1023 2103 1070 2139 ad
1098 2101 1301 2139 clamorem
1331 2101 1448 2145 facto,

336 2169 649 2220 comprehensum
673 2169 767 2218 regii
787 2167 966 2205 satellites
990 2168 1247 2209 retraxissent,
1269 2173 1355 2203 aute
1381 2168 1447 2202 tri—

336 2231 452 2271 bunal
487 2234 584 2283 regis
623 2234 837 2277 destitutum,
873 2240 951 2270 tum
989 2245 1152 2283 quoque,
1189 2232 1286 2269 inter
1322 2238 1450 2270 tantas
