1573 2598
410 211 566 241 amna
589 211 671 240 111.
704 210 811 240 cn.
837 211 914 240 Lx.
1139 213 1217 257 243

101 299 330 337 detrimento
350 306 540 337 certamen
559 305 747 336 staturum
766 298 892 336 fuerit.
933 300 1092 344 Castris,
1113 299 1216 338 mille
1232 305 1272 335 U.
1291 305 1327 338 c.
1344 309 1418 338 ωδ.

100 377 279 415 passuum
298 365 345 402 ab
366 365 476 402 hoste
495 364 643 416 positis,
665 364 793 414 copias
814 364 1056 402 continebat:
1084 366 1214 403 hostes
1228 350 1266 380 Α·
1285 349 1321 381 C'
1339 353 1412 381 ⁴⁴⁵⁴

97 430 264 467 medium
301 430 399 466 inter
431 428 522 465 bina
554 434 678 465 castra
714 429 878 478 spatium
915 429 997 465 acie
1029 429 1216 467 instructa

59 486 63 492 ¹
97 492 365 546 complebant:
397 491 768 544 provocantibusque
788 493 834 529 ad
861 493 1038 543 proelium
1057 507 1214 545 respon-

96 572 180 597 sum
214 559 413 596 Romanus
450 569 563 594 nemo
601 556 794 595 reddebat.
851 558 1025 596 Tandem
1060 558 1213 609 fatigati

95 624 246 668 stando,
267 637 310 660 ac
335 621 590 672 nequidquam
618 623 875 672 exspectando
905 630 1111 667 certamen,
1139 623 1210 660 AE-

93 689 158 739 qui
186 687 404 737 Volscique,
439 693 641 737 postquam
677 699 902 724 concessum
936 689 1211 739 propemodum

90 756 137 793 de
155 755 314 792 victoria
332 752 551 798 credebant,
572 766 658 804 pars
678 754 718 790 in
737 753 942 798 Hernicos,
963 768 1050 805 pars
1074 756 1112 792 in
1133 755 1209 792 La-

90 821 192 858 tinos
222 818 432 870 praedatum
460 816 626 854 abeunt:
667 817 894 867 relinquitur
925 819 1045 869 magis
1076 820 1208 855 castris

90 884 321 937 praesidium,
348 895 461 933 quam
485 882 576 919 satis
599 882 735 919 virium
761 882 808 919 ad
831 888 1036 920 certamen.
1091 884 1208 924 Quod

90 949 155 986 ubi
184 947 318 985 consul
346 947 477 990 sensit,
511 946 632 983 reddit
661 947 823 983 inlatum
853 953 967 984 antea
994 953 1204 985 terroremt

90 1014 350 1062 instructaque
380 1012 460 1048 acie
489 1010 589 1048 ultro
618 1011 770 1049 hostem
799 1011 961 1049 lacessit.
1020 1012 1100 1050 Ubi
1136 1011 1205 1056 illi,

89 1078 324 1116 conscientia
353 1076 442 1126 quid
471 1075 620 1112 abesset
641 1076 791 1119 virium,
822 1076 1080 1113 detractavere
1109 1090 1205 1127 pug-

89 1155 192 1186 nam,
217 1142 333 1178 crevit
360 1139 551 1190 extemplo
574 1139 760 1176 Romanis
788 1140 949 1184 animus,
977 1147 1015 1177 et
1038 1154 1107 1191 pro
1127 1142 1204 1178 vic-

84 1208 133 1244 tis
153 1206 348 1243 habebant
366 1211 545 1255 paventes
563 1205 664 1241 intra
683 1204 834 1242 vallum.
890 1205 1019 1245 Quum
1048 1218 1116 1256 per
1141 1212 1201 1242 to-

84 1277 166 1307 tum
188 1271 285 1307 diem
311 1269 506 1305 stetissent
527 1269 664 1305 intenti
692 1268 738 1304 ad
761 1274 966 1312 certamen,
991 1269 1097 1305 nocti
1120 1281 1201 1306 ces-

84 1348 187 1371 sere:
220 1343 259 1371 et
282 1333 450 1370 Romani
479 1332 631 1382 quidem
659 1332 763 1383 pleni
791 1333 872 1383 spei
901 1346 1064 1384 corpora
1091 1347 1201 1372 cura-

82 1399 189 1437 bant.
245 1398 552 1448 Haudquaquam
586 1399 670 1448 pari
706 1397 835 1434 hostes
873 1397 1001 1436 animo
1038 1399 1198 1436 nuncios

82 1465 222 1515 passim
241 1463 379 1514 trepidi
397 1463 444 1500 ad
470 1462 703 1499 revocandos
724 1462 953 1513 praedatores
975 1463 1194 1500 dimittunt:

81 1530 286 1581 recurritur
306 1541 352 1565 ex
371 1528 553 1580 proximis
572 1526 690 1573 locis3
723 1525 920 1563 ulteriores
940 1540 1018 1564 non
1041 1528 1196 1566 inventi.
1260 1559 1265 1563 f

82 1592 162 1630 Ubi
190 1593 343 1637 inluxit,
367 1593 559 1642 egreditur
581 1593 714 1629 castris
734 1591 948 1636 Romanus,
969 1592 1109 1629 vallum
1138 1593 1197 1630 in-

80 1670 251 1702 vasurus,
272 1658 312 1694 ni
332 1658 444 1709 copia
461 1670 599 1708 pugnae
618 1657 747 1693 fieret:
781 1663 832 1700 et,
854 1663 1058 1707 postquam
1077 1656 1196 1694 multa

73 1721 157 1773 jam
176 1721 254 1758 dies
275 1727 368 1765 erat,
389 1733 513 1770 neque
532 1720 757 1757 movebatur
775 1720 980 1770 quidquam
1000 1721 1047 1757 ab
1067 1721 1192 1765 hoste,

71 1785 185 1837 jubet
211 1785 321 1834 signa
345 1784 477 1822 inferri
498 1783 654 1821 consul:
686 1790 866 1833 motaque
892 1785 986 1828 acie,
1017 1785 1192 1835 indigna-

76 1851 133 1887 tio
152 1849 301 1900 AEquos
325 1856 363 1886 et
382 1848 544 1886 Volscos
571 1850 738 1892 incessit,
764 1850 797 1885 si
816 1850 979 1886 victores
1003 1850 1190 1887 exercitus

74 1913 216 1952 vallum
240 1914 382 1965 potiuS,
403 1926 517 1964 quam
535 1915 652 1951 virtus
678 1920 717 1951 et
742 1927 846 1951 arma
868 1920 1053 1964 tegerent.
1111 1914 1189 1964 Igi-

72 1981 136 2015 tur
160 1985 198 2015 et
226 1978 299 2029 ipsi
331 1977 579 2027 efflagitatum
608 1977 655 2015 ab
684 1978 841 2015 ducibus
872 1978 1023 2028 signum
1051 1992 1189 2029 pugnae

74 2055 263 2094 accepere.
319 2042 480 2093 Jamque
512 2056 598 2093 pars
629 2055 781 2092 egressa
810 2044 931 2093 portis
960 2049 1054 2086 erat,
1081 2044 1188 2080 dein-

74 2119 236 2158 cepsque
256 2106 320 2143 alii
338 2107 540 2144 servabant
557 2108 743 2151 ordinem,
764 2108 804 2144 in
822 2120 933 2144 suum
952 2108 1110 2157 quisque
1129 2107 1186 2145 lo·

74 2183 160 2207 cum
196 2171 478 2216 descendentes,
516 2185 632 2221 quum
665 2171 799 2209 consul
830 2172 1029 2209 Romanus
1067 2172 1185 2223 prius,

72 2247 187 2285 quam
204 2235 296 2271 totis
316 2234 456 2272 viribus
476 2223 574 2272 fulta
591 2242 786 2273 constaret
804 2236 973 2272 hostium
993 2236 1106 2279 acies,
1127 2237 1186 2273 in-

71 2297 160 2335 tulit
191 2299 323 2349 sigua:
362 2300 590 2351 adortusque
623 2287 694 2337 nec
725 2313 857 2337 omnes
890 2301 980 2337 dum
1014 2299 1184 2344 eductos,

70 2375 154 2408 nec,
175 2364 239 2415 qui
257 2370 380 2409 erant,
401 2366 492 2402 satis
512 2365 709 2417 explicatis
729 2365 939 2409 ordinibus,
956 2377 1075 2416 prope
1094 2364 1185 2402 fluc-

583 2430 672 2468 M2
