1573 2598
130 244 174 276 U.
189 246 227 277 c.
243 252 318 277 24⁵.

129 289 170 320 A.
187 289 223 322 C.
241 294 314 325 507.

133 1910 298 1952 Obprimi·

133 1961 195 1986 tur.

344 158 400 203 92
793 162 842 192 τ.
865 162 1000 193 mvn

342 248 528 286 reddunt:
569 254 607 285 et
643 247 689 285 de
717 249 945 300 accipiendis
975 248 1074 287 clam
1104 258 1220 289 nocte
1247 254 1286 290 in
1322 253 1456 292 urbem

339 313 491 363 regibus
512 312 792 362 colloquuntur.

395 376 464 413 IV.
493 375 656 412 Vitelliis
692 376 944 426 Aquilliisque
976 377 1158 414 fratribus
1195 377 1320 429 primo
1351 392 1457 417 eom·

340 442 455 481 missa
475 453 531 477 res
553 447 621 477 est.
661 440 903 478 Vitelliorum
922 454 1032 478 soror
1051 441 1199 479 consuli
1217 449 1338 493 nupta
1356 443 1457 481 Bru-

341 511 385 542 to
415 510 521 541 erat:
554 502 713 554 jamque
749 517 797 541 ex
833 517 880 542 eo
915 506 1163 543 matrimonio
1197 505 1455 545 adolescentes

344 574 454 605 erant
480 567 604 610 liberi,
623 567 736 604 Titus
754 567 1031 618 Tiberiusque:
1063 582 1130 606 eos
1152 581 1303 619 quoque
1324 571 1363 608 in
1392 580 1458 608 so'-

343 632 522 668 cietatem
555 631 704 669 consilii
738 631 914 669 avunculi
943 632 1173 671 adsumunt:
1205 640 1388 683 praeterea
1417 641 1457 671 et

343 695 491 733 nobiles
522 695 669 746 aliquot
696 696 954 735 adolescentes
984 697 1127 734 conscii
1156 696 1334 742 adsumti,
1360 710 1457 748 quo·

344 772 431 797 rum
448 768 637 799 vetustate
655 762 838 800 memoria
857 761 965 801 abiit.
1020 761 1182 799 Interim
1199 772 1317 810 quum
1334 762 1375 799 in
1397 774 1458 800 se·

344 831 439 861 natu
456 826 607 862 vicisset
629 827 833 869 sententia,
854 839 938 875 quae
961 825 1141 862 censebat
1169 825 1359 862 reddenda
1385 825 1458 863 bo·

344 900 396 924 na
411 904 422 934 ς
454 900 611 939 eamque
629 891 750 939 ipsam
770 902 940 926 caussam
959 902 1075 926 morae
1095 890 1135 925 in
1153 888 1246 924 urbe
1271 888 1457 926 haberent

344 950 476 1000 legati,
515 953 617 1001 quod
652 954 816 1003 spatium
852 953 899 990 ad
936 952 1110 989 vehicula
1145 952 1400 1001 comparanda
1433 965 1459 989 a

345 1015 566 1052 consulibus
605 1017 840 1059 sumsissent,
877 1016 1013 1066 quibus
1050 1029 1183 1065 regum
1219 1022 1459 1065 asportarent

346 1091 434 1126 res3
466 1092 580 1116 omne
607 1080 647 1116 id
675 1087 824 1130 tempus
855 1093 941 1117 cum
969 1078 1178 1130 conjuratis
1206 1079 1459 1117 consultando

348 1143 566 1188 absumunt,
594 1144 847 1193 evincuntque
876 1144 1069 1188 instando,
1093 1150 1136 1181 ut
1162 1144 1281 1182 literae
1310 1143 1382 1180 sibi
1410 1145 1459 1182 ad

346 1206 576 1256 Tarquinios
596 1207 799 1244 darentur:
830 1219 919 1244 nam
937 1206 1047 1244 aliter
1065 1206 1130 1256 qui
1149 1207 1357 1244 credituros
1375 1219 1457 1252 eos,

347 1283 426 1308 non
455 1283 554 1307 vana
588 1270 636 1308 ab
672 1270 811 1319 legatis
845 1283 957 1320 super
987 1271 1098 1308 rebus
1135 1271 1252 1308 tantis
1289 1271 1456 1309 adferri?

348 1333 462 1372 Datae
487 1333 619 1378 literae,
639 1341 682 1370 ut
707 1335 844 1385 pignus
868 1334 954 1371 fidei
973 1341 1112 1377 essent,
1132 1334 1375 1371 manifestum
1399 1335 1458 1372 fa-

349 1400 455 1435 cinus
475 1398 672 1435 fecerunt:
703 1411 792 1436 nam
821 1411 951 1448 quum,
977 1399 1098 1449 pridie
1127 1411 1239 1448 quam
1267 1398 1383 1448 legati
1411 1399 1461 1437 ad

349 1463 578 1512 Tarquinios
601 1462 942 1514 proficiscerentur,
965 1470 1003 1500 et
1021 1470 1213 1501 coenatum
1232 1463 1332 1500 forte
1358 1463 1458 1513 apud

349 1528 526 1565 Vitellios
561 1536 674 1573 esset,
705 1528 968 1579 conjuratique
1005 1529 1073 1572 ibi,
1102 1528 1258 1566 remotis
1291 1527 1457 1571 arbitris,

347 1592 470 1630 multa
497 1594 597 1630 inter
624 1606 663 1630 se
691 1594 738 1631 ‹le
766 1607 881 1638 novo,
911 1600 953 1630 ut
986 1593 1042 1636 fit,
1073 1592 1233 1630 consilio
1262 1592 1427 1640 egissent
1443 1607 1455 1637 3

349 1669 564 1694 sermonem
591 1670 723 1696 eorum
751 1671 798 1696 ex
826 1659 942 1695 servis
970 1670 1067 1694 unus
1097 1657 1260 1706 excepit,
1290 1656 1355 1705 qui
1374 1654 1459 1706 jam

349 1728 464 1758 antea
491 1722 530 1758 id
553 1729 722 1758 senserat
751 1723 836 1771 agi:
868 1722 934 1760 sed
961 1735 1044 1759 eam
1066 1721 1320 1763 occasionem,
1344 1725 1387 1756 ut
1412 1719 1458 1757 li-

348 1792 441 1823 terae
472 1785 608 1836 legatis
639 1787 830 1830 darentur,
861 1800 944 1836 quae
973 1785 1215 1837 deprehensae
1243 1797 1322 1821 rem
1351 1796 1459 1823 coar-

349 1863 464 1899 guere
485 1857 655 1901 possent,
676 1850 944 1901 exspectabat:
976 1858 1179 1901 postquam
1197 1849 1304 1886 datas
1324 1849 1456 1893 sensit,

347 1926 429 1950 rem
459 1914 507 1950 ad
536 1914 708 1951 consules
739 1914 886 1952 detulit.
943 1912 1143 1956 Consules,
1173 1911 1220 1948 ad
1251 1911 1460 1961 deprehen·

349 1977 492 2015 dendos
529 1977 676 2027 legatos
706 1977 1002 2028 conjuratosque
1030 1976 1192 2028 profecti
1219 1976 1347 2020 domo,
1378 1977 1459 2014 sine

349 2042 516 2079 tumultu
542 2055 620 2078 rem
640 2055 793 2079 omnem
811 2042 1031 2092 obpressere
1053 2056 1061 2077 :
1092 2041 1286 2078 literarum
1314 2040 1354 2076 in
1381 2041 1459 2090 pri·

350 2107 420 2144 mis
445 2106 578 2143 habita
597 2120 699 2150 cura,
719 2120 767 2144 ne
785 2106 1052 2143 interciderent
1070 2120 1078 2142 τ
1109 2104 1366 2157 proditoribus
1391 2117 1458 2144 ex-

349 2170 494 2221 templo
528 2171 566 2206 in
598 2169 749 2207 vincula
781 2169 978 2220 conjectiS‚
1010 2169 1056 2206 de
1083 2169 1218 2218 legatis
1250 2167 1458 2218 paullulum

350 2234 613 2272 addubitatum
648 2241 736 2272 est:
786 2242 823 2272 et
859 2245 1086 2286 quamquam
1123 2233 1193 2270 visi
1228 2238 1317 2270 sunt
1353 2243 1456 2272 com-
