1573 2598
420 126 576 156 LIBER
600 126 635 154 1.
669 125 778 167 cnr.
801 123 908 154 xvt.
1168 120 1217 165 27

107 229 218 272 agros
238 215 384 257 rediens
403 219 541 256 vastat,
561 211 766 251 ulciscendi
784 211 920 261 magis,
940 223 1053 261 quam
1071 211 1221 261 praedae.

108 279 249 318 studio.
303 278 437 329 anue
473 275 592 319 clade,
621 275 723 312 haud
757 275 883 313 minus
919 287 1033 324 quam
1068 274 1224 323 adversa

107 356 251 396 pugna,
289 341 436 380 subacti
472 339 650 377 Veientes
687 351 819 390 pacem
856 338 1018 388 petitum
1053 345 1224 375 oratores

108 408 276 445 Romam
307 407 476 444 mittunt.
531 405 628 454 Agri
659 410 767 454 parte
798 403 968 440 multatis
1003 404 1041 440 in
1074 410 1228 442 centum

111 483 231 509 annos
251 470 410 507 induciae
431 469 540 506 datae.
576 467 674 505 Haec
691 467 824 511 ferme,
839 466 1009 505 Romulo
1028 474 1227 517 regnante,

112 536 214 583 domi
241 533 461 584 militiaeque
490 539 623 582 gesta:
656 544 817 582 quorum
845 530 942 570 nihil
970 531 1157 574 absonum
1185 531 1229 568 fi-

110 600 170 637 dei
192 599 327 635 divinae
354 598 512 647 originis
538 596 821 646 divinitatisque
850 601 939 647 post
965 602 1128 633 mortem
1150 607 1230 633 cre-

110 663 198 700 ditae
217 662 317 707 fuit5
349 674 429 698 non
451 662 598 699 animus
618 661 659 697 in
683 672 802 709 regno
826 660 929 696 avito
957 659 1230 710 recuperandO,

111 740 193 773 non
221 726 427 763 condendae
456 725 559 763 urbis
589 725 805 768 consilium,
827 737 908 761 non
935 724 1037 761 bello
1065 738 1110 761 ac
1139 736 1233 776 pace

114 790 332 828 firmandae:
365 789 412 827 ab
439 788 505 827 illo
532 790 633 826 enim
660 787 836 840 profectu
857 787 998 825 viribus
1025 789 1122 835 datis
1147 794 1233 826 tan·

114 863 196 893 tum
220 856 352 900 valuit,
380 863 422 892 ut
447 857 487 893 in
519 855 771 906 quadraginta
796 855 930 892 deinde
958 868 1078 892 annos
1111 862 1236 892 tutam

115 933 248 971 pacem
288 920 448 956 haberet
469 935 476 957 :
525 919 760 956 multitudini
801 925 929 956 tamen
965 920 1112 969 gratior
1145 919 1220 956 fuit

117 998 231 1035 quam
255 984 432 1021 Patribus
446 1001 456 1030 3
489 984 603 1033 longe
625 991 714 1021 ante
740 983 834 1020 alios
863 984 1145 1034 acceptissimus
1166 984 1237 1020 mia

120 1048 230 1085 litum
258 1048 419 1090 animis:
458 1054 726 1097 trecentosque
755 1053 921 1083 armatos
950 1046 998 1084 ad
1027 1048 1240 1098 custodiam

121 1114 305 1163 corporis,
335 1125 429 1162 quos
450 1111 600 1149 Celeres
630 1111 847 1162 adpellavit,
871 1124 950 1148 non
977 1111 1017 1148 in
1046 1111 1148 1149 bello
1177 1124 1239 1161 sog

117 1177 211 1221 lum,
232 1177 297 1214 sed
316 1177 431 1214 etiam
450 1177 489 1213 in
508 1190 616 1227 pace,
635 1176 783 1213 habuit.

171 1241 284 1279 XVI.
312 1241 386 1278 His
413 1241 678 1281 inmortalibus
701 1241 812 1277 editis
839 1240 1031 1291 operibus,
1052 1252 1169 1291 quum
1193 1240 1243 1278 ad
1255 1264 1297 1295 U·
1314 1262 1351 1294 Ο,
1368 1268 1421 1298 ³7·

119 1307 327 1344 exercitum
345 1306 617 1342 recensendum
637 1307 861 1343 concionem
883 1306 923 1343 in
943 1318 1077 1357 campo
1097 1306 1145 1343 ad
1165 1306 1239 1354 Ca·
1252 1309 1292 1339 A.
1309 1306 1346 1337 C.
1364 1312 1438 1342 715-

119 1384 196 1423 prae
218 1370 393 1422 paludem
418 1370 589 1420 baberet,
611 1371 738 1408 subito
762 1377 896 1408 coorta
919 1377 1124 1422 tempestas
1154 1384 1241 1408 cum
1252 1349 1425 1425 Mori-Ro*

119 1448 260 1485 magno
279 1436 431 1485 fragore
449 1435 731 1486 tonitribusque
753 1442 833 1473 tam
858 1436 976 1485 denso
1001 1448 1130 1485 regem
1149 1449 1242 1488 ope-

120 1502 197 1538 ruit
215 1501 361 1546 nimbo,
383 1507 425 1537 ut
444 1508 691 1551 conspectum
710 1498 790 1552 ejus
814 1502 992 1538 concioni
1014 1501 1215 1550 abstulerit
1231 1516 1242 1539 ε

119 1579 190 1606 nec
215 1566 350 1604 deinde
368 1566 408 1602 in
427 1567 537 1602 terris
555 1566 744 1604 Romulus
764 1567 850 1604 fuit.
905 1566 1085 1613 Romana
1102 1567 1247 1621 pube&

121 1630 253 1667 sedato
284 1630 439 1667 tandem
471 1643 626 1681 pavore,
660 1638 865 1681 postquam
897 1644 945 1677 ex
977 1636 1058 1666 tam
1089 1631 1245 1672 turbido

122 1694 183 1730 die
202 1705 334 1730 serena
351 1700 389 1730 et
403 1694 609 1744 tranquilla
626 1695 693 1732 lux
711 1696 837 1739 rediit,
858 1695 924 1732 ubi
939 1706 1097 1735 vacuam
1116 1698 1245 1740 sedem
1270 1739 1273 1741 ,

123 1758 268 1806 regiam
285 1757 394 1800 vidit,
417 1759 489 1794 etsi
510 1759 602 1795 satis
630 1759 807 1796 credebat
825 1760 1106 1812 Patribus,-qui
1127 1775 1245 1813 prox-

122 1822 190 1858 imi
227 1827 425 1865 steterant,
455 1821 656 1860 sublimem
685 1830 836 1874 raptum
864 1827 1058 1876 procella3
1100 1834 1244 1872 tamen,

123 1884 226 1921 velut
245 1883 420 1921 orbitatis
440 1892 545 1922 metu
563 1887 654 1930 icta,
673 1895 853 1925 moestum
880 1888 1111 1939 aliquamdiu
1130 1890 1245 1935 silen-

122 1950 219 1989 tium
237 1948 417 1987 obtinuit.
472 1949 637 1994 Deinde,
657 1964 679 1987 a
697 1953 827 2001 paucis
848 1953 959 1990 initio
978 1955 1096 1999 facto,
1116 1954 1245 1999 Deum

122 2012 209 2057 Deo
244 2019 392 2058 natum,
429 2026 571 2063 regem,
607 2023 879 2067 parentemque
916 2019 1019 2056 urbis
1055 2019 1244 2063 Romanae

124 2077 266 2123 salvere
293 2078 458 2115 universi
482 2078 692 2117 Romulum
711 2080 876 2131 jubent:
908 2096 1041 2134 pacem
1068 2084 1243 2135 precibus

124 2149 347 2192 exposcunt,
368 2143 424 2179 uti
439 2143 568 2180 volens
589 2146 775 2195 propitius
796 2159 902 2184 suam
917 2160 1064 2199 semper
1082 2145 1244 2199 sospitet

124 2207 357 2257 progeniem.
411 2207 544 2246 Fuisse
569 2210 681 2246 credo
706 2218 789 2248 tum
814 2225 964 2262 quoque
989 2212 1150 2263 aliquos,
1177 2216 1243 2264 qui

124 2270 354 2322 discerptum
371 2285 499 2322 regem
519 2273 677 2323 Patrum
694 2276 870 2323 manibus
888 2278 996 2314 taciti
1016 2285 1238 2327 arguerent:

646 2338 679 2374 C
699 2339 722 2375 2
