1573 2598
294 171 358 217 52
725 178 772 209 T..
795 180 934 211 mvn.

86 265 164 306 Ejus
173 274 275 305 genus
301 264 445 302 relicta.
499 263 584 301 Nec
612 264 677 315 diu
703 272 833 306 manet
860 274 1047 318 superstes
1077 267 1156 306 filio
1184 277 1316 321 pater:
1346 273 1412 322 qui

81 315 116 340 et
130 309 204 341 fata.

300 343 430 381 quum,
457 331 636 380 ignorans
664 343 801 369 nurum
819 338 990 369 ventrem
1017 332 1128 377 ferre,
1158 334 1345 373 inmemor
1371 337 1412 373 in

298 394 475 432 testando
502 394 652 444 nepotis
681 394 914 438 decessisset,
944 408 1076 446 puero,
1106 404 1194 447 post
1222 399 1282 434 avi
1310 411 1411 435 mor-

296 465 375 496 tem
411 459 452 496 in
482 458 636 496 nullam,
662 465 804 497 sortem
839 459 1029 497 bonorum
1059 468 1167 505 nato,
1197 461 1246 499 ab
1283 463 1414 513 inopia¹

296 524 441 573 Egerio
459 523 622 560 inditum
639 536 792 561 nomen.
836 523 1053 564 Lucumoni
1073 531 1220 570 contra,
1240 527 1414 564 omnium

297 587 437 625 haeredj
468 587 672 632 bonorum,
706 600 822 638 quum
851 589 990 626 divitiae
1018 589 1102 640 jam
1134 592 1280 630 animos
1309 591 1412 629 face-

296 658 396 696 rent,
416 653 524 688 auxit
546 652 661 688 ducta
679 652 718 688 in
738 652 1023 691 matrimonium
1041 654 1244 704 Tanaquil,
1264 668 1413 694 summo

295 715 383 753 loco
415 723 521 761 nata,
551 723 590 753 et
617 730 699 766 quae
730 717 832 754 haud
856 717 969 754 facile
998 719 1058 762 iis,
1087 719 1128 757 in
1156 720 1292 769 quibus
1321 727 1415 758 nata

295 787 390 826 erat,
416 782 621 819 humiliora
642 782 782 818 sineret
809 795 867 825 ea,
891 796 973 832 quae
1000 783 1243 834 innupsisset.
1300 784 1414 835 Sper-

295 845 473 883 uentibus
502 846 673 883 Etruscis
702 846 979 891 Lucumonem,
1010 847 1138 885 exsule
1170 849 1315 886 advena
1351 861 1414 886 or-

294 917 391 955 tum,
418 911 517 948 ferre
544 911 812 960 indignitatem
838 925 918 949 non
946 913 1099 962 potuit3
1132 912 1326 962 oblitaque
1354 914 1414 951 in-

295 976 435 1026 genitae
463 988 554 1025 erga
574 976 736 1026 patriam
764 976 946 1019 caritatis,
967 977 1172 1013 dummodo
1192 978 1313 1014 virum
1340 978 1412 1014 ho-

293 1048 474 1078 notatum
499 1041 656 1084 videret,
684 1040 884 1077 consilium
909 1041 1096 1090 migrandi
1126 1042 1173 1078 ab
1195 1041 1412 1091 Tarquiniis

294 1106 408 1157 cepit.
463 1105 592 1143 Roma
619 1112 677 1141 est
705 1105 752 1141 ad
781 1105 819 1141 id
847 1106 1087 1155 potissimum
1104 1107 1212 1142 visa:
1244 1107 1284 1143 in
1310 1120 1414 1144 novo

295 1169 454 1222 populo,
474 1170 539 1206 ubi
559 1170 682 1206 omnis
701 1169 900 1219 repentina
917 1175 1031 1219 atque
1049 1182 1096 1206 ex
1114 1171 1254 1206 virtute
1274 1170 1417 1208 nobili·

295 1242 354 1271 tas
385 1235 447 1278 sit,
478 1233 648 1270 futurum
676 1232 804 1269 locum
830 1232 923 1269 forti
955 1246 999 1269 ac
1032 1240 1186 1270 strenuo
1217 1234 1322 1271 viro:
1354 1248 1413 1272 re-

296 1312 432 1349 gnasse
467 1298 623 1335 Tatium
661 1297 874 1334 Sabinum:
921 1298 1142 1334 arcessitum
1177 1298 1218 1334 in
1253 1312 1414 1349 regnum

295 1363 466 1401 Numam
485 1377 508 1400 a
527 1362 690 1399 Curibus
708 1376 716 1398 ι
745 1368 782 1398 et
801 1362 952 1398 Ancum
972 1361 1114 1398 Sabina
1132 1370 1253 1399 matre
1271 1370 1413 1408 ortum,

297 1427 540 1478 nobilemque
566 1440 641 1464 una
664 1426 831 1476 imagine
859 1425 998 1462 Numae
1025 1438 1117 1463 esse.
1173 1426 1300 1464 Facile
1328 1441 1414 1479 per-

297 1493 444 1537 suadet,
474 1499 517 1529 ut
545 1492 682 1542 cupido
718 1491 921 1535 honorum,
952 1498 990 1527 et
1018 1492 1079 1528 cui
1106 1491 1306 1541 Tarquinii
1333 1506 1413 1530 ma-

298 1564 408 1595 terna
443 1563 593 1594 tantum
628 1557 752 1607 patria
781 1562 890 1592 esset.
947 1555 1113 1592 Sublatis
1143 1556 1270 1605 itaque
1302 1557 1413 1594 rebus

299 1622 541 1671 conmigrant
568 1620 747 1657 Romam.
802 1620 863 1656 Ad
887 1618 1104 1656 Janiculum
1132 1619 1232 1656 forte
1261 1628 1414 1658 ventum

300 1692 407 1722 erat:
443 1684 496 1722 ibi
534 1686 582 1729 ei,
613 1690 794 1735 carpento
824 1683 969 1720 sedenti
998 1695 1084 1719 cum
1111 1696 1244 1727 uxore,
1275 1684 1413 1734 aquila,

300 1751 491 1802 suspensis
511 1751 674 1787 demissa
692 1749 827 1786 leniter
845 1748 928 1791 alis,
948 1747 1090 1798 pileum
1107 1747 1231 1784 aufert
1248 1763 1256 1784 ε
1288 1761 1417 1800 super-

301 1828 375 1866 que
399 1822 622 1867 carpentum
649 1827 735 1851 eum
762 1826 903 1863 magno
925 1813 1104 1862 clangore
1130 1812 1308 1857 volitans,
1334 1827 1416 1851 rur·

301 1893 379 1924 sus,
401 1880 503 1917 velut
520 1879 732 1916 ministerio
759 1878 936 1915 divinitus
956 1878 1084 1920 missa,
1106 1878 1221 1928 capiti
1245 1884 1332 1928 apte
1357 1891 1414 1916 re·

301 1947 436 1997 ponit:
469 1945 556 1981 inde
575 1943 744 1980 sublimis
770 1943 876 1979 abiit.
932 1942 1134 1992 Accepisse
1158 1941 1197 1978 id
1218 1943 1417 1991 augurium

300 2010 390 2048 laeta
411 2010 548 2047 dicitur
565 2007 769 2057 Tanaquil,
787 2008 922 2058 perita,
951 2013 993 2043 ut
1012 2005 1126 2055 vulgo
1147 2005 1314 2051 Etrusci,
1338 2020 1416 2046 coe-

301 2075 453 2113 lestium
481 2073 743 2126 prodigiorum
768 2071 913 2109 mulier.
967 2071 1131 2109 Excelsa
1159 2078 1197 2108 et
1225 2071 1303 2108 alta
1334 2085 1417 2124 spe-

302 2152 387 2177 rare
416 2138 614 2189 complexa
631 2139 752 2174 virum
768 2135 881 2187 jubet
899 2152 906 2173 :
939 2149 1022 2173 eam
1046 2136 1175 2173 alitem
1197 2149 1241 2172 ea
1263 2138 1419 2186 regione

305 2204 393 2242 coeli
421 2210 460 2240 et
484 2201 564 2253 ejus
593 2202 667 2239 Dei
696 2202 873 2238 nunciam
900 2202 1071 2238 venisse:
1104 2202 1203 2238 circa
1231 2214 1418 2261 summum

305 2268 454 2305 culmen
477 2266 642 2303 hominis
662 2266 871 2316 auspicium
895 2264 1051 2301 fecisse:
1083 2263 1224 2302 levasse
1249 2266 1418 2304 humano

305 2331 586 2384 superpositum
613 2330 729 2381 capiti
757 2330 884 2373 decus,
907 2334 949 2365 ut
977 2329 1154 2366 divinitus
1184 2329 1306 2367 eidem
1333 2330 1416 2368 red-
