1573 2598
442 183 598 214 Lmen
620 182 691 212 vt.
723 182 830 211 cAP.
854 183 924 211 xx.
1139 183 1224 224 421

117 274 223 324 genti
240 273 403 311 militum
429 274 625 311 alacritate
648 274 791 310 moenia
816 273 980 323 undique
1009 273 1221 322 adgressus,
1236 277 1278 308 U.
1291 276 1327 306 C.
1345 281 1420 323 ³⁶⁹?

116 337 225 375 scalis
261 338 442 389 oppidum
474 339 586 390 cepit.
642 337 773 374 Volsci
806 336 964 388 abjectis
998 339 1110 375 armis
1144 351 1223 376 sese
1236 320 1422 354 A.C.3323.

116 402 351 439 dediderunt.
1207 448 1210 449 ⁷

169 465 244 502 IX.
275 467 452 502 Ceterum
471 465 617 501 animus
638 464 742 501 ducis
765 465 820 501 rei
842 463 992 515 majori,
1013 466 1147 510 Antio,
1169 467 1229 503 in-

115 529 285 566 minebat
303 544 310 565 :
343 529 381 565 id
401 535 515 579 caput
532 527 775 571 Volscorum,
798 541 882 565 eam
906 528 1023 565 fuisse
1042 530 1229 579 originem

115 594 281 644 proximi
307 592 410 629 belli.
467 593 540 629 Sed
558 592 647 642 quia
665 593 738 628 nisi
764 606 904 642 magno
931 593 1127 644 adparatu,
1147 602 1229 631 tor-

116 658 254 694 mentis
274 657 546 706 machinisque,
567 665 646 693 tam
665 656 789 693 valida
808 657 897 693 urbs
920 658 1002 707 capi
1021 671 1101 694 non
1120 664 1230 708 pote-

116 726 198 766 rat3
230 720 363 756 relicto
393 720 441 756 ad
469 721 679 756 exercitum
699 719 859 769 collega,
879 719 1045 757 Romam
1066 728 1121 756 est
1140 734 1231 772 pro-

115 784 252 828 fectus,
274 790 315 820 ut
335 790 508 820 senatum
534 785 582 821 ad
608 785 858 821 excidendum
878 786 1038 821 Antium
1057 786 1231 822 hortare-

115 856 190 886 tur.
246 838 353 885 Inter
381 861 594 885 sermonem
628 847 709 898 ejus
750 849 894 897 (credo,
925 862 1005 885 rem
1033 850 1232 885 Antiatem

117 913 392 950 diuturniorem
426 927 592 958 manere,
622 913 708 950 Diis
738 915 843 951 cordi
870 915 1005 962 fuisse)
1036 914 1154 963 legati
1183 914 1231 951 ab

116 976 267 1028 Nepete
290 992 333 1014 ac
363 978 505 1021 Sutrio,
536 978 719 1014 auxilium
748 979 922 1015 adversus
951 979 1135 1015 Etruscos
1164 974 1232 1029 pess

116 1049 255 1086 tentes,
292 1042 462 1086 veniunt,
499 1042 653 1079 brevem
689 1044 930 1080 occasionem
968 1038 1059 1079 esse
1085 1042 1232 1079 ferendi

118 1106 248 1143 auxilii
276 1111 529 1142 memorantes
551 1121 558 1142 ε
592 1118 638 1142 eo
658 1107 734 1142 vim
754 1106 906 1143 Camilli
932 1106 980 1143 ab
1003 1106 1123 1142 Antio
1151 1105 1232 1142 for-

117 1175 211 1206 tuna
229 1170 376 1206 avertit.
414 1169 591 1218 Namque
611 1183 728 1218 quum
748 1183 791 1206 ea
810 1170 897 1206 loca
916 1169 1094 1220 obposita
1112 1170 1231 1206 Etru·
1243 1171 1372 1203 Bellum

116 1233 195 1276 riae,
222 1239 260 1269 et
278 1232 380 1269 velut
399 1233 564 1274 claustra
582 1234 670 1270 iude
696 1240 892 1284 portaeque
912 1239 1038 1270 essent
1055 1249 1066 1279 3
1100 1239 1137 1269 et
1156 1230 1228 1269 illis
1241 1216 1448 1290 ἓζπὲυῐξῖξξζ

116 1298 326 1347 occupandi
356 1311 413 1341 ea,
444 1311 558 1347 quum
589 1299 679 1348 quid
697 1299 787 1334 novi
816 1297 1054 1341 molirentur,
1083 1304 1120 1333 et
1145 1297 1227 1347 1³0ss
1241 1301 1414 1331 obsidenti-

115 1362 236 1398 manis
255 1362 502 1411 recuperandi
519 1362 725 1411 tuendique
745 1374 835 1398 cura
854 1368 946 1398 erat.
978 1361 1102 1409 Igitur
1119 1374 1227 1398 sena·
1240 1344 1313 1375 bus.

115 1422 172 1462 tui
191 1440 275 1463 cum
295 1427 456 1463 Camillo
476 1428 538 1476 agi
557 1427 713 1478 placuit,
748 1433 804 1470 ut,
834 1427 975 1463 omisso
994 1427 1128 1470 Antio,
1151 1427 1232 1463 bel-

115 1489 192 1526 lun]
212 1491 416 1528 Etruscum
435 1493 653 1542 susciperet.
691 1493 882 1541 Legiones
904 1493 1073 1534 urbanae,
1094 1493 1231 1542 quibus

115 1555 318 1594 Quinctius
356 1555 571 1605 praefuerat,
611 1558 645 1592 ei
682 1557 937 1593 decernuntur
957 1571 963 1592 :
1003 1548 1243 1606 quamquam*

116 1625 312 1668 expertum
349 1620 556 1655 exercitum
591 1620 864 1668 adsuetumque
893 1620 1067 1668 imperio,
1098 1620 1162 1668 qui
1190 1620 1231 1655 in

114 1682 263 1719 Volscis
283 1689 376 1725 erat,
398 1683 540 1726 mallet,
565 1684 663 1719 nihil
687 1684 897 1728 recusavit5
930 1683 1230 1723 Valeriumbtan-

115 1746 313 1782 tummodo
350 1747 498 1796 imperii
533 1748 679 1782 socium
725 1747 960 1796 depoposcit.
1025 1746 1227 1784 Quinctius

116 1809 376 1858 Horatiusque
413 1822 647 1846 successores
676 1809 830 1846 Valerio
859 1810 899 1845 in
929 1800 1078 1845 Volscis
1108 1810 1229 1846 missi.

115 1870 283 1910 Profecti
304 1874 350 1910 ab
372 1874 464 1910 urbe
485 1875 652 1910 Sutrium
671 1873 806 1910 Furius
828 1881 864 1909 et
884 1874 1058 1909 Valerius
1081 1882 1228 1924 partem

116 1937 245 1987 oppidi
266 1936 350 1986 jam
379 1943 528 1987 captam
555 1937 602 1973 ab
630 1937 800 1973 Etruscis
822 1938 1024 1982 invenere3
1057 1950 1103 1973 ex
1121 1944 1228 1987 parte

117 2001 249 2044 altera,
288 2001 502 2051 interseptis
537 2002 750 2043 itineribus,
787 2014 884 2049 aegre
914 2002 1122 2050 oppidanos
1152 2002 1227 2037 vim

115 2065 284 2101 hostium
303 2065 350 2101 ab
371 2078 410 2101 se
430 2071 613 2101 arcentes.
669 2066 797 2105 Quum
827 2065 991 2101 Romani
1011 2065 1142 2100 auxilii
1162 2065 1227 2101 ad-

116 2135 263 2172 ventus,
290 2135 372 2165 tum
401 2130 551 2165 Camilli
571 2143 710 2166 nomen
733 2129 1016 2166 celeberrimum
1037 2129 1135 2177 apud
1155 2129 1225 2164 ho-

118 2199 192 2228 stes
213 2194 424 2242 sociosque,
440 2200 478 2229 et
496 2195 535 2229 in
554 2195 755 2244 praesentia
775 2207 852 2229 rem
873 2193 1093 2229 inclinatam
1113 2193 1226 2228 susti-

116 2257 214 2300 nuit,
245 2263 283 2293 et
311 2259 473 2307 spatium
493 2259 539 2295 ad
565 2272 677 2308 opem
696 2257 890 2294 ferendam
920 2257 1034 2293 dedit.
1092 2251 1225 2306 Itaque

115 2318 236 2356 diviso
257 2321 437 2365 exercitu,
467 2321 649 2358 Camillus
679 2321 879 2370 collegam,
911 2333 993 2357 eam
1020 2319 1061 2355 in
1081 2326 1229 2370 partem
