<?xml version="1.0" encoding="UTF-8"?>
<!DOCTYPE html PUBLIC "-//W3C//DTD XHTML 1.0 Transitional//EN"
    "http://www.w3.org/TR/xhtml1/DTD/xhtml1-transitional.dtd">
<html xmlns="http://www.w3.org/1999/xhtml" xml:lang="en" lang="en">
 <head>
  <title>
</title>
<meta http-equiv="Content-Type" content="text/html;charset=utf-8" />
  <meta name='ocr-system' content='tesseract 3.04.00' />
  <meta name='ocr-capabilities' content='ocr_page ocr_carea ocr_par ocr_line ocrx_word'/>
</head>
<body>
  <div class='ocr_page' id='page_1' title='image "./historiarumquaes01livyuoft/historiarumquaes01livyuoft_0105.png"; bbox 0 0 1573 2598; ppageno 0'>
   <div class='ocr_carea' id='block_1_1' title="bbox 394 141 1202 189">
    <p class='ocr_par' dir='ltr' id='par_1_1' title="bbox 394 141 1202 189">
     <span class='ocr_line' id='line_1_1' title="bbox 394 141 1202 189; baseline 0.001 -14"><span class='ocrx_word' id='word_1_1' title='bbox 394 146 548 176; x_wconf 63' lang='lat' dir='ltr'><strong>mum&lt;</strong></span> <span class='ocrx_word' id='word_1_2' title='bbox 572 145 632 174; x_wconf 87' lang='lat'><strong>11.</strong></span> <span class='ocrx_word' id='word_1_3' title='bbox 665 145 771 175; x_wconf 75' lang='lat' dir='ltr'><strong>cAP.</strong></span> <span class='ocrx_word' id='word_1_4' title='bbox 796 146 888 175; x_wconf 82' lang='lat' dir='ltr'><strong>vn.</strong></span> <span class='ocrx_word' id='word_1_5' title='bbox 1147 141 1202 189; x_wconf 84' lang='lat'><strong>95</strong></span> 
     </span>
    </p>
   </div>
   <div class='ocr_carea' id='block_1_2' title="bbox 86 216 1405 343">
    <p class='ocr_par' dir='ltr' id='par_1_2' title="bbox 86 216 1405 343">
     <span class='ocr_line' id='line_1_2' title="bbox 86 216 1405 284; baseline -0.004 -15"><span class='ocrx_word' id='word_1_6' title='bbox 86 225 269 281; x_wconf 36' lang='lat' dir='ltr'><strong>cognatio*</strong></span> <span class='ocrx_word' id='word_1_7' title='bbox 295 238 421 269; x_wconf 82' lang='lat' dir='ltr'><strong>movet</strong></span> <span class='ocrx_word' id='word_1_8' title='bbox 439 248 447 270; x_wconf 70' lang='grc' dir='ltr'>ε</span> <span class='ocrx_word' id='word_1_9' title='bbox 462 220 465 223; x_wconf 39' lang='grc'><strong>’</strong></span> <span class='ocrx_word' id='word_1_10' title='bbox 483 217 682 284; x_wconf 80' lang='lat' dir='ltr'><strong>pulchrum</strong></span> <span class='ocrx_word' id='word_1_11' title='bbox 698 216 921 277; x_wconf 52' lang='lat' dir='ltr'><strong>ridebatur,</strong></span> <span class='ocrx_word' id='word_1_12' title='bbox 951 245 1038 270; x_wconf 87' lang='lat' dir='ltr'><strong>suos</strong></span> <span class='ocrx_word' id='word_1_13' title='bbox 1067 231 1202 271; x_wconf 85' lang='lat' dir='ltr'><strong>Romae</strong></span> <span class='ocrx_word' id='word_1_14' title='bbox 1216 232 1260 264; x_wconf 88' lang='lat' dir='ltr'><strong>U.</strong></span> <span class='ocrx_word' id='word_1_15' title='bbox 1275 231 1312 264; x_wconf 86' lang='lat' dir='ltr'><strong>C.</strong></span> <span class='ocrx_word' id='word_1_16' title='bbox 1330 238 1405 264; x_wconf 72' lang='lat'><strong>24⁵.</strong></span> 
     </span>
     <span class='ocr_line' id='line_1_3' title="bbox 87 276 1400 343; baseline 0.001 -13"><span class='ocrx_word' id='word_1_17' title='bbox 87 306 257 343; x_wconf 87' lang='lat' dir='ltr'><strong>regnare.</strong></span> <span class='ocrx_word' id='word_1_18' title='bbox 315 294 376 331; x_wconf 86' lang='lat' dir='ltr'><strong>Ita</strong></span> <span class='ocrx_word' id='word_1_19' title='bbox 404 295 479 331; x_wconf 92' lang='lat' dir='ltr'><strong>duo</strong></span> <span class='ocrx_word' id='word_1_20' title='bbox 507 295 665 331; x_wconf 89' lang='lat' dir='ltr'><strong>duarum</strong></span> <span class='ocrx_word' id='word_1_21' title='bbox 694 296 904 333; x_wconf 87' lang='lat' dir='ltr'><strong>civitatium</strong></span> <span class='ocrx_word' id='word_1_22' title='bbox 930 298 1130 341; x_wconf 79' lang='lat' dir='ltr'><strong>exercitus,</strong></span> <span class='ocrx_word' id='word_1_23' title='bbox 1158 278 1254 334; x_wconf 71' lang='lat' dir='ltr'><strong>adA‘</strong></span> <span class='ocrx_word' id='word_1_24' title='bbox 1271 276 1308 308; x_wconf 71' lang='grc' dir='ltr'><strong>Ο·</strong></span> <span class='ocrx_word' id='word_1_25' title='bbox 1327 282 1400 310; x_wconf 82' lang='lat'>⁵⁰7‘</span> 
     </span>
    </p>
   </div>
   <div class='ocr_carea' id='block_1_3' title="bbox 81 356 1219 1503">
    <p class='ocr_par' dir='ltr' id='par_1_3' title="bbox 81 356 1219 1503">
     <span class='ocr_line' id='line_1_4' title="bbox 88 356 1206 408; baseline 0.004 -15"><span class='ocrx_word' id='word_1_26' title='bbox 88 358 334 408; x_wconf 85' lang='lat' dir='ltr'><strong>repetendum</strong></span> <span class='ocrx_word' id='word_1_27' title='bbox 362 370 518 407; x_wconf 85' lang='lat' dir='ltr'><strong>regnum</strong></span> <span class='ocrx_word' id='word_1_28' title='bbox 546 356 722 406; x_wconf 90' lang='lat' dir='ltr'><strong>belloque</strong></span> <span class='ocrx_word' id='word_1_29' title='bbox 754 360 1031 408; x_wconf 89' lang='lat' dir='ltr'><strong>persequendos</strong></span> <span class='ocrx_word' id='word_1_30' title='bbox 1060 359 1206 397; x_wconf 86' lang='lat' dir='ltr'><strong>Roma-</strong></span> 
     </span>
     <span class='ocr_line' id='line_1_5' title="bbox 81 423 1206 474; baseline 0.002 -14"><span class='ocrx_word' id='word_1_31' title='bbox 81 436 175 467; x_wconf 84' lang='lat' dir='ltr'><strong>nos,</strong></span> <span class='ocrx_word' id='word_1_32' title='bbox 203 424 322 460; x_wconf 90' lang='lat' dir='ltr'><strong>secuti</strong></span> <span class='ocrx_word' id='word_1_33' title='bbox 346 423 609 473; x_wconf 84' lang='lat' dir='ltr'><strong>Tarquinium.</strong></span> <span class='ocrx_word' id='word_1_34' title='bbox 664 423 874 472; x_wconf 83' lang='lat' dir='ltr'><strong>Postquam</strong></span> <span class='ocrx_word' id='word_1_35' title='bbox 903 425 942 461; x_wconf 91' lang='lat' dir='ltr'><strong>in</strong></span> <span class='ocrx_word' id='word_1_36' title='bbox 971 438 1101 474; x_wconf 82' lang='lat' dir='ltr'><strong>agrum</strong></span> <span class='ocrx_word' id='word_1_37' title='bbox 1123 424 1206 462; x_wconf 88' lang='lat' dir='ltr'><strong>Ro-</strong></span> 
     </span>
     <span class='ocr_line' id='line_1_6' title="bbox 89 485 1207 528; baseline 0.002 -5"><span class='ocrx_word' id='word_1_38' title='bbox 89 499 244 523; x_wconf 87' lang='lat' dir='ltr'><strong>manum</strong></span> <span class='ocrx_word' id='word_1_39' title='bbox 271 493 424 522; x_wconf 86' lang='lat' dir='ltr'><strong>ventum</strong></span> <span class='ocrx_word' id='word_1_40' title='bbox 461 492 532 528; x_wconf 87' lang='lat' dir='ltr'><strong>est,</strong></span> <span class='ocrx_word' id='word_1_41' title='bbox 570 485 723 522; x_wconf 87' lang='lat' dir='ltr'><strong>obviam</strong></span> <span class='ocrx_word' id='word_1_42' title='bbox 758 486 861 523; x_wconf 85' lang='lat' dir='ltr'><strong>hosti</strong></span> <span class='ocrx_word' id='word_1_43' title='bbox 898 487 1070 524; x_wconf 88' lang='lat' dir='ltr'><strong>consules</strong></span> <span class='ocrx_word' id='word_1_44' title='bbox 1104 494 1207 526; x_wconf 88' lang='lat' dir='ltr'><strong>eunt.</strong></span> 
     </span>
     <span class='ocr_line' id='line_1_7' title="bbox 89 551 1207 602; baseline 0 -12"><span class='ocrx_word' id='word_1_45' title='bbox 89 553 264 590; x_wconf 86' lang='lat' dir='ltr'><strong>Valerius</strong></span> <span class='ocrx_word' id='word_1_46' title='bbox 294 552 478 602; x_wconf 87' lang='lat' dir='ltr'><strong>quadrato</strong></span> <span class='ocrx_word' id='word_1_47' title='bbox 508 551 658 600; x_wconf 87' lang='lat' dir='ltr'><strong>agmine</strong></span> <span class='ocrx_word' id='word_1_48' title='bbox 694 551 856 602; x_wconf 88' lang='lat' dir='ltr'><strong>peditem</strong></span> <span class='ocrx_word' id='word_1_49' title='bbox 893 552 1026 590; x_wconf 89' lang='lat' dir='ltr'><strong>ducit:</strong></span> <span class='ocrx_word' id='word_1_50' title='bbox 1065 553 1207 590; x_wconf 83' lang='lat' dir='ltr'><strong>Brutus</strong></span> 
     </span>
     <span class='ocr_line' id='line_1_8' title="bbox 90 617 1209 671; baseline -0.001 -14"><span class='ocrx_word' id='word_1_51' title='bbox 90 621 138 660; x_wconf 73' lang='lat' dir='ltr'><strong>ad</strong></span> <span class='ocrx_word' id='word_1_52' title='bbox 170 619 440 671; x_wconf 86' lang='lat' dir='ltr'><strong>explorandum</strong></span> <span class='ocrx_word' id='word_1_53' title='bbox 469 630 556 654; x_wconf 91' lang='lat' dir='ltr'><strong>cum</strong></span> <span class='ocrx_word' id='word_1_54' title='bbox 585 617 754 667; x_wconf 80' lang='lat' dir='ltr'><strong>equitatu</strong></span> <span class='ocrx_word' id='word_1_55' title='bbox 792 619 1006 655; x_wconf 82' lang='lat' dir='ltr'><strong>antecessit.</strong></span> <span class='ocrx_word' id='word_1_56' title='bbox 1061 618 1209 656; x_wconf 90' lang='lat' dir='ltr'><strong>Eodem</strong></span> 
     </span>
     <span class='ocr_line' id='line_1_9' title="bbox 89 683 1211 736; baseline -0.003 -12"><span class='ocrx_word' id='word_1_57' title='bbox 89 687 203 725; x_wconf 91' lang='lat' dir='ltr'><strong>modo</strong></span> <span class='ocrx_word' id='word_1_58' title='bbox 232 686 373 736; x_wconf 89' lang='lat' dir='ltr'><strong>primus</strong></span> <span class='ocrx_word' id='word_1_59' title='bbox 403 697 516 734; x_wconf 88' lang='lat' dir='ltr'><strong>eques</strong></span> <span class='ocrx_word' id='word_1_60' title='bbox 542 683 711 720; x_wconf 83' lang='lat' dir='ltr'><strong>hostium</strong></span> <span class='ocrx_word' id='word_1_61' title='bbox 740 684 900 733; x_wconf 84' lang='lat' dir='ltr'><strong>agminis</strong></span> <span class='ocrx_word' id='word_1_62' title='bbox 923 684 1010 727; x_wconf 85' lang='lat' dir='ltr'><strong>fuit,</strong></span> <span class='ocrx_word' id='word_1_63' title='bbox 1034 685 1211 734; x_wconf 84' lang='lat' dir='ltr'><strong>(praeerat</strong></span> 
     </span>
     <span class='ocr_line' id='line_1_10' title="bbox 91 747 1211 798; baseline -0.001 -13"><span class='ocrx_word' id='word_1_64' title='bbox 91 751 218 786; x_wconf 83' lang='lat' dir='ltr'><strong>Aruns</strong></span> <span class='ocrx_word' id='word_1_65' title='bbox 237 748 482 798; x_wconf 82' lang='lat' dir='ltr'><strong>Tarquinius,</strong></span> <span class='ocrx_word' id='word_1_66' title='bbox 512 747 610 784; x_wconf 90' lang='lat' dir='ltr'><strong>filius</strong></span> <span class='ocrx_word' id='word_1_67' title='bbox 636 748 752 796; x_wconf 76' lang='lat' dir='ltr'><strong>regis)</strong></span> <span class='ocrx_word' id='word_1_68' title='bbox 775 760 841 784; x_wconf 89' lang='lat' dir='ltr'><strong>rex</strong></span> <span class='ocrx_word' id='word_1_69' title='bbox 869 748 948 797; x_wconf 87' lang='lat' dir='ltr'><strong>ipse</strong></span> <span class='ocrx_word' id='word_1_70' title='bbox 978 761 1063 783; x_wconf 92' lang='lat' dir='ltr'><strong>cum</strong></span> <span class='ocrx_word' id='word_1_71' title='bbox 1092 747 1211 797; x_wconf 82' lang='lat' dir='ltr'><strong>legio-</strong></span> 
     </span>
     <span class='ocr_line' id='line_1_11' title="bbox 94 809 1213 861; baseline -0.003 -13"><span class='ocrx_word' id='word_1_72' title='bbox 94 812 206 849; x_wconf 88' lang='lat' dir='ltr'><strong>nibus</strong></span> <span class='ocrx_word' id='word_1_73' title='bbox 225 811 464 860; x_wconf 84' lang='lat' dir='ltr'><strong>sequebatur.</strong></span> <span class='ocrx_word' id='word_1_74' title='bbox 521 810 662 852; x_wconf 85' lang='lat' dir='ltr'><strong>Aruns,</strong></span> <span class='ocrx_word' id='word_1_75' title='bbox 690 809 754 846; x_wconf 86' lang='lat' dir='ltr'><strong>ubi</strong></span> <span class='ocrx_word' id='word_1_76' title='bbox 780 823 827 846; x_wconf 84' lang='lat' dir='ltr'><strong>ex</strong></span> <span class='ocrx_word' id='word_1_77' title='bbox 854 810 1050 846; x_wconf 82' lang='lat' dir='ltr'><strong>lictoribus</strong></span> <span class='ocrx_word' id='word_1_78' title='bbox 1080 809 1213 861; x_wconf 90' lang='lat' dir='ltr'><strong>procul</strong></span> 
     </span>
     <span class='ocr_line' id='line_1_12' title="bbox 95 871 1213 923; baseline -0.001 -13"><span class='ocrx_word' id='word_1_79' title='bbox 95 873 289 910; x_wconf 89' lang='lat' dir='ltr'><strong>consulem</strong></span> <span class='ocrx_word' id='word_1_80' title='bbox 309 886 388 909; x_wconf 91' lang='lat' dir='ltr'><strong>esse</strong></span> <span class='ocrx_word' id='word_1_81' title='bbox 406 889 415 918; x_wconf 82' lang='lat'>3</span> <span class='ocrx_word' id='word_1_82' title='bbox 449 873 580 910; x_wconf 86' lang='lat' dir='ltr'><strong>deinde</strong></span> <span class='ocrx_word' id='word_1_83' title='bbox 602 871 686 923; x_wconf 87' lang='lat' dir='ltr'><strong>jam</strong></span> <span class='ocrx_word' id='word_1_84' title='bbox 708 873 862 923; x_wconf 88' lang='lat' dir='ltr'><strong>propius</strong></span> <span class='ocrx_word' id='word_1_85' title='bbox 890 886 933 910; x_wconf 93' lang='lat' dir='ltr'><strong>ac</strong></span> <span class='ocrx_word' id='word_1_86' title='bbox 958 873 1096 910; x_wconf 81' lang='lat' dir='ltr'><strong>certius</strong></span> <span class='ocrx_word' id='word_1_87' title='bbox 1115 872 1213 909; x_wconf 87' lang='lat' dir='ltr'><strong>facie</strong></span> 
     </span>
     <span class='ocr_line' id='line_1_13' title="bbox 96 938 1214 990; baseline -0.003 -13"><span class='ocrx_word' id='word_1_88' title='bbox 96 952 247 990; x_wconf 90' lang='lat' dir='ltr'><strong>quoque</strong></span> <span class='ocrx_word' id='word_1_89' title='bbox 275 939 438 975; x_wconf 86' lang='lat' dir='ltr'><strong>Brutum</strong></span> <span class='ocrx_word' id='word_1_90' title='bbox 467 938 660 987; x_wconf 82' lang='lat' dir='ltr'><strong>cognovit,</strong></span> <span class='ocrx_word' id='word_1_91' title='bbox 691 938 942 974; x_wconf 87' lang='lat' dir='ltr'><strong>inflammatus</strong></span> <span class='ocrx_word' id='word_1_92' title='bbox 973 939 1042 981; x_wconf 85' lang='lat' dir='ltr'><strong>ira,</strong></span> <span class='ocrx_word' id='word_1_93' title='bbox 1068 939 1135 974; x_wconf 83' lang='lat' dir='ltr'><strong>Ille</strong></span> <span class='ocrx_word' id='word_1_94' title='bbox 1163 943 1214 974; x_wconf 75' lang='lat' dir='ltr'><strong>est</strong></span> 
     </span>
     <span class='ocr_line' id='line_1_14' title="bbox 93 1002 1212 1050; baseline -0.002 -11"><span class='ocrx_word' id='word_1_95' title='bbox 93 1006 163 1045; x_wconf 81' lang='lat' dir='ltr'><strong>vir,</strong></span> <span class='ocrx_word' id='word_1_96' title='bbox 192 1002 328 1050; x_wconf 88' lang='lat' dir='ltr'><strong>inquit,</strong></span> <span class='ocrx_word' id='word_1_97' title='bbox 356 1004 414 1049; x_wconf 79' lang='lat' dir='ltr'><strong>qui</strong></span> <span class='ocrx_word' id='word_1_98' title='bbox 440 1014 501 1037; x_wconf 77' lang='lat' dir='ltr'><strong>nos</strong></span> <span class='ocrx_word' id='word_1_99' title='bbox 519 1006 672 1037; x_wconf 76' lang='lat' dir='ltr'><strong>extorres</strong></span> <span class='ocrx_word' id='word_1_100' title='bbox 689 1002 824 1049; x_wconf 71' lang='lat' dir='ltr'><strong>expulit</strong></span> <span class='ocrx_word' id='word_1_101' title='bbox 849 1003 985 1049; x_wconf 77' lang='lat' dir='ltr'><strong>patria.</strong></span> <span class='ocrx_word' id='word_1_102' title='bbox 1043 1002 1136 1049; x_wconf 74' lang='lat' dir='ltr'><strong>Ipse,</strong></span> <span class='ocrx_word' id='word_1_103' title='bbox 1157 1013 1212 1044; x_wconf 81' lang='lat' dir='ltr'><strong>en,</strong></span> 
     </span>
     <span class='ocr_line' id='line_1_15' title="bbox 95 1067 1219 1116; baseline 0 -12"><span class='ocrx_word' id='word_1_104' title='bbox 95 1069 171 1111; x_wconf 71' lang='lat' dir='ltr'><strong>ille,</strong></span> <span class='ocrx_word' id='word_1_105' title='bbox 193 1068 318 1103; x_wconf 77' lang='lat' dir='ltr'><strong>nostris</strong></span> <span class='ocrx_word' id='word_1_106' title='bbox 337 1067 521 1102; x_wconf 77' lang='lat' dir='ltr'><strong>decoratus</strong></span> <span class='ocrx_word' id='word_1_107' title='bbox 538 1067 739 1114; x_wconf 77' lang='lat' dir='ltr'><strong>insignibus,</strong></span> <span class='ocrx_word' id='word_1_108' title='bbox 760 1069 943 1116; x_wconf 52' lang='lat' dir='ltr'><strong>magnifice</strong></span> <span class='ocrx_word' id='word_1_109' title='bbox 962 1069 1100 1105; x_wconf 80' lang='lat' dir='ltr'><strong>incedit.</strong></span> <span class='ocrx_word' id='word_1_110' title='bbox 1146 1069 1219 1104; x_wconf 82' lang='lat' dir='ltr'><strong>Dii</strong></span> 
     </span>
     <span class='ocr_line' id='line_1_16' title="bbox 96 1131 1214 1182; baseline -0.002 -11"><span class='ocrx_word' id='word_1_111' title='bbox 96 1146 219 1182; x_wconf 80' lang='lat' dir='ltr'><strong>regum·</strong></span> <span class='ocrx_word' id='word_1_112' title='bbox 250 1134 381 1169; x_wconf 61' lang='lat' dir='ltr'><strong>ultores</strong></span> <span class='ocrx_word' id='word_1_113' title='bbox 417 1133 545 1167; x_wconf 76' lang='lat' dir='ltr'><strong>adeste.</strong></span> <span class='ocrx_word' id='word_1_114' title='bbox 604 1132 783 1167; x_wconf 78' lang='lat' dir='ltr'><strong>concitat</strong></span> <span class='ocrx_word' id='word_1_115' title='bbox 819 1131 1025 1168; x_wconf 80' lang='lat' dir='ltr'><strong>calcaribus</strong></span> <span class='ocrx_word' id='word_1_116' title='bbox 1062 1146 1214 1182; x_wconf 87' lang='lat' dir='ltr'><strong>equum,</strong></span> 
     </span>
     <span class='ocr_line' id='line_1_17' title="bbox 100 1195 1214 1246; baseline 0.004 -15"><span class='ocrx_word' id='word_1_117' title='bbox 100 1205 212 1246; x_wconf 89' lang='lat' dir='ltr'><strong>atque</strong></span> <span class='ocrx_word' id='word_1_118' title='bbox 232 1196 270 1230; x_wconf 87' lang='lat' dir='ltr'><strong>in</strong></span> <span class='ocrx_word' id='word_1_119' title='bbox 290 1196 411 1245; x_wconf 87' lang='lat' dir='ltr'><strong>ipsum</strong></span> <span class='ocrx_word' id='word_1_120' title='bbox 431 1195 588 1231; x_wconf 80' lang='lat' dir='ltr'><strong>infestus</strong></span> <span class='ocrx_word' id='word_1_121' title='bbox 609 1196 802 1231; x_wconf 88' lang='lat' dir='ltr'><strong>consulem</strong></span> <span class='ocrx_word' id='word_1_122' title='bbox 825 1197 964 1245; x_wconf 84' lang='lat' dir='ltr'><strong>dirigit.</strong></span> <span class='ocrx_word' id='word_1_123' title='bbox 1021 1199 1147 1234; x_wconf 83' lang='lat' dir='ltr'><strong>Sensit</strong></span> <span class='ocrx_word' id='word_1_124' title='bbox 1175 1200 1214 1235; x_wconf 91' lang='lat' dir='ltr'><strong>in</strong></span> 
     </span>
     <span class='ocr_line' id='line_1_18' title="bbox 100 1257 1215 1311; baseline 0.001 -15"><span class='ocrx_word' id='word_1_125' title='bbox 100 1272 139 1296; x_wconf 88' lang='lat' dir='ltr'><strong>se</strong></span> <span class='ocrx_word' id='word_1_126' title='bbox 176 1259 221 1295; x_wconf 92' lang='lat' dir='ltr'><strong>iri</strong></span> <span class='ocrx_word' id='word_1_127' title='bbox 249 1257 404 1295; x_wconf 86' lang='lat' dir='ltr'><strong>Brutus.</strong></span> <span class='ocrx_word' id='word_1_128' title='bbox 460 1257 654 1293; x_wconf 88' lang='lat' dir='ltr'><strong>Decorum</strong></span> <span class='ocrx_word' id='word_1_129' title='bbox 683 1264 763 1293; x_wconf 89' lang='lat' dir='ltr'><strong>erat</strong></span> <span class='ocrx_word' id='word_1_130' title='bbox 791 1264 872 1294; x_wconf 87' lang='lat' dir='ltr'><strong>tum</strong></span> <span class='ocrx_word' id='word_1_131' title='bbox 902 1260 990 1309; x_wconf 79' lang='lat' dir='ltr'><strong>ipsis</strong></span> <span class='ocrx_word' id='word_1_132' title='bbox 1022 1273 1215 1311; x_wconf 78' lang='lat' dir='ltr'><strong>capessere</strong></span> 
     </span>
     <span class='ocr_line' id='line_1_19' title="bbox 99 1323 1212 1376; baseline 0.001 -15"><span class='ocrx_word' id='word_1_133' title='bbox 99 1338 265 1376; x_wconf 84' lang='lat' dir='ltr'><strong>pugnam</strong></span> <span class='ocrx_word' id='word_1_134' title='bbox 288 1323 443 1362; x_wconf 89' lang='lat' dir='ltr'><strong>ducibus</strong></span> <span class='ocrx_word' id='word_1_135' title='bbox 462 1339 470 1360; x_wconf 80' lang='lat' dir='ltr'><strong><em>z</em></strong></span> <span class='ocrx_word' id='word_1_136' title='bbox 503 1324 608 1360; x_wconf 83' lang='lat' dir='ltr'><strong>avide</strong></span> <span class='ocrx_word' id='word_1_137' title='bbox 635 1324 762 1373; x_wconf 82' lang='lat' dir='ltr'><strong>itaque</strong></span> <span class='ocrx_word' id='word_1_138' title='bbox 788 1337 827 1360; x_wconf 89' lang='lat' dir='ltr'><strong>se</strong></span> <span class='ocrx_word' id='word_1_139' title='bbox 847 1326 1042 1361; x_wconf 84' lang='lat' dir='ltr'><strong>certamini</strong></span> <span class='ocrx_word' id='word_1_140' title='bbox 1063 1325 1212 1362; x_wconf 85' lang='lat' dir='ltr'><strong>obfert:</strong></span> 
     </span>
     <span class='ocr_line' id='line_1_20' title="bbox 101 1390 1216 1441; baseline -0.001 -12"><span class='ocrx_word' id='word_1_141' title='bbox 101 1393 269 1441; x_wconf 80' lang='lat' dir='ltr'><strong>adeoque</strong></span> <span class='ocrx_word' id='word_1_142' title='bbox 297 1390 443 1427; x_wconf 89' lang='lat' dir='ltr'><strong>infestis</strong></span> <span class='ocrx_word' id='word_1_143' title='bbox 470 1390 603 1426; x_wconf 89' lang='lat' dir='ltr'><strong>animis</strong></span> <span class='ocrx_word' id='word_1_144' title='bbox 635 1396 919 1433; x_wconf 84' lang='lat' dir='ltr'><strong>concurrerunt,</strong></span> <span class='ocrx_word' id='word_1_145' title='bbox 949 1398 1096 1435; x_wconf 88' lang='lat' dir='ltr'><strong>neuter,</strong></span> <span class='ocrx_word' id='word_1_146' title='bbox 1127 1392 1216 1428; x_wconf 89' lang='lat' dir='ltr'><strong>dum</strong></span> 
     </span>
     <span class='ocr_line' id='line_1_21' title="bbox 96 1452 1214 1503; baseline 0.001 -12"><span class='ocrx_word' id='word_1_147' title='bbox 96 1456 250 1491; x_wconf 76' lang='lat' dir='ltr'><strong>‘hostem</strong></span> <span class='ocrx_word' id='word_1_148' title='bbox 273 1453 499 1496; x_wconf 84' lang='lat' dir='ltr'><strong>vulneraret,</strong></span> <span class='ocrx_word' id='word_1_149' title='bbox 527 1452 583 1488; x_wconf 88' lang='lat' dir='ltr'><strong>sui</strong></span> <span class='ocrx_word' id='word_1_150' title='bbox 613 1452 836 1502; x_wconf 88' lang='lat' dir='ltr'><strong>protegendi</strong></span> <span class='ocrx_word' id='word_1_151' title='bbox 863 1455 1030 1503; x_wconf 80' lang='lat' dir='ltr'><strong>corporis</strong></span> <span class='ocrx_word' id='word_1_152' title='bbox 1056 1468 1214 1499; x_wconf 84' lang='lat' dir='ltr'><strong>memor,</strong></span> 
     </span>
    </p>
   </div>
   <div class='ocr_carea' id='block_1_4' title="bbox 98 1516 1433 1632">
    <p class='ocr_par' dir='ltr' id='par_1_4' title="bbox 98 1516 1433 1632">
     <span class='ocr_line' id='line_1_22' title="bbox 102 1516 1433 1565; baseline 0 -11"><span class='ocrx_word' id='word_1_153' title='bbox 102 1524 159 1561; x_wconf 87' lang='lat' dir='ltr'><strong>ut,</strong></span> <span class='ocrx_word' id='word_1_154' title='bbox 189 1516 381 1554; x_wconf 84' lang='lat' dir='ltr'><strong>contrario</strong></span> <span class='ocrx_word' id='word_1_155' title='bbox 410 1516 489 1551; x_wconf 87' lang='lat' dir='ltr'><strong>ictu</strong></span> <span class='ocrx_word' id='word_1_156' title='bbox 517 1527 583 1565; x_wconf 91' lang='lat' dir='ltr'><strong>per</strong></span> <span class='ocrx_word' id='word_1_157' title='bbox 615 1527 784 1565; x_wconf 88' lang='lat' dir='ltr'><strong>parmam</strong></span> <span class='ocrx_word' id='word_1_158' title='bbox 813 1521 970 1565; x_wconf 88' lang='lat' dir='ltr'><strong>uterque</strong></span> <span class='ocrx_word' id='word_1_159' title='bbox 998 1518 1215 1561; x_wconf 78' lang='lat' dir='ltr'><strong>transfixus,</strong></span> <span class='ocrx_word' id='word_1_160' title='bbox 1232 1526 1320 1557; x_wconf 75' lang='lat' dir='ltr'><strong>Bruti</strong></span> <span class='ocrx_word' id='word_1_161' title='bbox 1335 1534 1433 1557; x_wconf 82' lang='lat' dir='ltr'><strong>mors.</strong></span> 
     </span>
     <span class='ocr_line' id='line_1_23' title="bbox 98 1577 1245 1632; baseline 0.001 -16"><span class='ocrx_word' id='word_1_162' title='bbox 98 1578 247 1616; x_wconf 78' lang='lat' dir='ltr'><strong>-duabus</strong></span> <span class='ocrx_word' id='word_1_163' title='bbox 284 1579 469 1614; x_wconf 88' lang='lat' dir='ltr'><strong>haerentes</strong></span> <span class='ocrx_word' id='word_1_164' title='bbox 506 1578 624 1613; x_wconf 83' lang='lat' dir='ltr'><strong>hastis</strong></span> <span class='ocrx_word' id='word_1_165' title='bbox 661 1577 877 1614; x_wconf 88' lang='lat' dir='ltr'><strong>moribundi</strong></span> <span class='ocrx_word' id='word_1_166' title='bbox 910 1591 956 1615; x_wconf 85' lang='lat' dir='ltr'><strong>ex</strong></span> <span class='ocrx_word' id='word_1_167' title='bbox 984 1581 1088 1629; x_wconf 87' lang='lat' dir='ltr'><strong>equis</strong></span> <span class='ocrx_word' id='word_1_168' title='bbox 1122 1579 1245 1632; x_wconf 58' lang='lat' dir='ltr'><strong>lapsi,</strong></span> 
     </span>
    </p>
   </div>
   <div class='ocr_carea' id='block_1_5' title="bbox 101 1640 1420 2336">
    <p class='ocr_par' dir='ltr' id='par_1_5' title="bbox 103 1640 1219 1693">
     <span class='ocr_line' id='line_1_24' title="bbox 103 1640 1219 1693; baseline 0 -14"><span class='ocrx_word' id='word_1_169' title='bbox 103 1644 192 1679; x_wconf 78' lang='lat' dir='ltr'><strong>sint,</strong></span> <span class='ocrx_word' id='word_1_170' title='bbox 248 1640 369 1678; x_wconf 90' lang='lat' dir='ltr'><strong>Simul</strong></span> <span class='ocrx_word' id='word_1_171' title='bbox 396 1647 434 1676; x_wconf 90' lang='lat' dir='ltr'><strong>et</strong></span> <span class='ocrx_word' id='word_1_172' title='bbox 463 1646 588 1676; x_wconf 85' lang='lat' dir='ltr'><strong>cetera</strong></span> <span class='ocrx_word' id='word_1_173' title='bbox 615 1640 796 1689; x_wconf 87' lang='lat' dir='ltr'><strong>equestris</strong></span> <span class='ocrx_word' id='word_1_174' title='bbox 825 1652 952 1690; x_wconf 88' lang='lat' dir='ltr'><strong>pugna</strong></span> <span class='ocrx_word' id='word_1_175' title='bbox 978 1643 1094 1693; x_wconf 84' lang='lat' dir='ltr'><strong>coepit</strong></span> <span class='ocrx_word' id='word_1_176' title='bbox 1109 1658 1119 1689; x_wconf 80' lang='lat'>3</span> <span class='ocrx_word' id='word_1_177' title='bbox 1152 1655 1219 1680; x_wconf 89' lang='lat' dir='ltr'><strong>ne-</strong></span> 
     </span>
    </p>

    <p class='ocr_par' dir='ltr' id='par_1_6' title="bbox 105 1702 1420 1883">
     <span class='ocr_line' id='line_1_25' title="bbox 105 1702 1420 1753; baseline 0.002 -14"><span class='ocrx_word' id='word_1_178' title='bbox 105 1716 178 1753; x_wconf 90' lang='lat' dir='ltr'><strong>que</strong></span> <span class='ocrx_word' id='word_1_179' title='bbox 213 1703 268 1739; x_wconf 85' lang='lat' dir='ltr'><strong>ita</strong></span> <span class='ocrx_word' id='word_1_180' title='bbox 295 1702 415 1739; x_wconf 87' lang='lat' dir='ltr'><strong>multo</strong></span> <span class='ocrx_word' id='word_1_181' title='bbox 451 1709 540 1753; x_wconf 86' lang='lat' dir='ltr'><strong>post</strong></span> <span class='ocrx_word' id='word_1_182' title='bbox 567 1709 606 1738; x_wconf 92' lang='lat' dir='ltr'><strong>et</strong></span> <span class='ocrx_word' id='word_1_183' title='bbox 641 1702 785 1752; x_wconf 90' lang='lat' dir='ltr'><strong>pedites</strong></span> <span class='ocrx_word' id='word_1_184' title='bbox 822 1704 1102 1753; x_wconf 88' lang='lat' dir='ltr'><strong>superveniunt.</strong></span> <span class='ocrx_word' id='word_1_185' title='bbox 1158 1705 1220 1741; x_wconf 87' lang='lat' dir='ltr'><strong>Ibi</strong></span> <span class='ocrx_word' id='word_1_186' title='bbox 1234 1711 1345 1746; x_wconf 84' lang='lat' dir='ltr'><strong>Pugna</strong></span> <span class='ocrx_word' id='word_1_187' title='bbox 1359 1710 1420 1741; x_wconf 83' lang='lat' dir='ltr'><strong>du-</strong></span> 
     </span>
     <span class='ocr_line' id='line_1_26' title="bbox 105 1755 1296 1817; baseline 0.002 -13"><span class='ocrx_word' id='word_1_188' title='bbox 105 1768 210 1804; x_wconf 86' lang='lat' dir='ltr'><strong>varia</strong></span> <span class='ocrx_word' id='word_1_189' title='bbox 227 1768 398 1810; x_wconf 82' lang='lat' dir='ltr'><strong>victoria,</strong></span> <span class='ocrx_word' id='word_1_190' title='bbox 420 1773 458 1803; x_wconf 88' lang='lat' dir='ltr'><strong>et</strong></span> <span class='ocrx_word' id='word_1_191' title='bbox 476 1766 579 1803; x_wconf 80' lang='lat' dir='ltr'><strong>velut</strong></span> <span class='ocrx_word' id='word_1_192' title='bbox 607 1779 715 1816; x_wconf 88' lang='lat' dir='ltr'><strong>aequo</strong></span> <span class='ocrx_word' id='word_1_193' title='bbox 739 1766 867 1803; x_wconf 84' lang='lat' dir='ltr'><strong>Marte</strong></span> <span class='ocrx_word' id='word_1_194' title='bbox 895 1773 1105 1817; x_wconf 85' lang='lat' dir='ltr'><strong>pugnatum</strong></span> <span class='ocrx_word' id='word_1_195' title='bbox 1135 1775 1192 1805; x_wconf 88' lang='lat' dir='ltr'><strong>est</strong></span> <span class='ocrx_word' id='word_1_196' title='bbox 1209 1784 1217 1806; x_wconf 89' lang='lat'>:</span> <span class='ocrx_word' id='word_1_197' title='bbox 1233 1755 1296 1785; x_wconf 79' lang='lat' dir='ltr'><strong>bia.</strong></span> 
     </span>
     <span class='ocr_line' id='line_1_27' title="bbox 107 1830 1224 1883; baseline 0.001 -14"><span class='ocrx_word' id='word_1_198' title='bbox 107 1833 239 1869; x_wconf 84' lang='lat' dir='ltr'><strong>dextra</strong></span> <span class='ocrx_word' id='word_1_199' title='bbox 258 1833 446 1882; x_wconf 84' lang='lat' dir='ltr'><strong>utrimque</strong></span> <span class='ocrx_word' id='word_1_200' title='bbox 465 1844 608 1868; x_wconf 86' lang='lat' dir='ltr'><strong>cornua</strong></span> <span class='ocrx_word' id='word_1_201' title='bbox 625 1832 760 1875; x_wconf 90' lang='lat' dir='ltr'><strong>vicere,</strong></span> <span class='ocrx_word' id='word_1_202' title='bbox 781 1830 874 1868; x_wconf 85' lang='lat' dir='ltr'><strong>laeva</strong></span> <span class='ocrx_word' id='word_1_203' title='bbox 892 1839 1080 1883; x_wconf 87' lang='lat' dir='ltr'><strong>superata.</strong></span> <span class='ocrx_word' id='word_1_204' title='bbox 1131 1833 1224 1871; x_wconf 85' lang='lat' dir='ltr'><strong>Vei-</strong></span> 
     </span>
    </p>

    <p class='ocr_par' dir='ltr' id='par_1_7' title="bbox 108 1895 1224 1949">
     <span class='ocr_line' id='line_1_28' title="bbox 108 1895 1224 1949; baseline -0.001 -12"><span class='ocrx_word' id='word_1_205' title='bbox 108 1906 229 1944; x_wconf 86' lang='lat' dir='ltr'><strong>entes,</strong></span> <span class='ocrx_word' id='word_1_206' title='bbox 250 1899 349 1935; x_wconf 86' lang='lat' dir='ltr'><strong>vinci</strong></span> <span class='ocrx_word' id='word_1_207' title='bbox 376 1897 422 1934; x_wconf 88' lang='lat' dir='ltr'><strong>ab</strong></span> <span class='ocrx_word' id='word_1_208' title='bbox 448 1898 628 1934; x_wconf 88' lang='lat' dir='ltr'><strong>Romano</strong></span> <span class='ocrx_word' id='word_1_209' title='bbox 653 1895 773 1932; x_wconf 89' lang='lat' dir='ltr'><strong>milite</strong></span> <span class='ocrx_word' id='word_1_210' title='bbox 798 1895 957 1941; x_wconf 87' lang='lat' dir='ltr'><strong>adsueti,</strong></span> <span class='ocrx_word' id='word_1_211' title='bbox 983 1897 1058 1934; x_wconf 88' lang='lat' dir='ltr'><strong>fusi</strong></span> <span class='ocrx_word' id='word_1_212' title='bbox 1082 1898 1224 1949; x_wconf 87' lang='lat' dir='ltr'><strong>fugati-</strong></span> 
     </span>
    </p>

    <p class='ocr_par' dir='ltr' id='par_1_8' title="bbox 101 1961 1225 2017">
     <span class='ocr_line' id='line_1_29' title="bbox 101 1961 1225 2017; baseline -0.003 -13"><span class='ocrx_word' id='word_1_213' title='bbox 101 1979 194 2017; x_wconf 85' lang='lat' dir='ltr'><strong>que.</strong></span> <span class='ocrx_word' id='word_1_214' title='bbox 246 1964 547 2014; x_wconf 84' lang='lat' dir='ltr'><strong>Tarquiniensis,</strong></span> <span class='ocrx_word' id='word_1_215' title='bbox 567 1974 686 1999; x_wconf 89' lang='lat' dir='ltr'><strong>novus</strong></span> <span class='ocrx_word' id='word_1_216' title='bbox 707 1961 843 2006; x_wconf 85' lang='lat' dir='ltr'><strong>hostis,</strong></span> <span class='ocrx_word' id='word_1_217' title='bbox 861 1974 942 1998; x_wconf 88' lang='lat' dir='ltr'><strong>non</strong></span> <span class='ocrx_word' id='word_1_218' title='bbox 961 1963 1068 1999; x_wconf 84' lang='lat' dir='ltr'><strong>stetit</strong></span> <span class='ocrx_word' id='word_1_219' title='bbox 1087 1964 1225 2011; x_wconf 83' lang='lat' dir='ltr'><strong>solum,</strong></span> 
     </span>
    </p>

    <p class='ocr_par' dir='ltr' id='par_1_9' title="bbox 110 2027 999 2080">
     <span class='ocr_line' id='line_1_30' title="bbox 110 2027 999 2080; baseline -0.006 -10"><span class='ocrx_word' id='word_1_220' title='bbox 110 2032 176 2070; x_wconf 89' lang='lat' dir='ltr'><strong>sed</strong></span> <span class='ocrx_word' id='word_1_221' title='bbox 194 2032 308 2069; x_wconf 82' lang='lat' dir='ltr'><strong>etiam</strong></span> <span class='ocrx_word' id='word_1_222' title='bbox 328 2030 375 2067; x_wconf 81' lang='lat' dir='ltr'><strong>ab</strong></span> <span class='ocrx_word' id='word_1_223' title='bbox 396 2042 463 2066; x_wconf 89' lang='lat' dir='ltr'><strong>sua</strong></span> <span class='ocrx_word' id='word_1_224' title='bbox 481 2035 588 2080; x_wconf 83' lang='lat' dir='ltr'><strong>parte</strong></span> <span class='ocrx_word' id='word_1_225' title='bbox 606 2027 825 2064; x_wconf 84' lang='lat' dir='ltr'><strong>Romanum</strong></span> <span class='ocrx_word' id='word_1_226' title='bbox 843 2027 999 2078; x_wconf 82' lang='lat' dir='ltr'><strong>pepulit.</strong></span> 
     </span>
    </p>

    <p class='ocr_par' dir='ltr' id='par_1_10' title="bbox 111 2093 1230 2336">
     <span class='ocr_line' id='line_1_31' title="bbox 164 2093 1227 2141; baseline -0.002 -10"><span class='ocrx_word' id='word_1_227' title='bbox 164 2094 255 2131; x_wconf 89' lang='lat' dir='ltr'>VII.</span> <span class='ocrx_word' id='word_1_228' title='bbox 292 2093 354 2130; x_wconf 88' lang='lat' dir='ltr'><strong>Ita</strong></span> <span class='ocrx_word' id='word_1_229' title='bbox 389 2104 506 2141; x_wconf 88' lang='lat' dir='ltr'><strong>quum</strong></span> <span class='ocrx_word' id='word_1_230' title='bbox 541 2095 753 2140; x_wconf 82' lang='lat' dir='ltr'><strong>pugnatum</strong></span> <span class='ocrx_word' id='word_1_231' title='bbox 788 2097 901 2133; x_wconf 90' lang='lat' dir='ltr'><strong>esset,</strong></span> <span class='ocrx_word' id='word_1_232' title='bbox 938 2095 1066 2126; x_wconf 86' lang='lat' dir='ltr'><strong>tantus</strong></span> <span class='ocrx_word' id='word_1_233' title='bbox 1104 2097 1227 2129; x_wconf 87' lang='lat' dir='ltr'><strong>terror</strong></span> 
     </span>
     <span class='ocr_line' id='line_1_32' title="bbox 111 2153 1228 2207; baseline -0.003 -13"><span class='ocrx_word' id='word_1_234' title='bbox 111 2157 362 2207; x_wconf 84' lang='lat' dir='ltr'><strong>Tarquinium</strong></span> <span class='ocrx_word' id='word_1_235' title='bbox 391 2161 503 2205; x_wconf 88' lang='lat' dir='ltr'><strong>atque</strong></span> <span class='ocrx_word' id='word_1_236' title='bbox 522 2154 704 2191; x_wconf 88' lang='lat' dir='ltr'><strong>Etruscos</strong></span> <span class='ocrx_word' id='word_1_237' title='bbox 733 2153 901 2196; x_wconf 88' lang='lat' dir='ltr'><strong>incessit,</strong></span> <span class='ocrx_word' id='word_1_238' title='bbox 928 2159 984 2196; x_wconf 88' lang='lat' dir='ltr'><strong>ut,</strong></span> <span class='ocrx_word' id='word_1_239' title='bbox 1008 2154 1148 2190; x_wconf 90' lang='lat' dir='ltr'><strong>omissa</strong></span> <span class='ocrx_word' id='word_1_240' title='bbox 1176 2156 1228 2192; x_wconf 90' lang='lat' dir='ltr'><strong>ir·</strong></span> 
     </span>
     <span class='ocr_line' id='line_1_33' title="bbox 115 2215 1230 2266; baseline -0.004 -8"><span class='ocrx_word' id='word_1_241' title='bbox 115 2221 191 2259; x_wconf 85' lang='lat' dir='ltr'><strong>rita</strong></span> <span class='ocrx_word' id='word_1_242' title='bbox 216 2232 271 2263; x_wconf 89' lang='lat' dir='ltr'><strong>re,</strong></span> <span class='ocrx_word' id='word_1_243' title='bbox 298 2224 413 2255; x_wconf 87' lang='lat' dir='ltr'><strong>nocte</strong></span> <span class='ocrx_word' id='word_1_244' title='bbox 441 2217 554 2255; x_wconf 92' lang='lat' dir='ltr'><strong>ambo</strong></span> <span class='ocrx_word' id='word_1_245' title='bbox 578 2217 783 2259; x_wconf 84' lang='lat' dir='ltr'><strong>exercitus,</strong></span> <span class='ocrx_word' id='word_1_246' title='bbox 809 2215 948 2252; x_wconf 91' lang='lat' dir='ltr'><strong>Veiens</strong></span> <span class='ocrx_word' id='word_1_247' title='bbox 977 2216 1230 2266; x_wconf 79' lang='lat' dir='ltr'><strong>Tarquinien-</strong></span> 
     </span>
     <span class='ocr_line' id='line_1_34' title="bbox 116 2279 1229 2336; baseline -0.002 -15"><span class='ocrx_word' id='word_1_248' title='bbox 116 2285 257 2336; x_wconf 75' lang='lat' dir='ltr'><strong>sisque,</strong></span> <span class='ocrx_word' id='word_1_249' title='bbox 276 2295 363 2321; x_wconf 78' lang='lat' dir='ltr'><strong>suas</strong></span> <span class='ocrx_word' id='word_1_250' title='bbox 381 2283 539 2333; x_wconf 87' lang='lat' dir='ltr'><strong>quisque</strong></span> <span class='ocrx_word' id='word_1_251' title='bbox 558 2281 706 2319; x_wconf 77' lang='lat' dir='ltr'><strong>abirent</strong></span> <span class='ocrx_word' id='word_1_252' title='bbox 732 2280 878 2319; x_wconf 79' lang='lat' dir='ltr'><strong>domos.</strong></span> <span class='ocrx_word' id='word_1_253' title='bbox 933 2279 1131 2333; x_wconf 84' lang='lat' dir='ltr'><strong>Adjiciunt</strong></span> <span class='ocrx_word' id='word_1_254' title='bbox 1158 2283 1229 2319; x_wconf 88' lang='lat' dir='ltr'><strong>mi-</strong></span> 
     </span>
    </p>
   </div>
  </div>
 </body>
</html>
