1573 2598
428 172 583 202 LIBER
607 170 678 201 VI.
710 169 816 199 CAP.
840 169 911 199 vl.
1143 161 1226 205 417

111 276 161 301 ex
192 263 300 300 novit.
339 260 483 298 civibus
522 259 673 303 additae,
713 257 928 301 Stellatina,
961 254 1226 296 Tromentina,

114 327 310 370 Sabatina,
347 325 570 362 Arniensis:
620 336 749 374 eaeque
784 322 921 372 viginti
957 320 1123 371 quinque
1157 319 1226 355 tri·

112 392 230 428 buum
248 402 446 426 numerum
466 388 674 439 explevere.

167 454 235 491 VI.
261 453 322 490 De
337 466 429 502 agro
448 452 657 502 Pomptino
677 450 723 488 ab
744 449 791 487 L.
806 449 949 486 Sicinio
969 447 1124 485 tribuno
1143 445 1224 497 ple-

112 517 172 555 bis
193 524 318 558 actum
339 517 384 553 ad
404 516 700 564 frequentiorem
721 513 803 565 jam
822 513 1019 564 populum,
1046 510 1224 547 mobilio-

112 595 265 632 remque
291 582 337 618 ad
370 580 615 630 cupiditatem
644 579 740 628 agri,
772 591 884 628 quam
909 577 1044 614 fuerat.
1100 575 1153 611 Et
1179 574 1225 610 de

111 647 256 684 Latino
285 645 531 694 Hernicoque
560 643 662 679 bello
696 643 839 678 mentio
871 642 973 678 facta
1003 642 1041 676 in
1075 646 1223 682 senatu,

112 710 266 761 majoris
295 709 384 746 belli
414 722 517 752 curn,
539 708 642 757 quod
665 708 821 745 Etruria
850 708 889 742 in
919 705 1031 742 armis
1050 710 1145 747 crat,
1166 704 1223 739 di-

110 774 188 811 lata
217 780 285 811 est.
340 772 418 809 Res
439 773 486 808 ad
507 771 709 808 Camillum
731 770 926 806 tribunum
945 768 1109 805 militum
1126 780 1219 804 con-
1232 768 1274 798 U.
1288 766 1324 798 C.
1341 771 1417 800 369·

111 838 224 874 sulari
243 842 433 887 potestate
453 836 565 872 rediit
583 850 590 871 :
623 834 776 883 collegae
803 834 920 869 additi
940 833 1120 881 quinque,
1142 813 1273 869 Ser.A‘
1286 811 1323 841 C‘
1341 816 1417 840 θεὼ

111 902 310 940 Cornelius
338 901 631 949 Maluginensis,
662 900 710 939 Q.
739 899 916 935 Servilius
945 897 1106 934 Fidenas
1138 908 1228 932 sexo·

110 974 205 1010 tum,
240 966 285 1002 L.
312 966 514 1005 Quinctius
545 965 810 1007 Cincinnatus,
845 963 892 999 L.
917 963 1102 999 Horatius
1132 960 1224 997 Pul-

109 1031 232 1074 villus,
255 1030 296 1066 P.
310 1029 495 1066 Valerius.
539 1029 735 1078 Principio
759 1028 849 1064 anni
875 1039 1013 1064 aversae
1034 1039 1131 1062 curae
1151 1025 1224 1061 ho-

110 1096 255 1132 minum
285 1100 373 1130 sunt
402 1107 424 1130 a
447 1093 548 1130 bello
576 1094 755 1136 Etrusco,
787 1093 889 1142 quod
917 1091 1145 1139 fugientium
1176 1101 1229 1126 ex*

111 1172 204 1208 agro
235 1159 442 1208 Pomptino
475 1172 611 1208 agmen
644 1164 800 1208 repente
829 1156 989 1192 inlatum
1018 1157 1059 1191 in
1090 1154 1224 1190 urbem

110 1222 260 1266 adtulit,
287 1223 463 1258 Antiates
490 1223 530 1258 in
560 1222 675 1258 armis
706 1234 800 1264 esse,
826 1221 1129 1268 Latinorumque
1151 1230 1220 1268 po-
1224 1221 1376 1252 Antiates

111 1287 219 1338 pulos
241 1288 483 1337 juventutem
512 1286 731 1322 submisisse
758 1286 805 1322 ad
830 1286 865 1321 id
886 1285 1053 1321 bellum·
1044 1311 1055 1328 ,
1088 1295 1133 1318 eo
1154 1274 1266 1318 ab*m
1284 1274 1393 1298 amns

110 1359 268 1387 nuentes
298 1350 490 1401 publicum
518 1349 634 1386 fuisse
665 1350 880 1392 consilium,
903 1348 1005 1399 quod
1027 1360 1106 1383 non
1132 1355 1226 1396 p1·o-'

109 1415 250 1451 hibitos
281 1414 543 1450 tantummodo
572 1413 808 1450 voluntarios
840 1414 1009 1450 dicerent
1041 1411 1220 1454 militare,

110 1479 173 1515 ubi
206 1478 357 1515 vellent.
412 1478 618 1514 Desielant
643 1478 727 1528 jam
759 1478 834 1514 ulla
865 1477 1057 1514 contemni
1089 1475 1221 1511 bella:

109 1544 236 1591 itaque
255 1548 406 1578 senatus
427 1542 512 1577 Diis
539 1555 698 1590 agere5
678 1543 831 1585 minias,
854 1543 956 1592 quod
978 1539 1187 1577 Camillus
1178 1551 1217 1574 ln
1230 1541 1369 1573 Camillo
1390 1551 1438 1573 re-

1231 1587 1340 1624 gimen
1363 1595 1434 1616 om-

1230 1629 1324 1659 nium
1344 1638 1391 1659 fe·

108 1670 237 1711 fuisse,
267 1669 298 1704 si
327 1670 494 1718 privatus
520 1676 642 1705 esset:
677 1676 714 1704 et
741 1669 894 1718 collegae
917 1669 1042 1711 fateri,
1062 1668 1217 1714 regimen
1232 1682 1303 1701 rum
1321 1672 1421 1700 colle-

108 1735 263 1768 οιηηὶιιηι
292 1745 423 1775 rerum,
459 1733 517 1768 ubi
549 1734 636 1780 quid
665 1733 781 1769 bellici
814 1735 957 1769 terroris
989 1733 1147 1779 ingruat,
1180 1714 1424 1789 ὶηὲῗηξῖεῐωη·

108 1799 184 1833 viro
209 1808 278 1832 uno
303 1808 399 1831 esse:
426 1796 560 1844 sibique
588 1797 803 1832 destinatum
830 1798 865 1832 ὶη
891 1798 1011 1832 animo
1036 1807 1120 1837 esse,
1149 1794 1220 1831 Ca-

107 1862 208 1897 millo
233 1860 439 1895 submittere
468 1861 679 1908 imperium:
710 1872 775 1896 nec
799 1861 993 1908 quidquam
1024 1860 1066 1895 de
1092 1857 1221 1903 majes-

109 1929 182 1960 tate
208 1936 274 1959 sua
305 1924 503 1958 detractum
533 1925 684 1966 credere,
720 1925 814 1972 quod
844 1922 1026 1970 majestati
1051 1920 1125 1968 ejus
1151 1923 1227 1959 viri

108 1989 358 2024 concessissent.
396 1986 644 2023 conlaudatis
663 1987 710 2024 ab
732 1995 866 2024 senatu
884 1987 1061 2031 tribunis,
1082 1992 1121 2022 et
1138 1986 1225 2037 ipse

108 2051 304 2094 Camillus,
342 2050 521 2086 confusus
559 2051 702 2095 animo,
740 2052 881 2100 gratias
919 2051 1010 2100 egit.
1074 2051 1218 2098 Ingens,
1249 2075 1257 2081 -

106 2115 194 2151 inde
222 2114 289 2157 ait,
321 2127 407 2150 onus
430 2127 453 2150 a
475 2115 612 2163 populo
632 2114 797 2151 Romano
819 2116 898 2158 sibi,
919 2117 981 2163 qui
1003 2126 1040 2150 se
1063 2115 1219 2151 dictato-

106 2190 181 2214 rem
190 2177 271 2224 jam
290 2183 458 2226 quart-um
476 2183 639 2222 creasset,
659 2191 828 2226 magnum
846 2191 869 2215 a
885 2183 1010 2215 senatu
1028 2177 1158 2214 talibus
1175 2178 1235 2214 de.
1263 2221 1266 2225 ⁴

104 2253 142 2277 se
165 2239 316 2287 judiciis
343 2241 417 2288 ejus
448 2243 593 2286 ordinis,
627 2244 825 2280 ‘maximum
857 2247 932 2279 tam
965 2242 1221 2278 honoratorum

105 2306 325 2354 collegarum
353 2306 512 2356 obsequio
545 2305 698 2355 injungi.
754 2308 882 2358 Itaque
909 2309 940 2345 si
971 2307 1057 2356 quid
1090 2306 1220 2344 laboris

630 2370 707 2410 Τ5

111 1606 335 1652 maoistratu
354 1611 476 1641 esset:
510 1605 735 1641 dictatorem
751 1606 888 1654 quippe
914 1604 1112 1641 dicendum
1133 1614 1241 1638 eum
