1573 2598
361 116 514 145 mnan
536 114 655 145 vm.
688 113 796 144 cAP.
819 114 942 144 xxx.
1120 110 1205 158 575

93 200 206 257 cujus*
232 205 285 242 rei
314 205 448 242 vitium
473 217 551 242 non
576 205 615 242 in
641 203 732 242 belli
757 209 948 248 eventum,
969 202 1071 253 quod
1095 215 1203 254 pros·
1217 206 1261 239 U.
1272 206 1310 238 C.
1326 212 1401 238 4200

94 282 183 321 pere
202 275 350 319 gestum
379 276 450 312 est,
480 269 545 306 sed
573 269 613 306 in
641 268 785 305 rabiem
812 273 925 316 atque
947 268 1022 304 iras
1042 267 1206 319 impera-
1217 251 1307 282 A‘C'
1324 256 1399 281 3²²⁹

93 339 221 369 torum
241 333 376 369 vertit:
409 345 572 382 namque
600 332 774 382 Papirius
805 332 982 374 dictator,
1003 344 1026 368 a
1044 331 1207 382 pullario

92 397 276 439 monitus,
307 409 423 445 quum
453 396 501 433 ad
529 396 738 446 auspicium
767 395 1013 446 repetendum
1041 394 1208 433 Romam

93 459 409 511 proficisceretur,
447 459 631 508 magistro
664 460 835 509 equitum
871 459 1128 503 denunciavit,
1165 465 1208 496 ut

91 536 174 561 sese
201 523 286 561 loco
316 530 478 569 teneret,
509 537 596 568 neu,
625 524 782 561 absente
804 537 858 568 se,
886 537 972 561 cum
994 524 1105 560 hoste
1126 536 1207 559 ma-

91 600 184 625 num
213 577 440 626 consereret.
497 589 638 625 Fabius
669 602 783 638 quum
813 595 900 639 post
928 587 1206 640 profectionem
1220 588 1336 620 Fabius

51 652 56 657 ’
91 652 288 688 dictatoris
308 664 375 702 per
394 652 652 702 exploratores
674 654 933 704 comperisset,
950 651 1104 702 perinde
1124 664 1205 688 om·
1218 642 1372 706 32Ξῇξὲ

90 716 156 751 nia
184 715 310 751 soluta
341 715 442 765 apud
473 715 628 769 hostes,v
653 729 696 753 ac
727 718 758 752 si
791 729 904 753 nemo
935 716 1135 753 Romanus
1164 716 1204 752 in
1218 718 1383 755 dictatore,

91 779 248 815 Samnio
268 785 366 815 esset
379 795 389 824 3
423 792 490 815 seu
517 779 626 816 ferox
649 780 867 817 adolescens
893 780 1121 829 indignitate
1141 793 1203 816 ac-

90 854 239 886 census,
260 842 362 891 quod
381 843 511 878 omnia
532 843 572 878 in
597 843 784 879 dictatore
802 844 1019 880 viderentur
1037 844 1206 894 reposita

90 918 192 951 esse3
225 918 292 942 scu
311 906 512 942 occasione
531 905 628 942 bene
648 907 822 955 gerendae
841 908 895 943 rei
916 907 1112 952 inductus3
1139 920 1205 945 ex·

1217 804 1307 844 gerit.

91 971 211 1007 ercitu
230 970 417 1006 instructo
437 977 647 1021 paratoque
670 971 862 1021 profectus
890 971 937 1007 ad
964 971 1204 1016 Imbrinium,

93 1035 166 1083 (ita
193 1041 333 1072 vocant
361 1035 504 1083 locum)
537 1036 617 1072 acie
646 1048 731 1072 cum
759 1035 992 1071 Samnitibus
1020 1036 1205 1074 conflixit.

90 1099 151 1136 Ea
167 1098 323 1135 fortuna
341 1112 478 1149 pugnae
497 1099 584 1142 fuit,
607 1106 648 1135 ut
671 1098 767 1135 nihil
786 1098 959 1135 relictum
979 1099 1041 1142 sit,
1062 1111 1152 1148 quo,
1173 1099 1205 1135 si

91 1163 271 1199 adfuisset
290 1163 467 1206 dictator,
489 1176 546 1200 res
567 1164 700 1200 melius
722 1164 802 1212 geri
821 1164 1008 1213 potuerit:
1030 1175 1107 1199 non
1129 1163 1206 1200 dux

89 1227 216 1271 militi,
235 1241 315 1264 non
341 1228 447 1264 miles
469 1228 554 1264 duci
575 1228 706 1265 defuit.
749 1228 878 1277 Eques
899 1228 1028 1271 etiam,
1049 1233 1206 1264 auctore

90 1292 136 1329 L.
159 1292 336 1329 Cominio
365 1292 521 1329 tribuno
551 1292 729 1336 militum,
753 1293 818 1342 qui
844 1292 1044 1342 aliquoties
1072 1292 1205 1343 inpetu

91 1363 204 1406 capto
232 1369 473 1407 perrumpere
503 1370 580 1393 uon
606 1363 759 1407 poterat
777 1357 946 1392 hostium
965 1369 1117 1405 agmen,
1138 1356 1204 1393 de-

88 1422 207 1457 traxit
231 1421 359 1457 frenos
387 1422 516 1471 equis;
550 1428 664 1470 atque
685 1422 738 1457 ita
758 1421 971 1457 concitatos
993 1420 1222 1457 calcaribus‘

87 1486 271 1536 permisit,
299 1492 342 1521 ut
366 1486 551 1521 sustinere
578 1498 642 1521 eos
671 1485 777 1521 nulla
796 1485 850 1521 vis
871 1491 1023 1535 posset:
1057 1498 1123 1535 per
1142 1497 1203 1521 ar-

87 1561 163 1592 ma,
193 1561 260 1599 per
287 1549 387 1585 viros
417 1548 493 1584 late
521 1554 686 1597 stragem
707 1549 854 1584 dedere.
911 1548 1069 1584 Secutus
1090 1549 1202 1599 pedes

88 1613 259 1662 inpetum
289 1614 472 1661 equitum,
503 1612 664 1648 turbatis
698 1612 875 1648 hostibus
912 1612 1043 1649 intulit
1079 1613 1201 1661 signa.

88 1676 237 1724 Viginti
256 1676 375 1712 millia
393 1676 561 1711 hostium
581 1688 678 1711 exesa
697 1688 742 1711 eo
763 1675 823 1711 die
842 1676 1055 1712 traduntur.
1098 1677 1202 1713 Auc-

86 1747 189 1777 tores
208 1740 348 1783 habeo,
368 1740 425 1776 bis
447 1753 532 1776 cum
560 1740 671 1776 hoste
697 1740 805 1789 signa
827 1740 994 1784 conlata,
1015 1740 1202 1777 dictatore

88 1805 259 1848 absente,
279 1805 337 1840 bis
358 1817 437 1840 rem
457 1805 607 1853 egregie
628 1810 788 1853 gestam.
843 1804 956 1854 Apud
983 1805 1201 1853 antiquissi-

87 1882 169 1905 mos
199 1869 402 1918 scriptores
433 1881 508 1904 una
539 1869 620 1904 haec
646 1880 775 1919 pugna
802 1869 1018 1905 invenitur:
1051 1869 1091 1905 in
1116 1869 1201 1918 qui-

87 1932 245 1969 busdam
278 1931 477 1968 annalibus
507 1938 591 1968 tota
620 1945 677 1968 res
707 1932 959 1981 praetermissa
988 1938 1057 1969 est.
1112 1932 1201 1969 Ma-

88 1998 204 2045 gister
233 1996 417 2045 equitum,
455 2002 497 2031 ut
533 2009 580 2032 ex
616 2002 725 2032 tanta
753 1997 868 2039 caede,
897 1996 1026 2033 multis
1055 1997 1201 2046 potitus

87 2059 231 2109 spoliiS,
252 2065 434 2108 congesta
453 2060 491 2095 in
512 2060 706 2108 ingentem
725 2072 899 2096 acervum
922 2059 1078 2096 hostilia
1095 2073 1201 2097 arma

88 2123 239 2159 subdito
269 2124 356 2172 igne
384 2126 663 2160 concremavit:
704 2137 768 2160 seu
797 2131 928 2160 votum
957 2124 995 2160 id
1026 2123 1199 2162 Deorum

88 2187 252 2237 cuipiam
280 2187 376 2233 fuit;
415 2201 481 2224 seu
510 2189 660 2225 credere
690 2188 783 2225 libet
811 2189 932 2225 Fabio
961 2189 1122 2231 auctori,
1151 2201 1198 2226 eo

85 2250 243 2296 factum,
262 2264 310 2288 ne
330 2265 405 2288 suae
425 2252 555 2301 gloriae
575 2253 742 2290 fructum
762 2254 924 2290 dictator
943 2259 1109 2305 caperet,
1126 2266 1196 2290 no-

1217 771 1285 791 rem
1299 761 1382 792 bene
1429 769 1432 773 ’
