1573 2598
320 144 404 197 488
748 156 795 185 T.
821 155 953 186 mvn

129 249 216 279 U.C.
235 253 401 283 397·esse.
461 245 558 287 Quid
582 245 676 281 enim
700 245 804 282 aliud
827 257 899 282 esse
923 256 1054 282 caussae
1071 244 1265 289 credemus,
1288 257 1351 282 cur
1374 258 1433 284 ve-

125 294 165 323 Α·
179 292 216 322 C'
234 297 308 322 ‘³⁵⁵'
322 314 464 346 teranus
482 311 566 352 dux,
581 308 806 358 fortissimus
831 310 935 354 bello,
959 310 1176 359 compressis,
1197 311 1292 359 quod
1316 313 1432 354 aiunt,

317 375 480 411 manibus
505 375 658 410 sedeas.9
691 379 881 424 utcumque
909 377 1001 411 enim
1028 386 1065 411 se
1100 374 1203 411 habet
1230 386 1298 419 res,
1330 379 1364 411 te
1392 377 1434 412 de

315 443 439 475 nostra
455 440 588 475 virtute
606 438 783 475 dubitasse
801 440 927 482 videri,
949 451 1057 488 quam
1077 451 1140 475 nos
1159 438 1202 474 de
1221 443 1298 482 tua,
1318 440 1434 476 verius

314 507 378 553 est.
435 502 502 538 Sin
520 507 641 538 autem
656 514 727 538 non
753 507 855 539 tuum
879 505 982 546 istuc,
1001 504 1063 539 sed
1076 503 1261 552 publicum
1279 507 1330 539 est
1347 515 1432 539 con-

315 567 448 610 silium,
470 571 505 602 et
523 579 705 603 consensus
723 568 854 616 aliquis
872 569 1042 611 Patrum,
1062 580 1133 604 non
1158 568 1337 604 Gallicum
1359 567 1432 604 bel·

315 633 402 676 lum,
421 644 484 668 nos
511 632 555 668 ab
572 632 669 676 urbe,
699 644 723 668 a
737 632 924 681 penatibus
949 635 1078 670 nostris
1105 633 1287 681 ablegatos
1315 637 1432 677 tenet3

315 708 442 746 quaeso,
473 701 514 733 ut
543 708 598 741 ea,
623 709 701 745 quae
719 698 851 740 dicam,
877 709 950 734 non
974 710 999 734 a
1025 697 1196 734 militibus
1224 698 1434 746 imperatori

314 765 414 802 dicta
442 777 593 808 censeas,
626 765 688 801 sed
715 777 740 801 a
771 765 874 813 plebe
906 764 1078 802 Patribus
1088 781 1100 809 ,-
1135 776 1224 813 quae,
1253 766 1346 802 sicut
1373 775 1434 801 vos

312 832 430 865 vestra
459 827 617 865 habeatis
645 829 805 871 consilia,
834 829 886 865 sic
911 841 949 865 se
983 841 1050 866 sua
1081 828 1286 874 habituram
1322 830 1432 866 dicati

316 893 403 934 Quis
432 893 577 929 tandem
603 897 817 935 succenseat,
846 893 978 929 milites
1011 905 1074 929 nos
1106 904 1189 935 esse,
1219 904 1291 929 non
1319 904 1434 930 servos

310 958 476 993 vestros?
503 958 553 993 acl
580 957 723 1000 bellum,
751 969 824 993 non
851 958 889 992 in
916 957 1092 1000 exsilium,
1121 958 1276 994 missos?
1301 958 1332 994 si
1357 959 1434 1006 quis

312 1022 373 1058 det
390 1022 546 1069 signum,
565 1023 604 1057 in
622 1023 735 1057 aciem
759 1022 902 1064 educat,
921 1025 964 1057 ut
987 1023 1073 1058 viris
1099 1034 1143 1059 ac
1161 1021 1336 1058 Romanis
1352 1022 1432 1070 dig-

310 1097 397 1122 num
424 1087 485 1130 sit,
513 1088 772 1135 pugnaturos?
797 1087 830 1123 si
856 1086 949 1122 nihil
977 1087 1087 1123 armis
1116 1098 1205 1135 opus
1231 1087 1293 1129 sit,
1319 1087 1434 1123 otium

312 1149 439 1186 Romae
452 1152 588 1199 potius,
609 1163 716 1200 quam
733 1152 772 1187 in
790 1153 928 1194 castris,
949 1156 1092 1189 acturos
1105 1153 1127 1188 ‚9
1154 1152 1227 1188 hoec
1245 1153 1344 1189 dicta
1360 1153 1433 1189 sint

312 1213 495 1251 Patribus.
558 1215 618 1258 Te,
640 1216 850 1263 imperator,
869 1216 1002 1252 milites
1027 1217 1082 1252 tui
1100 1227 1257 1259 oramus,
1277 1219 1319 1252 ut
1334 1215 1432 1253 nobis

285 1309 288 1313 .
304 1280 495 1328 pugnandi
517 1281 660 1328 copiam
672 1279 800 1329 facias
811 1296 825 1317 .·
856 1292 967 1329 quum
988 1281 1128 1317 vincere
1152 1282 1328 1329 cupimus,
1355 1285 1432 1317 tum

309 1347 346 1380 te
363 1344 451 1380 duce
468 1345 629 1388 vincere5
658 1343 722 1380 tibi
751 1345 913 1381 lauream
936 1346 1108 1393 insignem
1126 1343 1267 1393 deferre
1277 1360 1290 1388 ;
1320 1349 1436 1383 tecum

309 1409 571 1456 triumphantes
589 1409 713 1445 urbem
731 1410 823 1445 inire
833 1426 846 1454 ‚-
877 1414 979 1446 tuum
1002 1408 1182 1458 sequentes
1199 1421 1344 1445 currum
1361 1409 1431 1446 Jo-

307 1474 362 1509 vis
381 1475 510 1522 optimi
528 1475 676 1510 maximi
696 1474 869 1523 templum
884 1478 1073 1522 gratantes
1091 1478 1299 1522 ovantesque
1317 1474 1430 1512 adire.

311 1536 537 1573 Orationem
568 1536 687 1574 Tullii
724 1543 956 1588 exceperunt
991 1549 1121 1588 preces
1147 1536 1428 1584 multitudini83

310 1606 349 1637 et
368 1600 547 1650 undique,
564 1607 607 1638 ut
625 1602 777 1651 signum
792 1601 912 1646 daret,
935 1607 977 1638 ut
989 1614 1124 1654 capere
1143 1614 1247 1639 arma
1258 1600 1429 1653 juberet,

309 1664 539 1703 clamabant.

363 1728 476 1766 XIV.
504 1729 698 1774 Dictator,
726 1742 954 1779 quamquam
980 1742 1060 1766 rem
1085 1728 1228 1767 bonam
1254 1729 1431 1781 exemplo

309 1793 412 1830 haud
447 1793 639 1844 probabili
675 1800 798 1831 actam
832 1794 1026 1838 cernebat,
1063 1800 1192 1830 tamen
1222 1793 1428 1839 facturum,

310 1858 412 1908 quod
426 1858 566 1895 milites
585 1858 739 1903 vellent,
757 1872 796 1895 se
810 1859 977 1909 recepit3
1008 1858 1253 1908 Tulliumque
1267 1865 1428 1903 secreto,

311 1934 486 1971 quaenam
499 1923 580 1959 haec
594 1936 651 1959 res
665 1924 728 1967 sit,
745 1931 811 1961 aut
823 1937 899 1973 quo
915 1931 1000 1960 acta
1015 1936 1133 1967 more,
1148 1929 1428 1974 percunctatur.

307 1985 458 2023 Tullius
480 1999 711 2037 magnopere
736 2000 759 2024 a
777 1988 964 2025 dictatore
988 1995 1131 2039 petere,
1150 2000 1195 2024 ne
1220 2000 1257 2024 se
1280 1988 1429 2025 oblitum

311 2051 508 2099 disciplinae
524 2053 707 2096 militaris,
724 2065 769 2089 ne
793 2054 862 2095 sai,
889 2065 976 2089 neve
996 2054 1236 2102 imperatoriae
1260 2051 1428 2099 majesta-

311 2115 367 2157 tis,
389 2116 572 2152 crederet:
599 2117 827 2154 wialtitudini
853 2118 1052 2160 concitatae,
1073 2129 1149 2165 quoe
1163 2116 1286 2166 ferme
1305 2123 1428 2154 (tueto-

308 2179 406 2215 ribas
431 2180 558 2216 similis
585 2185 682 2224 esset,
713 2193 783 2217 non
810 2181 1022 2218 subtraxisse
1049 2193 1086 2217 se
1104 2183 1254 2225 ducem3
1281 2194 1326 2218 ize
1353 2183 1431 2231 quis

309 2242 417 2285 alius,
439 2244 561 2291 quales
585 2249 685 2281 mota
706 2256 827 2282 creare
850 2246 1045 2282 multitudo
1068 2246 1209 2288 soleret,
1236 2247 1429 2283 exsisteret.

311 2306 411 2343 Nam
437 2319 473 2344 se
498 2309 636 2357 quidem
668 2309 760 2347 nihil
788 2322 857 2347 non
889 2309 1038 2347 arbitrio
1066 2311 1292 2360 imperatoris
1326 2314 1429 2347 actu-
