1573 2598
142 218 187 251 U.
197 220 234 252 C.
251 227 324 257 ³70-

139 262 181 294 A.
196 263 232 296 C.
250 271 323 297 382.

139 468 224 518 victi
239 471 316 503 νοι-

137 521 182 544 SCX
186 534 193 543 .

334 118 420 167 426
788 130 834 160 T.
858 129 990 159 mvn

339 221 508 254 terrorem
525 223 718 266 equestrem
736 221 918 268 occupatis
935 221 1009 256 alio
1033 230 1170 270 pavore
1184 220 1278 270 infer
1290 239 1301 258 :
1329 223 1443 260 invec-

339 286 462 329 tusque
490 283 631 318 ordines
662 286 901 332 pugnantium
936 286 1079 332 dissipa.
1137 285 1199 321 Sic
1231 297 1358 336 eques,
1391 287 1443 325 sie

336 344 465 395 pedeS,
495 352 537 382 ut
564 353 808 397 praeeeperat,
838 355 1035 398 pugnant:
1068 361 1139 386 nec
1157 349 1234 386 dux
1258 348 1442 398 legiones,

335 420 405 445 nec
424 408 580 446 fortuna
597 409 732 447 fefellit
751 411 897 448 ducem.

387 472 506 510 XIII.
534 473 745 511 Multitudo
772 475 956 520 hostium,
985 476 1079 513 nulli
1104 477 1172 519 rei,
1193 484 1444 527 praeterquam

333 549 506 582 numerO,
533 537 644 581 freta,
678 545 716 575 et
741 539 859 576 oculis
893 546 1090 590 utramque
1115 541 1275 577 metiens
1305 541 1440 584 aciem,

333 606 474 637 temere
493 600 669 651 proelium
694 602 793 646 iniit,
819 609 960 640 temere
983 604 1136 640 omisit:
1172 603 1336 641 clamore
1354 611 1440 640 tan·

333 669 416 700 tum
443 664 723 715 missilibusque
750 665 834 702 telis
864 672 903 703 et
930 668 1053 717 primo
1078 679 1212 717 pugnae
1237 668 1368 717 inpetu
1387 667 1442 704 fe-

332 739 418 772 rox,
448 727 592 777 gladios
621 739 659 765 et
687 730 881 767 conlatum
909 731 1043 782 pedem
1071 738 1109 767 et
1138 730 1284 768 vultum
1304 731 1441 774 hostis,

333 794 465 832 ardore
493 793 610 831 animi
638 795 855 838 micantem,
876 795 973 832 ferre
992 808 1071 832 non
1091 797 1230 846 potuit.
1286 795 1443 846 Inpulsa

332 856 438 894 frons
467 859 601 909 prIma,
632 865 670 895 et
698 859 901 909 trepidatio
924 859 1101 896 subsidiis
1124 859 1256 902 inlata,
1277 865 1314 896 et
1334 871 1443 896 suum

332 926 517 958 terrorem
544 921 674 958 intulit
702 934 837 971 equest
871 924 973 972 rupti
1000 923 1087 959 inde
1111 922 1239 959 multis
1264 922 1359 959 loeis
1379 935 1442 959 or-

331 985 453 1030 dines,
486 992 666 1036 motaque
699 987 840 1029 omnia,
877 993 916 1022 et
947 986 1146 1023 fluctuanti
1179 985 1310 1023 similis
1344 987 1443 1023 acies

332 1057 414 1087 erat
432 1064 439 1085 :
472 1051 621 1095 deinde,
645 1057 861 1102 postquam,
882 1051 1102 1088 cadentibus
1122 1051 1267 1102 primis,
1291 1049 1375 1101 jam
1395 1050 1442 1087 ad

333 1127 373 1151 se
392 1115 549 1164 quisque
577 1122 842 1166 perventuram
861 1116 1001 1152 caedem
1021 1115 1214 1158 cernebat,
1233 1121 1341 1163 terga
1358 1126 1442 1151 ver-

329 1183 430 1216 tunt,
485 1178 635 1215 Instare
664 1178 862 1217 Romanus
879 1194 890 1224 3
923 1184 974 1222 et,
997 1178 1117 1215 donec
1136 1178 1271 1214 armati
1290 1177 1441 1215 confer·

328 1239 435 1288 tique
463 1239 634 1284 abibant,
664 1242 835 1291 peditum
858 1240 968 1277 labor
993 1241 1032 1277 in
1060 1240 1319 1292 persequendo
1337 1240 1436 1277 fuit:

327 1312 531 1357 postquam
558 1305 699 1356 jactari
727 1319 832 1343 arma
859 1307 1012 1356 passim,
1042 1305 1208 1354 fugaque
1235 1317 1302 1355 per
1327 1315 1439 1353 agros

329 1370 458 1420 spargi
477 1370 596 1407 aciem
614 1371 783 1407 hostium
803 1371 1104 1407 animadversum
1123 1375 1200 1415 est;
1231 1374 1313 1404 tum
1332 1367 1438 1417 equi·

327 1439 411 1470 tum
438 1440 572 1471 turmae
601 1435 760 1478 emissae,
791 1434 880 1470 dato
910 1435 1035 1483 signo,
1054 1446 1117 1477 ne,
1144 1434 1183 1469 in
1204 1431 1439 1481 singulorum

328 1499 514 1535 morando
534 1499 647 1542 caede,
669 1499 833 1548 spatium
852 1499 899 1534 ad
919 1498 1150 1534 evadendum
1168 1497 1322 1533 interim
1340 1495 1438 1533 mul-

326 1561 482 1598 titudini
502 1562 634 1598 darent
652 1577 660 1598 ε
693 1563 782 1598 satis
804 1574 897 1604 esse,
917 1561 1121 1598 missilibus
1148 1572 1191 1596 ae
1217 1566 1360 1596 terrore
1379 1559 1437 1594 in-

327 1626 457 1677 pedire
485 1638 649 1669 cursum,
680 1625 1013 1674 obequitandoque
1038 1636 1174 1673 agmen
1193 1623 1328 1665 teneri,
1349 1622 1438 1659 dum

329 1689 485 1738 adsequi
504 1689 616 1739 pedes
636 1695 674 1725 et
682 1687 791 1738 justa
809 1688 910 1724 caede
926 1687 1110 1724 conficere
1128 1687 1278 1723 hostem
1297 1691 1438 1736 posset.

328 1751 446 1801 Fugae
466 1753 719 1802 sequendique
734 1764 813 1788 non
832 1757 920 1787 ante
939 1757 1092 1787 noctem
1111 1750 1194 1787 finis
1211 1749 1301 1786 fuit:
1328 1754 1439 1799 capta

328 1827 480 1865 quoque
513 1828 556 1851 ac
592 1815 739 1866 direpta
775 1815 907 1851 eodem
943 1814 1003 1850 die
1036 1820 1159 1849 castra
1195 1811 1436 1854 Volscorum,

328 1879 529 1929 praedaque
558 1877 697 1920 onmis,
727 1884 862 1928 praeter
880 1876 999 1913 libera
1018 1889 1191 1926 corpora,
1211 1874 1322 1911 militi
1345 1887 1436 1910 con-

327 1953 433 1978 cessa
462 1948 531 1978 est.
587 1941 678 1977 Pars
704 1941 869 1977 maxima
891 1941 1125 1990 captivorum
1146 1952 1192 1974 ex
1210 1938 1358 1974 Latinis
1379 1944 1436 1974 at-

327 2017 401 2053 que
421 2004 598 2040 Hernicis
619 2004 691 2041 fuit
708 2019 716 2039 t
748 2016 818 2040 nec
837 2004 1034 2039 hominum
1060 2003 1104 2039 de
1132 2002 1254 2052 plebe,
1277 2008 1316 2037 ut
1336 2003 1436 2038 credi

329 2075 458 2119 posset
477 2069 646 2104 mercede
675 2068 869 2110 militasse,
897 2067 961 2103 sed
990 2067 1176 2118 principes
1197 2066 1348 2114 quidam
1369 2065 1435 2115 ju-

329 2132 493 2169 ventutis
523 2131 680 2173 inventi,
711 2129 911 2167 manifesta
940 2129 1044 2172 fides,
1075 2129 1225 2179 publica
1251 2141 1322 2179 ope
1344 2128 1434 2164 Vol-

328 2206 412 2231 scos
443 2195 571 2230 hostes
599 2193 762 2244 adjutos.
810 2193 1080 2229 Circeiensium
1110 2204 1258 2241 quoque
1284 2191 1434 2240 quidum

328 2258 488 2307 cogniti,
524 2265 562 2297 et
593 2258 718 2300 coloni
751 2269 773 2296 a
805 2256 983 2295 Velitris:
1027 2255 1266 2309 Romamque
1303 2268 1432 2297 omues
