1573 2598
316 197 407 253 376
778 206 825 235 τ.
848 204 982 236 mvn

315 302 571 352 nequidquam
603 299 783 336 exterrita
814 299 984 342 civitate,
1021 297 1140 336 literae
1175 312 1198 336 a
1228 299 1429 338 Postumio

314 367 493 404 laureatae
519 369 752 414 sequuntur:
784 363 983 399 victoriam
1012 362 1144 413 populi
1171 363 1340 402 Romani
1368 377 1429 402 es-

318 442 359 466 se
374 446 384 476 5
419 429 633 478 AEquorum
653 427 858 462 exercitum
879 426 1056 463 deletum.

372 492 531 530 XXIX.
559 490 818 527 Tribunorum
854 489 974 540 plebis
1013 491 1182 528 actiones
1212 491 1302 541 quia
1331 503 1431 528 non-

319 557 409 593 dum
428 557 650 593 invenerant
669 555 795 598 finem,
817 562 854 591 et
877 555 981 604 plebs
1003 557 1226 592 continuare
1245 555 1430 592 latoribus

318 620 412 670 legis
431 621 681 662 tribunatum,
702 626 740 655 et
759 619 889 655 Patres
909 620 1061 656 reficere
1086 621 1352 656 intercessores
1378 619 1432 656 le-

319 684 377 733 gis
402 684 524 721 adnisi
547 690 658 719 sunt:
691 684 754 719 sed
781 682 863 733 plus
883 683 959 718 suis
980 684 1142 720 comitiis
1163 683 1268 734 plebs
1288 683 1430 719 valuit:

321 761 430 797 quem
452 747 620 784 dolorem
642 747 708 782 ulti
731 747 861 783 Patres
882 753 983 789 sunt,
1001 746 1332 783 senatusconsulto
1351 746 1431 782 fac-

320 817 377 856 to,
404 818 447 847 ut
475 811 662 853 consules,
687 811 827 846 invisus
856 809 956 859 plebi
980 812 1236 859 magistratus,
1261 823 1434 847 crearen-

124 883 167 913 U.
180 883 217 913 C.
234 882 394 914 tumtur.
449 876 605 911 Annum
636 879 723 924 post
749 875 922 922 quintum
945 875 1131 911 decimum
1158 875 1273 911 creati
1297 887 1434 911 consu-

121 927 164 957 Α·
181 927 308 959 C·³9⁰‘
321 940 374 977 les
402 940 449 977 L.
469 940 671 976 Lucretius
700 938 852 981 Flavus,
881 940 959 975 Ser.
981 940 1168 988 Sulpicius
1199 940 1435 977 Camerinus,

320 1003 515 1053 Principio
543 1001 656 1051 hujus
686 1002 790 1043 anni,
813 1001 1005 1044 ferociter,
1026 1003 1114 1050 quia
1141 1015 1255 1038 nemo
1283 1015 1328 1038 ex
1355 1002 1434 1039 col-

318 1067 421 1116 legio
441 1067 711 1103 intercessurus
735 1072 829 1108 erat,
850 1067 991 1102 coortis
1019 1066 1066 1103 ad
1095 1066 1356 1117 perferendam
1380 1065 1434 1102 le-

319 1142 405 1180 gem
430 1130 592 1167 tribunis
619 1129 757 1181 plebis,
779 1142 849 1165 nec
875 1130 1026 1179 segnius
1051 1131 1102 1167 ob
1131 1131 1168 1167 id
1196 1131 1319 1181 ipsum
1341 1142 1435 1166 con·

319 1192 462 1231 sulibus
488 1192 766 1235 resistentibus,
787 1194 967 1242 omnique
986 1193 1139 1230 civitate
1160 1194 1196 1230 in
1217 1205 1332 1230 unam
1350 1206 1435 1230 eam-

318 1268 448 1293 curam
477 1268 672 1298 conversa,
704 1255 895 1292 Vitelliam
925 1255 1117 1293 coloniam
1145 1257 1360 1293 Romanam
1394 1257 1434 1293 in

319 1321 391 1356 sm)
409 1331 501 1369 agro
521 1319 639 1368 AEqui
666 1325 912 1368 expugnant:
946 1319 1170 1356 colonorum
1199 1331 1283 1370 pars
1313 1320 1434 1356 maxi-

319 1395 382 1419 ma
406 1382 620 1425 incolumis,
649 1383 738 1430 quia
761 1388 875 1419 nocte
900 1383 1116 1432 proditione
1139 1383 1320 1434 oppidum
1346 1395 1434 1433 cap-

320 1453 400 1483 tum
425 1446 582 1482 liberam
611 1459 678 1496 per
707 1458 839 1482 aversa
864 1445 966 1482 urbis
996 1446 1127 1495 fugam
1159 1447 1329 1492 dederat,
1351 1446 1434 1484 Ro·

320 1523 421 1547 mam
450 1510 660 1560 pei-fugere.
715 1510 763 1546 L.
782 1509 966 1547 Lucretio
995 1510 1141 1547 consuli
1169 1524 1214 1547 ea
1242 1511 1440 1561 provincia

322 1574 472 1611 evenit:
506 1575 551 1616 is,
578 1586 663 1609 cum
693 1573 861 1609 exercitu
889 1573 1097 1623 profectus,
1124 1575 1204 1610 acie
1232 1575 1361 1611 hostes
1381 1574 1436 1610 vi-

323 1638 402 1684 cit3
434 1639 629 1686 victorque
659 1636 825 1673 Romam
855 1637 902 1673 ad
937 1636 1058 1686 majus
1088 1637 1285 1687 aliquanto
1313 1643 1435 1674 certa-

106 1710 183 1741 Duo
197 1715 235 1740 tr.
251 1708 296 1749 pl.
323 1714 409 1738 men
438 1702 546 1739 redit.
602 1700 697 1737 Dies
721 1701 823 1738 dicta
846 1706 927 1737 erat
950 1700 1119 1737 tribunis
1146 1701 1268 1751 plebis
1293 1701 1440 1738 biennii

105 1753 263 1828 ἓὲῗιξξέῗῖ
281 1759 311 1782 et
324 1767 526 1817 superioris
557 1767 602 1802 A.
626 1765 800 1815 Virginio
828 1771 866 1802 et
894 1765 943 1805 Q.
964 1765 1208 1816 Pomponio:
1247 1777 1341 1815 quos
1369 1765 1438 1802 de-

321 1831 424 1868 fendi
455 1831 612 1866 Pati-um
645 1841 832 1866 consensu
864 1829 912 1866 ad
941 1829 1052 1866 fidem
1084 1837 1237 1866 senatus
1270 1830 1436 1879 pertiue-

321 1895 410 1931 bat:
442 1907 564 1943 neque
584 1894 684 1929 euim
705 1905 769 1930 eos
788 1899 855 1929 aut
873 1893 959 1929 vitae
983 1893 1062 1930 ullo
1084 1894 1239 1929 crimine
1264 1892 1341 1929 alio
1369 1898 1436 1929 aut

321 1959 418 2007 gesti
455 1959 697 2005 magistratus
727 1957 925 2006 quisquam
957 1957 1154 2006 arguebat,
1184 1962 1441 2007 praeterquam

321 2021 437 2070 quod,
475 2021 730 2070 gratificantes
764 2021 956 2063 Patribus,
990 2021 1183 2069 rogationi
1218 2019 1438 2057 tribuniciae-

320 2084 634 2121 intercessissent.
691 2084 794 2119 Vicit
811 2089 939 2120 tamen
959 2084 1119 2133 gratiam
1139 2090 1291 2120 senatus
1314 2083 1437 2134 plebis

322 2148 405 2192 ira›;
437 2154 475 2184 et
497 2147 660 2197 pessimo
679 2146 855 2197 exemplo
873 2147 1019 2184 innoxii
1039 2147 1144 2184 denis
1165 2147 1328 2184 millibus
1349 2135 1437 2197 grass

195 2257 201 2263 ἠ
323 2212 378 2246 vis
409 2212 490 2247 aeris
521 2211 763 2247 condemnati
791 2217 891 2247 sunt.
947 2210 994 2246 ld
1023 2223 1120 2259 aegre
1149 2211 1250 2261 passi
1275 2211 1432 2248 Patres:

108 2256 272 2331 Ξῖᾞζιίξζῖ
326 2274 508 2311 Camillus
536 2274 661 2325 palam
683 2274 831 2312 sceleris
862 2274 1010 2325 plebem
1039 2287 1219 2324 arguere:
1250 2274 1439 2325 quae,jam

108 2345 143 2417 ἒ]
161 2343 288 2381 plebem
326 2341 364 2376 in
382 2352 461 2377 suos
478 2352 592 2385 versa,
612 2351 684 2378 non
706 2340 936 2388 intelligeret,
954 2351 991 2378 se
1008 2352 1124 2391 pravo
1135 2338 1279 2388 judicio
1303 2342 1347 2377 de
1369 2340 1437 2376 tri-

138 2395 206 2416 om.
