1573 2598
307 125 389 181 236
772 138 818 167 r.
843 137 975 167 mvn

304 239 370 262 cro
387 232 535 268 monte,
555 224 747 274 proditum
769 225 959 261 memoriae
980 231 1036 260 est
1053 240 1063 270 3
1097 232 1135 261 et
1152 225 1209 263 M.
1229 226 1415 271 Duilium,

304 290 368 339 qui
402 289 639 326 tribunatum
672 289 860 337 insignem
889 295 978 325 ante
1007 290 1237 327 decemviros
1268 299 1415 329 creatos

304 359 486 402 gesserat,
517 366 586 389 nec
614 353 654 388 in
684 353 991 390 decemviralibus
1015 355 1285 398 certaminibus
1314 356 1417 406 plebi

305 417 487 454 defuerat.
545 417 619 467 Spe
642 417 775 453 deinde
799 418 935 466 magis,
963 430 1075 466 quam
1104 419 1263 463 meritis,
1291 418 1416 463 electi,

303 480 361 518 M.
386 480 568 524 Titinius,
597 479 654 518 M.
679 480 928 530 Pomponius,
961 481 1004 517 C.
1024 481 1232 531 Apronius,
1262 482 1306 519 P.
1332 481 1417 518 Vil-

303 544 390 588 lius,
429 545 473 581 C.
500 544 660 596 Oppius.
715 544 930 581 Tribunatu
958 546 1069 588 inito,
1107 545 1155 582 L.
1184 546 1312 583 Icilius
1350 559 1416 583 ex-

303 608 447 660 templo
465 609 615 661 plebem
633 609 795 658 rogavit,
817 616 854 645 et
882 609 988 659 plebs
1015 610 1138 653 scivit,
1160 623 1208 646 ne
1231 611 1290 647 cui
1314 610 1417 647 frau-

304 672 342 708 di
359 679 458 709 esset
477 674 639 710 secessio
658 673 706 710 ab
726 673 944 710 decemviris
964 673 1078 711 facta.
1136 674 1351 711 Confestim
1371 675 1418 712 de

303 736 522 774 consulibus
549 738 718 774 creandis
749 751 834 774 cum
862 739 1135 788 provocatione
1164 738 1221 776 M.
1248 738 1417 775 Duillius

302 801 543 850 rogationem
570 800 738 852 pertulit.
794 801 854 838 Ea
876 802 1004 837 omnia
1023 802 1061 837 in
1081 803 1199 852 pratis
1219 802 1417 839 Flaminiis

303 864 467 900 concilio
491 864 612 915 plebis
642 871 740 909 acta,
761 877 873 914 quem
895 877 996 901 nunc
1019 865 1161 901 circum
1186 865 1417 903 Flaminium

303 928 507 979 adpellant.

87 1011 131 1044 U·
149 1012 185 1043 C,
203 1016 276 1044 306.
356 992 441 1029 LV.
478 992 552 1028 Per
589 992 816 1042 interregem
844 993 978 1029 deinde
1008 992 1180 1029 consules
1210 993 1341 1039 creati,
1370 994 1418 1032 L.

86 1056 128 1086 A·
145 1056 182 1087 C·
199 1061 273 1088 ⁴4⁶·
303 1058 492 1102 Valerius,
518 1058 576 1096 Μ.
599 1058 809 1105 Horatius;
842 1060 907 1109 qui
933 1058 1125 1110 extemplo
1151 1061 1418 1109 magistratum

304 1129 559 1173 occeperunt:
599 1136 761 1172 quorum
779 1118 998 1165 consulatus
1021 1123 1214 1174 popularis
1237 1125 1318 1161 sine
1340 1124 1417 1163 ulla

88 1202 186 1240 Leges
202 1201 234 1231 ῑη
303 1187 461 1225 Patrnm
489 1186 642 1237 injuria,
662 1200 732 1223 nec
759 1189 840 1224 sine
859 1188 1084 1224 obfensione
1106 1189 1204 1225 fuit:
1237 1189 1418 1238 quidquid

86 1244 222 1317 gssgiasm
305 1252 404 1288 enim
425 1251 592 1287 libertati
614 1251 735 1301 plebis
755 1258 962 1295 caveretur,
984 1252 1020 1288 id
1040 1253 1115 1288 suis
1135 1252 1313 1288 decedere
1333 1253 1417 1302 opi-

85 1296 108 1327 p
190 1309 198 1317 ⁰
303 1315 373 1352 bus
404 1313 618 1351 credebant.
676 1314 858 1351 Omnium
887 1316 1064 1365 primum,
1091 1328 1207 1364 quum
1233 1314 1348 1350 veluti
1377 1316 1418 1351 in

302 1385 548 1414 controverso
565 1377 654 1428 jure
680 1384 792 1421 esset,
819 1384 1088 1414 tenerenturne
1116 1378 1247 1414 Patres
1277 1378 1417 1428 plebis-

302 1442 401 1484 citis,
422 1441 546 1490 legem
566 1442 785 1477 centuriatis
810 1443 973 1477 comitiis
995 1442 1127 1485 tulere,
1154 1443 1215 1484 Ut,
1237 1442 1331 1490 quod
1351 1443 1417 1478 tri-

302 1508 413 1544 butim
429 1508 547 1556 plebes
562 1506 733 1554 jussisset,
753 1509 927 1556 populum
948 1513 1078 1544 teneret
1093 1524 1104 1544 .·
1133 1520 1208 1556 qua
1236 1507 1319 1555 lege
1346 1508 1416 1543 tri-

299 1570 461 1608 buniciis
492 1570 755 1619 rogationibus
784 1570 900 1606 telum
933 1572 1158 1607 acerrimum
1187 1570 1317 1606 datum
1345 1576 1416 1607 est.

298 1624 427 1670 Aliam
456 1634 591 1670 deinde
620 1633 858 1670 consularem
894 1634 1017 1683 legem
1046 1634 1092 1670 de
1128 1633 1414 1684 provocatione,

300 1699 454 1734 unicum
483 1699 697 1748 praesidium
726 1698 928 1742 libertatis,
959 1697 1197 1735 decemvirali
1226 1702 1417 1748 potestate

300 1775 483 1805 eversam,
503 1775 582 1798 non
611 1763 817 1798 restituunt
841 1762 970 1805 modo,
992 1761 1056 1798 sed
1079 1762 1193 1797 etiam
1220 1761 1258 1797 in
1287 1766 1416 1810 poste-

299 1838 383 1862 rum
413 1826 602 1869 muniunt,
631 1826 836 1862 sanciendo
864 1838 1002 1861 novam
1032 1825 1167 1873 legem,
1190 1825 1247 1860 Ne
1264 1825 1342 1872 quis
1359 1824 1416 1859 ul-

299 1891 374 1925 lum
402 1892 651 1937 magistratum
679 1892 753 1925 sine
776 1891 1028 1938 provocatione
1057 1893 1218 1926 crearet:
1251 1889 1312 1936 qui
1340 1899 1415 1923 cre-

298 1959 402 1996 asset,
425 1966 504 1990 enm
523 1953 586 2000 jus
603 1954 740 2003 fasque
756 1958 842 1990 esset
860 1955 1000 1989 occidi:
1027 1965 1111 1989 neve
1128 1965 1169 1988 ea
1188 1953 1297 1988 caedes
1315 1953 1415 2000 capi-

300 2019 382 2055 talis
399 2030 498 2054 noxae
517 2018 713 2055 haberetur.
768 2017 822 2054 Et
848 2030 962 2066 quum
986 2016 1134 2067 plebem
1160 2017 1249 2052 hinc
1276 2028 1413 2066 provo-

299 2083 464 2125 catione,
502 2081 591 2118 hinc
628 2082 833 2118 tribunicio
877 2080 1018 2117 auxilio
1056 2081 1147 2116 satis
1186 2080 1413 2122 firmassent,

299 2147 389 2196 ipsis
410 2159 558 2196 quoqne
577 2147 753 2190 tribunis,
771 2153 813 2182 ut
832 2145 1063 2182 sacrosancti
1078 2145 1309 2188 viderentur,
1329 2145 1414 2192 (cu-

291 2210 357 2260 jus
387 2212 439 2246 rei
469 2223 586 2261 prope
609 2210 692 2261 jam
715 2211 898 2248 memoria
924 2209 1160 2253 aboleverat)
1183 2208 1310 2259 relatis
1330 2208 1414 2258 qui-

299 2274 456 2311 busdam
486 2287 533 2311 cx
569 2287 708 2324 magno
746 2272 946 2310 intervallo
980 2260 1219 2316 ceremoniis,
1254 2261 1413 2308 renova-
