1573 2598
345 133 430 189 582
795 146 840 178 Τ.
870 149 1002 179 mvn

150 234 197 264 U.
210 236 247 266 C.
260 243 409 271 women
425 237 471 278 ei,
492 237 552 283 qui
577 236 741 271 adversus
762 236 898 273 dictum
919 250 1035 281 suum,
1056 239 1204 275 turbatis
1225 240 1463 288 religionibus:

150 278 192 308 Δ·
207 279 243 310 C·
259 285 333 322 ‘⁵²²'
344 311 388 334 ac
406 299 520 334 dubiis
537 300 715 353 auspici-is,
732 307 934 347 pugnasset,
956 303 1148 349 quidquam
1166 314 1208 338 εκ
1222 302 1325 349 justa
1346 315 1462 352 poena.

341 363 581 399 remissurum.
637 361 810 409 Majestas
834 366 973 413 imperii
1000 372 1174 413 perpetua
1198 379 1242 402 ne
1260 373 1359 410 esset,
1379 380 1450 404 nou

339 437 411 461 esse
435 427 472 461 in
495 438 558 461 sua
582 431 773 474 potestate.
829 427 873 463 L.
890 428 1081 475 Papirium
1100 429 1191 465 nihil
1209 431 1253 466 de
1271 429 1343 476 ejus
1362 429 1448 476 jure

341 489 627 525 deminuturum:
653 489 792 537 optare,
812 502 857 526 ne
869 496 1027 538 potestas
1053 492 1251 535 tribunicia,
1273 494 1448 530 inviolata

338 553 431 600 ipsa,
451 554 558 588 violet
582 554 825 589 intercessione
848 567 913 589 sua
936 553 1135 591 Romanum
1155 557 1357 604 imperium,
1378 568 1446 593 neu

334 617 491 664 populus
518 618 555 652 in
578 629 614 653 se
637 619 860 664 potissimum
886 619 1096 654 dictatorem
1124 624 1158 655 et
1177 618 1240 665 jus
1258 621 1447 657 dictatum:

339 684 553 729 exstinguat.
611 683 716 723 Quod
743 684 773 718 si
789 682 952 731 fecisset,
982 696 1052 720 non
1086 684 1130 722 L.
1152 686 1357 733 Papirium,
1384 686 1448 722 sed

337 745 508 788 tribunos,
540 746 603 781 sed
636 757 789 793 pravum
821 747 951 794 populi
977 745 1170 792 judicium,
1207 750 1447 796 nequidquam

334 814 494 856 posteros
512 814 737 845 accusaturos
749 825 760 845 .·
780 823 901 857 quum,
920 811 1061 857 polluta
1079 812 1185 847 semel
1203 813 1354 848 militari
1373 814 1445 848 dis-

336 872 485 919 ciplina,
515 884 586 907 non
617 873 719 908 miles
747 874 973 915 centurionis,
1006 885 1078 909 non
1107 875 1264 909 centurio
1296 875 1442 917 tribuni,

333 947 406 971 non
426 935 586 971 tribunus
604 937 726 984 legati,
746 948 818 972 non
843 937 981 984 legatus
1003 938 1167 980 consulis,
1187 949 1258 973 non
1276 939 1445 985 magister

334 1000 495 1046 equitum
522 1000 708 1035 dictatoris
736 1004 867 1047 pareat
898 1000 1072 1048 imperim
1115 1012 1216 1037 nemo
1245 1001 1443 1044 hominum,

331 1073 437 1097 nemo
456 1063 621 1098 Deorum
648 1064 896 1099 verecundiam
921 1063 1047 1099 habeat
1059 1078 1070 1108 3
1100 1075 1172 1100 non
1196 1065 1312 1101 edicta
1329 1066 1443 1113 impe-

332 1130 510 1169 ratorum,
546 1138 618 1162 non
653 1127 816 1175 auspicia
847 1127 1070 1164 observentur
1083 1143 1093 1173 3
1139 1129 1214 1164 sine
1244 1133 1443 1165 commeatu

332 1190 416 1236 vagi
443 1190 573 1225 milites
604 1191 641 1225 in
665 1195 810 1237 pacate,
843 1191 880 1226 in
913 1190 1046 1227 hostico
1076 1196 1206 1235 errent,
1235 1192 1443 1228 inmemores

332 1253 560 1295 sacramenti,
592 1253 736 1289 licentia
762 1254 839 1289 sola
864 1265 914 1296 se,
943 1254 1004 1290 ubi
1029 1254 1155 1297 velint,
1184 1259 1413 1291 exauctorem
1425 1269 1437 1299 ;

332 1316 572 1365 infrequentia
599 1318 807 1353 deserantur
832 1319 956 1365 signa;
987 1330 1098 1367 neque
1130 1320 1360 1355 conveniatur
1390 1319 1440 1354 ad

331 1381 497 1423 edictum,
518 1392 582 1416 nec
609 1381 841 1424 discernatur,
867 1382 1026 1418 interdiu
1053 1387 1168 1426 nocte,
1194 1394 1293 1431 aequo
1317 1383 1440 1430 iniquo

331 1443 420 1486 loco,
432 1442 536 1489 jussu
559 1442 692 1490 injussu
720 1445 953 1492 imperatoris·
966 1451 1126 1494 pugnent
1138 1461 1148 1491 3
1181 1450 1216 1483 et
1233 1458 1303 1483 non
1318 1448 1437 1494 signa,

327 1519 400 1543 non
417 1509 555 1543 ordines
570 1513 708 1544 servent
716 1524 726 1553 3
760 1509 942 1544 latrocinii
962 1511 1067 1545 modo
1092 1522 1184 1546 caeca
1208 1515 1244 1546 et
1256 1509 1436 1558 fortuita,

325 1584 395 1620 pro
412 1572 574 1608 sollemni
597 1577 633 1608 et
649 1577 793 1608 sacrata
815 1574 949 1609 militia
975 1574 1033 1609 sit.
1088 1573 1229 1610 Horum
1249 1575 1438 1610 criminum

327 1647 390 1671 vos
412 1647 489 1671 reos
511 1637 547 1671 in
571 1637 691 1672 omnia
713 1637 833 1672 secula
857 1636 1002 1685 obferte,
1026 1638 1159 1674 tribuni
1174 1637 1290 1686 plebi:
1319 1641 1436 1673 vestra

329 1699 480 1735 obnoaeia
498 1702 619 1748 capita
634 1712 701 1748 pro
721 1701 867 1736 licentia
892 1702 935 1742 Q.
955 1702 1055 1737 Fabii
1074 1701 1222 1747 objicite.

382 1762 556 1800 XXXV.
587 1763 788 1813 Stupentes
810 1763 983 1800 tribunos
1010 1770 1048 1800 et
1077 1776 1181 1801 suam
1203 1763 1285 1814 jam
1314 1764 1436 1801 vicem

328 1827 449 1875 magis
469 1827 616 1870 anxios,
637 1840 747 1876 quam
765 1827 860 1878 ejus,
878 1829 935 1865 cui
957 1828 1139 1867 auxilium
1159 1829 1206 1866 ab
1223 1841 1262 1865 se
1277 1827 1434 1879 peteba-

327 1895 404 1933 tur,
433 1890 607 1927 liberavit
634 1904 748 1928 onere
782 1905 986 1930 consensus
1015 1894 1144 1945 populi
1178 1892 1359 1936 Romani,
1387 1891 1435 1928 ad

328 1966 455 2004 preces
476 1960 514 1990 et
533 1954 827 1993 obtestationem
846 1970 986 2002 versus,
1009 1964 1047 1994 ut
1075 1957 1145 1993 sibi
1172 1968 1323 2007 poenam
1353 1968 1433 1991 ma-

136 2017 172 2052 P·
186 2017 226 2073 R:
242 2027 316 2052 exo·
329 2018 436 2071 gistri
456 2018 623 2071 equitum
639 2018 803 2058 dic-tator
816 2022 1035 2057 remitteret.
1090 2019 1251 2057 Tribuni
1267 2029 1432 2066 quoque,

134 2068 296 2142 :gie‘ir'fita—
329 2087 546 2123 inclinatam
574 2098 651 2122 rem
677 2085 714 2121 in
735 2097 862 2135 preces
883 2083 1116 2132 subsequuti,
1137 2093 1243 2117 orare
1268 2081 1431 2116 dictato·

328 2163 406 2188 rem
440 2151 632 2192 insistunt,
665 2156 705 2185 ut
742 2150 889 2185 veniam
922 2148 1038 2183 errori
1071 2148 1250 2187 humano,
1281 2144 1427 2180 veniam

328 2213 590 2251 adolescentiae
620 2213 667 2252 Q.
694 2212 801 2249 Fabii
835 2212 962 2247 daret:
995 2211 1084 2246 satis
1117 2221 1200 2244 eum
1233 2219 1430 2258 poenarum

325 2277 482 2314 dedisse.
538 2277 624 2314 Jam
643 2277 721 2328 ipse
742 2275 973 2317 adolescens,
988 2273 1069 2324 jam
1090 2281 1195 2325 pater
1213 2271 1270 2308 M.
1290 2270 1430 2307 Fabiu·
