<?xml version="1.0" encoding="UTF-8"?>
<!DOCTYPE html PUBLIC "-//W3C//DTD XHTML 1.0 Transitional//EN"
    "http://www.w3.org/TR/xhtml1/DTD/xhtml1-transitional.dtd">
<html xmlns="http://www.w3.org/1999/xhtml" xml:lang="en" lang="en">
 <head>
  <title>
</title>
<meta http-equiv="Content-Type" content="text/html;charset=utf-8" />
  <meta name='ocr-system' content='tesseract 3.04.00' />
  <meta name='ocr-capabilities' content='ocr_page ocr_carea ocr_par ocr_line ocrx_word'/>
</head>
<body>
  <div class='ocr_page' id='page_1' title='image "./historiarumquaes01livyuoft/historiarumquaes01livyuoft_0111.png"; bbox 0 0 1573 2598; ppageno 0'>
   <div class='ocr_carea' id='block_1_1' title="bbox 402 162 1205 198">
    <p class='ocr_par' dir='ltr' id='par_1_1' title="bbox 402 162 1205 198">
     <span class='ocr_line' id='line_1_1' title="bbox 402 162 1205 198; baseline -0.006 0"><span class='ocrx_word' id='word_1_1' title='bbox 402 167 559 198; x_wconf 80' lang='lat' dir='ltr'>LIBER</span> <span class='ocrx_word' id='word_1_2' title='bbox 583 163 642 195; x_wconf 84' lang='lat'>11.</span> <span class='ocrx_word' id='word_1_3' title='bbox 675 162 783 195; x_wconf 75' lang='lat' dir='ltr'>cAP.</span> <span class='ocrx_word' id='word_1_4' title='bbox 801 162 878 196; x_wconf 75' lang='lat' dir='ltr'>xl.</span> <span class='ocrx_word' id='word_1_5' title='bbox 1126 162 1205 194; x_wconf 88' lang='lat'>101</span> 
     </span>
    </p>
   </div>
   <div class='ocr_carea' id='block_1_2' title="bbox 89 248 1408 2298">
    <p class='ocr_par' dir='ltr' id='par_1_2' title="bbox 89 248 1408 2298">
     <span class='ocr_line' id='line_1_2' title="bbox 92 248 1408 306; baseline -0.009 -10"><span class='ocrx_word' id='word_1_6' title='bbox 92 257 269 297; x_wconf 84' lang='lat' dir='ltr'>Jauiculo</span> <span class='ocrx_word' id='word_1_7' title='bbox 297 256 438 300; x_wconf 87' lang='lat' dir='ltr'>locato,</span> <span class='ocrx_word' id='word_1_8' title='bbox 468 255 549 306; x_wconf 90' lang='lat' dir='ltr'>ipse</span> <span class='ocrx_word' id='word_1_9' title='bbox 576 253 615 290; x_wconf 87' lang='lat' dir='ltr'>in</span> <span class='ocrx_word' id='word_1_10' title='bbox 642 251 759 304; x_wconf 87' lang='lat' dir='ltr'>plano</span> <span class='ocrx_word' id='word_1_11' title='bbox 787 251 954 304; x_wconf 83' lang='lat' dir='ltr'>ripisque</span> <span class='ocrx_word' id='word_1_12' title='bbox 969 248 1120 290; x_wconf 86' lang='lat' dir='ltr'>Tiberis</span> <span class='ocrx_word' id='word_1_13' title='bbox 1142 264 1205 290; x_wconf 88' lang='lat' dir='ltr'>ca·</span> <span class='ocrx_word' id='word_1_14' title='bbox 1217 254 1260 286; x_wconf 91' lang='lat' dir='ltr'>U.</span> <span class='ocrx_word' id='word_1_15' title='bbox 1277 252 1314 285; x_wconf 89' lang='lat' dir='ltr'>C.</span> <span class='ocrx_word' id='word_1_16' title='bbox 1332 257 1408 285; x_wconf 74' lang='lat'>246.</span> 
     </span>
     <span class='ocr_line' id='line_1_3' title="bbox 93 297 1404 373; baseline -0.005 -14"><span class='ocrx_word' id='word_1_17' title='bbox 93 329 172 359; x_wconf 87' lang='lat' dir='ltr'>stra</span> <span class='ocrx_word' id='word_1_18' title='bbox 199 322 353 373; x_wconf 76' lang='lat' dir='ltr'>posuit3</span> <span class='ocrx_word' id='word_1_19' title='bbox 384 318 542 356; x_wconf 80' lang='lat' dir='ltr'>navibus</span> <span class='ocrx_word' id='word_1_20' title='bbox 572 316 738 366; x_wconf 72' lang='lat' dir='ltr'>unquue</span> <span class='ocrx_word' id='word_1_21' title='bbox 767 316 916 360; x_wconf 85' lang='lat' dir='ltr'>adcitis,</span> <span class='ocrx_word' id='word_1_22' title='bbox 936 322 976 352; x_wconf 89' lang='lat' dir='ltr'>et</span> <span class='ocrx_word' id='word_1_23' title='bbox 1003 315 1051 352; x_wconf 87' lang='lat' dir='ltr'>ad</span> <span class='ocrx_word' id='word_1_24' title='bbox 1078 322 1206 354; x_wconf 88' lang='lat' dir='ltr'>custo·</span> <span class='ocrx_word' id='word_1_25' title='bbox 1218 299 1258 331; x_wconf 70' lang='grc' dir='ltr'>Α·</span> <span class='ocrx_word' id='word_1_26' title='bbox 1274 297 1313 329; x_wconf 75' lang='lat' dir='ltr'>C‘</span> <span class='ocrx_word' id='word_1_27' title='bbox 1331 302 1404 329; x_wconf 77' lang='lat'><strong>⁵⁰⁶¹</strong></span> 
     </span>
     <span class='ocr_line' id='line_1_4' title="bbox 92 380 1208 435; baseline -0.005 -11"><span class='ocrx_word' id='word_1_28' title='bbox 92 387 207 430; x_wconf 83' lang='lat' dir='ltr'>diam,</span> <span class='ocrx_word' id='word_1_29' title='bbox 227 399 275 423; x_wconf 90' lang='lat' dir='ltr'>ne</span> <span class='ocrx_word' id='word_1_30' title='bbox 304 385 392 435; x_wconf 86' lang='lat' dir='ltr'>quid</span> <span class='ocrx_word' id='word_1_31' title='bbox 410 383 576 420; x_wconf 85' lang='lat' dir='ltr'>Romam</span> <span class='ocrx_word' id='word_1_32' title='bbox 603 381 784 418; x_wconf 85' lang='lat' dir='ltr'>frumenti</span> <span class='ocrx_word' id='word_1_33' title='bbox 811 380 968 418; x_wconf 84' lang='lat' dir='ltr'>subvehi</span> <span class='ocrx_word' id='word_1_34' title='bbox 995 381 1148 425; x_wconf 90' lang='lat' dir='ltr'>sineret,</span> <span class='ocrx_word' id='word_1_35' title='bbox 1169 387 1208 418; x_wconf 88' lang='lat' dir='ltr'>et</span> 
     </span>
     <span class='ocr_line' id='line_1_5' title="bbox 93 445 1209 502; baseline -0.004 -14"><span class='ocrx_word' id='word_1_36' title='bbox 93 458 135 488; x_wconf 89' lang='lat' dir='ltr'>ut</span> <span class='ocrx_word' id='word_1_37' title='bbox 171 450 379 502; x_wconf 76' lang='lat' dir='ltr'>praedatum</span> <span class='ocrx_word' id='word_1_38' title='bbox 414 447 551 485; x_wconf 83' lang='lat' dir='ltr'><strong>milites</strong></span> <span class='ocrx_word' id='word_1_39' title='bbox 579 452 684 483; x_wconf 84' lang='lat' dir='ltr'>trans</span> <span class='ocrx_word' id='word_1_40' title='bbox 711 445 853 483; x_wconf 90' lang='lat' dir='ltr'>flumen</span> <span class='ocrx_word' id='word_1_41' title='bbox 889 457 957 496; x_wconf 89' lang='lat' dir='ltr'>per</span> <span class='ocrx_word' id='word_1_42' title='bbox 988 446 1209 483; x_wconf 82' lang='lat' dir='ltr'>occasiones</span> 
     </span>
     <span class='ocr_line' id='line_1_6' title="bbox 93 510 1211 565; baseline -0.005 -12"><span class='ocrx_word' id='word_1_43' title='bbox 93 515 175 553; x_wconf 88' lang='lat' dir='ltr'>aliis</span> <span class='ocrx_word' id='word_1_44' title='bbox 207 522 319 565; x_wconf 85' lang='lat' dir='ltr'>atque</span> <span class='ocrx_word' id='word_1_45' title='bbox 343 513 425 550; x_wconf 89' lang='lat' dir='ltr'>aliis</span> <span class='ocrx_word' id='word_1_46' title='bbox 447 511 540 548; x_wconf 85' lang='lat' dir='ltr'>locis</span> <span class='ocrx_word' id='word_1_47' title='bbox 569 510 786 561; x_wconf 85' lang='lat' dir='ltr'><strong>trajiceret:</strong></span> <span class='ocrx_word' id='word_1_48' title='bbox 817 510 999 560; x_wconf 89' lang='lat' dir='ltr'>brevique</span> <span class='ocrx_word' id='word_1_49' title='bbox 1026 510 1121 547; x_wconf 88' lang='lat' dir='ltr'>adeo</span> <span class='ocrx_word' id='word_1_50' title='bbox 1150 511 1211 547; x_wconf 90' lang='lat' dir='ltr'>in·</span> 
     </span>
     <span class='ocr_line' id='line_1_7' title="bbox 93 575 1210 624; baseline -0.005 -7"><span class='ocrx_word' id='word_1_51' title='bbox 93 580 231 618; x_wconf 85' lang='lat' dir='ltr'>festum</span> <span class='ocrx_word' id='word_1_52' title='bbox 261 590 412 615; x_wconf 89' lang='lat' dir='ltr'>omnem</span> <span class='ocrx_word' id='word_1_53' title='bbox 440 576 660 613; x_wconf 85' lang='lat' dir='ltr'>Romanum</span> <span class='ocrx_word' id='word_1_54' title='bbox 689 587 823 624; x_wconf 85' lang='lat' dir='ltr'>agrum</span> <span class='ocrx_word' id='word_1_55' title='bbox 853 575 1030 619; x_wconf 85' lang='lat' dir='ltr'>reddidit,</span> <span class='ocrx_word' id='word_1_56' title='bbox 1059 580 1103 612; x_wconf 88' lang='lat' dir='ltr'>ut</span> <span class='ocrx_word' id='word_1_57' title='bbox 1128 586 1210 612; x_wconf 88' lang='lat' dir='ltr'>non</span> 
     </span>
     <span class='ocr_line' id='line_1_8' title="bbox 93 639 1212 691; baseline -0.004 -9"><span class='ocrx_word' id='word_1_58' title='bbox 93 650 219 682; x_wconf 84' lang='lat' dir='ltr'>cetera</span> <span class='ocrx_word' id='word_1_59' title='bbox 247 643 369 680; x_wconf 89' lang='lat' dir='ltr'>solum</span> <span class='ocrx_word' id='word_1_60' title='bbox 397 655 444 679; x_wconf 87' lang='lat' dir='ltr'>ex</span> <span class='ocrx_word' id='word_1_61' title='bbox 473 641 588 691; x_wconf 87' lang='lat' dir='ltr'>agris,</span> <span class='ocrx_word' id='word_1_62' title='bbox 618 640 683 677; x_wconf 89' lang='lat' dir='ltr'>sed</span> <span class='ocrx_word' id='word_1_63' title='bbox 711 652 825 691; x_wconf 90' lang='lat' dir='ltr'>pecus</span> <span class='ocrx_word' id='word_1_64' title='bbox 855 652 1006 690; x_wconf 91' lang='lat' dir='ltr'>quoque</span> <span class='ocrx_word' id='word_1_65' title='bbox 1030 652 1143 677; x_wconf 88' lang='lat' dir='ltr'>omne</span> <span class='ocrx_word' id='word_1_66' title='bbox 1172 639 1212 677; x_wconf 89' lang='lat' dir='ltr'>in</span> 
     </span>
     <span class='ocr_line' id='line_1_9' title="bbox 92 705 1212 758; baseline -0.004 -12"><span class='ocrx_word' id='word_1_67' title='bbox 92 707 225 746; x_wconf 86' lang='lat' dir='ltr'>urbem</span> <span class='ocrx_word' id='word_1_68' title='bbox 250 706 552 758; x_wconf 86' lang='lat' dir='ltr'>compelleretur,</span> <span class='ocrx_word' id='word_1_69' title='bbox 575 718 698 755; x_wconf 88' lang='lat' dir='ltr'>neque</span> <span class='ocrx_word' id='word_1_70' title='bbox 723 705 922 755; x_wconf 91' lang='lat' dir='ltr'>quisquam</span> <span class='ocrx_word' id='word_1_71' title='bbox 948 712 1056 742; x_wconf 84' lang='lat' dir='ltr'>extra</span> <span class='ocrx_word' id='word_1_72' title='bbox 1081 711 1212 756; x_wconf 87' lang='lat' dir='ltr'>portas</span> 
     </span>
     <span class='ocr_line' id='line_1_10' title="bbox 90 767 1213 825; baseline -0.005 -15"><span class='ocrx_word' id='word_1_73' title='bbox 90 770 301 825; x_wconf 81' lang='lat' dir='ltr'>propellere</span> <span class='ocrx_word' id='word_1_74' title='bbox 323 770 490 809; x_wconf 86' lang='lat' dir='ltr'>auderet.</span> <span class='ocrx_word' id='word_1_75' title='bbox 545 768 635 807; x_wconf 92' lang='lat' dir='ltr'>Hoc</span> <span class='ocrx_word' id='word_1_76' title='bbox 662 775 814 806; x_wconf 84' lang='lat' dir='ltr'>tantum</span> <span class='ocrx_word' id='word_1_77' title='bbox 841 768 1004 806; x_wconf 80' lang='lat' dir='ltr'>licentiae</span> <span class='ocrx_word' id='word_1_78' title='bbox 1023 767 1213 812; x_wconf 85' lang='lat' dir='ltr'>Etruscis,</span> 
     </span>
     <span class='ocr_line' id='line_1_11' title="bbox 92 833 1218 887; baseline -0.006 -12"><span class='ocrx_word' id='word_1_79' title='bbox 92 849 172 887; x_wconf 83' lang='lat' dir='ltr'>non</span> <span class='ocrx_word' id='word_1_80' title='bbox 199 843 304 874; x_wconf 86' lang='lat' dir='ltr'>metu</span> <span class='ocrx_word' id='word_1_81' title='bbox 328 836 464 886; x_wconf 87' lang='lat' dir='ltr'>magis,</span> <span class='ocrx_word' id='word_1_82' title='bbox 487 847 602 886; x_wconf 85' lang='lat' dir='ltr'>quam</span> <span class='ocrx_word' id='word_1_83' title='bbox 630 833 805 878; x_wconf 88' lang='lat' dir='ltr'>consilio,</span> <span class='ocrx_word' id='word_1_84' title='bbox 826 845 1070 870; x_wconf 86' lang='lat' dir='ltr'>concessum:</span> <span class='ocrx_word' id='word_1_85' title='bbox 1101 844 1218 869; x_wconf 85' lang='lat' dir='ltr'>nam--</span> 
     </span>
     <span class='ocr_line' id='line_1_12' title="bbox 93 895 1210 952; baseline -0.006 -12"><span class='ocrx_word' id='word_1_86' title='bbox 93 915 166 952; x_wconf 90' lang='lat' dir='ltr'>que</span> <span class='ocrx_word' id='word_1_87' title='bbox 184 901 357 939; x_wconf 87' lang='lat' dir='ltr'>Valerius</span> <span class='ocrx_word' id='word_1_88' title='bbox 378 899 525 944; x_wconf 90' lang='lat' dir='ltr'>consul,</span> <span class='ocrx_word' id='word_1_89' title='bbox 550 900 719 936; x_wconf 86' lang='lat' dir='ltr'>intentus</span> <span class='ocrx_word' id='word_1_90' title='bbox 745 899 786 935; x_wconf 88' lang='lat' dir='ltr'>in</span> <span class='ocrx_word' id='word_1_91' title='bbox 805 898 1047 935; x_wconf 86' lang='lat' dir='ltr'>occasionem</span> <span class='ocrx_word' id='word_1_92' title='bbox 1068 895 1210 934; x_wconf 84' lang='lat' dir='ltr'>multos</span> 
     </span>
     <span class='ocr_line' id='line_1_13' title="bbox 94 962 1219 1016; baseline -0.005 -13"><span class='ocrx_word' id='word_1_93' title='bbox 94 966 206 1004; x_wconf 85' lang='lat' dir='ltr'>simul</span> <span class='ocrx_word' id='word_1_94' title='bbox 233 972 272 1003; x_wconf 91' lang='lat' dir='ltr'>et</span> <span class='ocrx_word' id='word_1_95' title='bbox 299 966 436 1003; x_wconf 91' lang='lat' dir='ltr'>effusos</span> <span class='ocrx_word' id='word_1_96' title='bbox 464 965 660 1016; x_wconf 89' lang='lat' dir='ltr'>inproviso</span> <span class='ocrx_word' id='word_1_97' title='bbox 689 963 903 1007; x_wconf 83' lang='lat' dir='ltr'>adoriundi,</span> <span class='ocrx_word' id='word_1_98' title='bbox 931 963 970 1000; x_wconf 89' lang='lat' dir='ltr'>in</span> <span class='ocrx_word' id='word_1_99' title='bbox 998 962 1123 1013; x_wconf 83' lang='lat' dir='ltr'>parvis</span> <span class='ocrx_word' id='word_1_100' title='bbox 1152 973 1219 997; x_wconf 72' lang='lat' dir='ltr'>re·</span> 
     </span>
     <span class='ocr_line' id='line_1_14' title="bbox 93 1025 1213 1079; baseline -0.005 -12"><span class='ocrx_word' id='word_1_101' title='bbox 93 1028 165 1067; x_wconf 89' lang='lat' dir='ltr'>bus</span> <span class='ocrx_word' id='word_1_102' title='bbox 190 1029 388 1079; x_wconf 85' lang='lat' dir='ltr'>negligens</span> <span class='ocrx_word' id='word_1_103' title='bbox 407 1029 524 1073; x_wconf 86' lang='lat' dir='ltr'>ultor,</span> <span class='ocrx_word' id='word_1_104' title='bbox 543 1041 697 1078; x_wconf 89' lang='lat' dir='ltr'>gravem</span> <span class='ocrx_word' id='word_1_105' title='bbox 718 1040 758 1064; x_wconf 88' lang='lat' dir='ltr'>se</span> <span class='ocrx_word' id='word_1_106' title='bbox 784 1027 831 1064; x_wconf 88' lang='lat' dir='ltr'>ad</span> <span class='ocrx_word' id='word_1_107' title='bbox 859 1025 1007 1077; x_wconf 88' lang='lat' dir='ltr'>majora</span> <span class='ocrx_word' id='word_1_108' title='bbox 1024 1025 1213 1063; x_wconf 86' lang='lat' dir='ltr'>vindicem</span> 
     </span>
     <span class='ocr_line' id='line_1_15' title="bbox 91 1089 1212 1143; baseline -0.005 -13"><span class='ocrx_word' id='word_1_109' title='bbox 91 1093 277 1131; x_wconf 85' lang='lat' dir='ltr'>servabat.</span> <span class='ocrx_word' id='word_1_110' title='bbox 320 1093 469 1143; x_wconf 88' lang='lat' dir='ltr'>Itaque,</span> <span class='ocrx_word' id='word_1_111' title='bbox 489 1099 532 1129; x_wconf 84' lang='lat' dir='ltr'>ut</span> <span class='ocrx_word' id='word_1_112' title='bbox 551 1093 702 1130; x_wconf 84' lang='lat' dir='ltr'>eliceret</span> <span class='ocrx_word' id='word_1_113' title='bbox 722 1092 967 1143; x_wconf 70' lang='lat' dir='ltr'>praedatores,</span> <span class='ocrx_word' id='word_1_114' title='bbox 987 1090 1101 1127; x_wconf 89' lang='lat' dir='ltr'>edicit</span> <span class='ocrx_word' id='word_1_115' title='bbox 1119 1089 1212 1133; x_wconf 85' lang='lat' dir='ltr'>suis,</span> 
     </span>
     <span class='ocr_line' id='line_1_16' title="bbox 94 1157 1213 1208; baseline -0.005 -13"><span class='ocrx_word' id='word_1_116' title='bbox 94 1164 249 1208; x_wconf 90' lang='lat' dir='ltr'>postero</span> <span class='ocrx_word' id='word_1_117' title='bbox 279 1159 338 1195; x_wconf 89' lang='lat' dir='ltr'>die</span> <span class='ocrx_word' id='word_1_118' title='bbox 366 1158 582 1208; x_wconf 86' lang='lat' dir='ltr'>frequentes</span> <span class='ocrx_word' id='word_1_119' title='bbox 612 1164 725 1208; x_wconf 83' lang='lat' dir='ltr'>porta</span> <span class='ocrx_word' id='word_1_120' title='bbox 748 1157 963 1206; x_wconf 86' lang='lat' dir='ltr'>Esquilina,</span> <span class='ocrx_word' id='word_1_121' title='bbox 993 1168 1076 1204; x_wconf 85' lang='lat' dir='ltr'>quae</span> <span class='ocrx_word' id='word_1_122' title='bbox 1105 1165 1213 1190; x_wconf 88' lang='lat' dir='ltr'>aver-</span> 
     </span>
     <span class='ocr_line' id='line_1_17' title="bbox 95 1216 1215 1268; baseline -0.004 -11"><span class='ocrx_word' id='word_1_123' title='bbox 95 1221 244 1258; x_wconf 90' lang='lat' dir='ltr'>sissima</span> <span class='ocrx_word' id='word_1_124' title='bbox 262 1221 310 1259; x_wconf 90' lang='lat' dir='ltr'>ab</span> <span class='ocrx_word' id='word_1_125' title='bbox 330 1223 442 1259; x_wconf 89' lang='lat' dir='ltr'>hoste</span> <span class='ocrx_word' id='word_1_126' title='bbox 462 1229 557 1260; x_wconf 78' lang='lat' dir='ltr'>erat.</span> <span class='ocrx_word' id='word_1_127' title='bbox 578 1222 811 1268; x_wconf 73' lang='lat' dir='ltr'>expellerent</span> <span class='ocrx_word' id='word_1_128' title='bbox 831 1230 943 1267; x_wconf 88' lang='lat' dir='ltr'>pecus</span> <span class='ocrx_word' id='word_1_129' title='bbox 958 1233 969 1263; x_wconf 88' lang='lat'>;</span> <span class='ocrx_word' id='word_1_130' title='bbox 995 1218 1156 1253; x_wconf 84' lang='lat' dir='ltr'>scituros</span> <span class='ocrx_word' id='word_1_131' title='bbox 1174 1216 1215 1256; x_wconf 86' lang='lat' dir='ltr'>id</span> 
     </span>
     <span class='ocr_line' id='line_1_18' title="bbox 93 1280 1213 1333; baseline -0.004 -12"><span class='ocrx_word' id='word_1_132' title='bbox 93 1284 223 1322; x_wconf 87' lang='lat' dir='ltr'>hostes</span> <span class='ocrx_word' id='word_1_133' title='bbox 243 1289 361 1328; x_wconf 87' lang='lat' dir='ltr'>ratus,</span> <span class='ocrx_word' id='word_1_134' title='bbox 382 1283 484 1333; x_wconf 91' lang='lat' dir='ltr'>quod</span> <span class='ocrx_word' id='word_1_135' title='bbox 508 1283 549 1319; x_wconf 89' lang='lat' dir='ltr'>in</span> <span class='ocrx_word' id='word_1_136' title='bbox 574 1281 774 1318; x_wconf 82' lang='lat' dir='ltr'>obsidione</span> <span class='ocrx_word' id='word_1_137' title='bbox 794 1288 832 1318; x_wconf 89' lang='lat' dir='ltr'>et</span> <span class='ocrx_word' id='word_1_138' title='bbox 856 1280 957 1317; x_wconf 86' lang='lat' dir='ltr'>fame</span> <span class='ocrx_word' id='word_1_139' title='bbox 976 1281 1130 1317; x_wconf 82' lang='lat' dir='ltr'>servitia</span> <span class='ocrx_word' id='word_1_140' title='bbox 1153 1280 1213 1316; x_wconf 90' lang='lat' dir='ltr'>in-</span> 
     </span>
     <span class='ocr_line' id='line_1_19' title="bbox 95 1343 1214 1397; baseline -0.005 -11"><span class='ocrx_word' id='word_1_141' title='bbox 95 1348 170 1387; x_wconf 86' lang='lat' dir='ltr'>fida</span> <span class='ocrx_word' id='word_1_142' title='bbox 187 1347 483 1397; x_wconf 85' lang='lat' dir='ltr'>transfugerent.</span> <span class='ocrx_word' id='word_1_143' title='bbox 515 1346 569 1383; x_wconf 92' lang='lat' dir='ltr'>Et</span> <span class='ocrx_word' id='word_1_144' title='bbox 588 1347 706 1383; x_wconf 85' lang='lat' dir='ltr'>sciere</span> <span class='ocrx_word' id='word_1_145' title='bbox 724 1345 894 1396; x_wconf 86' lang='lat' dir='ltr'>perfugae</span> <span class='ocrx_word' id='word_1_146' title='bbox 913 1345 1056 1381; x_wconf 87' lang='lat' dir='ltr'>indicio</span> <span class='ocrx_word' id='word_1_147' title='bbox 1072 1360 1083 1391; x_wconf 82' lang='lat'>3</span> <span class='ocrx_word' id='word_1_148' title='bbox 1115 1343 1214 1381; x_wconf 89' lang='lat' dir='ltr'>mul-</span> 
     </span>
     <span class='ocr_line' id='line_1_20' title="bbox 94 1409 1215 1463; baseline -0.004 -13"><span class='ocrx_word' id='word_1_149' title='bbox 94 1419 211 1463; x_wconf 88' lang='lat' dir='ltr'>toque</span> <span class='ocrx_word' id='word_1_150' title='bbox 239 1412 379 1463; x_wconf 86' lang='lat' dir='ltr'>plures,</span> <span class='ocrx_word' id='word_1_151' title='bbox 410 1418 454 1449; x_wconf 92' lang='lat' dir='ltr'>ut</span> <span class='ocrx_word' id='word_1_152' title='bbox 481 1412 521 1448; x_wconf 90' lang='lat' dir='ltr'>in</span> <span class='ocrx_word' id='word_1_153' title='bbox 550 1423 655 1462; x_wconf 89' lang='lat' dir='ltr'>spem</span> <span class='ocrx_word' id='word_1_154' title='bbox 685 1411 867 1447; x_wconf 82' lang='lat' dir='ltr'>universae</span> <span class='ocrx_word' id='word_1_155' title='bbox 895 1410 1046 1460; x_wconf 85' lang='lat' dir='ltr'>praedae,</span> <span class='ocrx_word' id='word_1_156' title='bbox 1073 1409 1215 1446; x_wconf 88' lang='lat' dir='ltr'>flumen</span> 
     </span>
     <span class='ocr_line' id='line_1_21' title="bbox 95 1473 1215 1527; baseline -0.004 -14"><span class='ocrx_word' id='word_1_157' title='bbox 95 1476 304 1527; x_wconf 84' lang='lat' dir='ltr'>trajiciunt.</span> <span class='ocrx_word' id='word_1_158' title='bbox 360 1476 403 1513; x_wconf 93' lang='lat' dir='ltr'>P.</span> <span class='ocrx_word' id='word_1_159' title='bbox 433 1475 607 1511; x_wconf 82' lang='lat' dir='ltr'>Valerius</span> <span class='ocrx_word' id='word_1_160' title='bbox 644 1475 733 1510; x_wconf 91' lang='lat' dir='ltr'>inde</span> <span class='ocrx_word' id='word_1_161' title='bbox 769 1474 816 1511; x_wconf 91' lang='lat' dir='ltr'>T.</span> <span class='ocrx_word' id='word_1_162' title='bbox 845 1473 1091 1510; x_wconf 87' lang='lat' dir='ltr'>Herminium</span> <span class='ocrx_word' id='word_1_163' title='bbox 1128 1485 1215 1509; x_wconf 87' lang='lat' dir='ltr'>cum</span> 
     </span>
     <span class='ocr_line' id='line_1_22' title="bbox 94 1538 1216 1591; baseline -0.004 -13"><span class='ocrx_word' id='word_1_164' title='bbox 94 1541 251 1578; x_wconf 74' lang='lat' dir='ltr'>modicis</span> <span class='ocrx_word' id='word_1_165' title='bbox 273 1541 391 1591; x_wconf 88' lang='lat' dir='ltr'>copiis</span> <span class='ocrx_word' id='word_1_166' title='bbox 412 1541 459 1577; x_wconf 89' lang='lat' dir='ltr'>ad</span> <span class='ocrx_word' id='word_1_167' title='bbox 479 1539 685 1576; x_wconf 90' lang='lat' dir='ltr'>secundum</span> <span class='ocrx_word' id='word_1_168' title='bbox 711 1538 877 1589; x_wconf 83' lang='lat' dir='ltr'>lapidem</span> <span class='ocrx_word' id='word_1_169' title='bbox 897 1538 1050 1575; x_wconf 89' lang='lat' dir='ltr'>Gabina</span> <span class='ocrx_word' id='word_1_170' title='bbox 1068 1540 1129 1575; x_wconf 87' lang='lat' dir='ltr'>via</span> <span class='ocrx_word' id='word_1_171' title='bbox 1147 1550 1216 1575; x_wconf 90' lang='lat' dir='ltr'>oc·</span> 
     </span>
     <span class='ocr_line' id='line_1_23' title="bbox 95 1603 1255 1654; baseline -0.001 -12"><span class='ocrx_word' id='word_1_172' title='bbox 95 1605 238 1642; x_wconf 88' lang='lat' dir='ltr'>cultum</span> <span class='ocrx_word' id='word_1_173' title='bbox 261 1605 458 1641; x_wconf 88' lang='lat' dir='ltr'>considere</span> <span class='ocrx_word' id='word_1_174' title='bbox 477 1603 592 1654; x_wconf 84' lang='lat' dir='ltr'>jubet</span> <span class='ocrx_word' id='word_1_175' title='bbox 610 1618 618 1639; x_wconf 75' lang='lat' dir='ltr'>t</span> <span class='ocrx_word' id='word_1_176' title='bbox 651 1604 715 1654; x_wconf 88' lang='lat' dir='ltr'>Sp.</span> <span class='ocrx_word' id='word_1_177' title='bbox 736 1604 912 1640; x_wconf 89' lang='lat' dir='ltr'>Lartium</span> <span class='ocrx_word' id='word_1_178' title='bbox 930 1616 1017 1639; x_wconf 86' lang='lat' dir='ltr'>cum</span> <span class='ocrx_word' id='word_1_179' title='bbox 1037 1604 1215 1654; x_wconf 84' lang='lat' dir='ltr'>expedita</span> <span class='ocrx_word' id='word_1_180' title='bbox 1252 1616 1255 1619; x_wconf 73' lang='grc'>’</span> 
     </span>
     <span class='ocr_line' id='line_1_24' title="bbox 89 1668 1212 1720; baseline -0.001 -15"><span class='ocrx_word' id='word_1_181' title='bbox 89 1668 293 1720; x_wconf 85' lang='lat' dir='ltr'>juventute</span> <span class='ocrx_word' id='word_1_182' title='bbox 321 1670 367 1706; x_wconf 89' lang='lat' dir='ltr'>ad</span> <span class='ocrx_word' id='word_1_183' title='bbox 405 1675 557 1719; x_wconf 84' lang='lat' dir='ltr'>portam</span> <span class='ocrx_word' id='word_1_184' title='bbox 577 1668 768 1705; x_wconf 88' lang='lat' dir='ltr'>Collinam</span> <span class='ocrx_word' id='word_1_185' title='bbox 797 1674 911 1712; x_wconf 86' lang='lat' dir='ltr'>stare,</span> <span class='ocrx_word' id='word_1_186' title='bbox 941 1668 1062 1704; x_wconf 89' lang='lat' dir='ltr'>donec</span> <span class='ocrx_word' id='word_1_187' title='bbox 1090 1668 1212 1705; x_wconf 86' lang='lat' dir='ltr'>hostis</span> 
     </span>
     <span class='ocr_line' id='line_1_25' title="bbox 97 1731 1214 1783; baseline 0 -15"><span class='ocrx_word' id='word_1_188' title='bbox 97 1738 319 1783; x_wconf 83' lang='lat' dir='ltr'>praetereat:</span> <span class='ocrx_word' id='word_1_189' title='bbox 352 1732 487 1768; x_wconf 89' lang='lat' dir='ltr'>deinde</span> <span class='ocrx_word' id='word_1_190' title='bbox 509 1744 548 1768; x_wconf 88' lang='lat' dir='ltr'>se</span> <span class='ocrx_word' id='word_1_191' title='bbox 568 1731 750 1782; x_wconf 87' lang='lat' dir='ltr'>objicere,</span> <span class='ocrx_word' id='word_1_192' title='bbox 769 1745 819 1768; x_wconf 91' lang='lat' dir='ltr'>ne</span> <span class='ocrx_word' id='word_1_193' title='bbox 841 1733 890 1768; x_wconf 91' lang='lat' dir='ltr'>sit</span> <span class='ocrx_word' id='word_1_194' title='bbox 916 1731 963 1768; x_wconf 87' lang='lat' dir='ltr'>ad</span> <span class='ocrx_word' id='word_1_195' title='bbox 991 1732 1131 1768; x_wconf 91' lang='lat' dir='ltr'>flumen</span> <span class='ocrx_word' id='word_1_196' title='bbox 1153 1744 1214 1768; x_wconf 86' lang='lat' dir='ltr'>re·</span> 
     </span>
     <span class='ocr_line' id='line_1_26' title="bbox 97 1794 1216 1845; baseline 0.001 -14"><span class='ocrx_word' id='word_1_197' title='bbox 97 1796 211 1833; x_wconf 89' lang='lat' dir='ltr'>ditus.</span> <span class='ocrx_word' id='word_1_198' title='bbox 269 1794 480 1832; x_wconf 77' lang='lat' dir='ltr'>Consulum</span> <span class='ocrx_word' id='word_1_199' title='bbox 510 1794 605 1831; x_wconf 86' lang='lat' dir='ltr'>alter</span> <span class='ocrx_word' id='word_1_200' title='bbox 632 1795 680 1832; x_wconf 87' lang='lat' dir='ltr'>T.</span> <span class='ocrx_word' id='word_1_201' title='bbox 704 1794 907 1831; x_wconf 89' lang='lat' dir='ltr'>Lucretius</span> <span class='ocrx_word' id='word_1_202' title='bbox 939 1802 1052 1845; x_wconf 87' lang='lat' dir='ltr'>porta</span> <span class='ocrx_word' id='word_1_203' title='bbox 1079 1795 1216 1832; x_wconf 82' lang='lat' dir='ltr'>Naevia</span> 
     </span>
     <span class='ocr_line' id='line_1_27' title="bbox 97 1859 1214 1910; baseline 0.001 -14"><span class='ocrx_word' id='word_1_204' title='bbox 97 1872 183 1896; x_wconf 88' lang='lat' dir='ltr'>cum</span> <span class='ocrx_word' id='word_1_205' title='bbox 202 1859 347 1908; x_wconf 84' lang='lat' dir='ltr'>aliquot</span> <span class='ocrx_word' id='word_1_206' title='bbox 367 1859 569 1910; x_wconf 89' lang='lat' dir='ltr'>manipulis</span> <span class='ocrx_word' id='word_1_207' title='bbox 588 1859 753 1896; x_wconf 87' lang='lat' dir='ltr'>militum</span> <span class='ocrx_word' id='word_1_208' title='bbox 773 1872 944 1909; x_wconf 86' lang='lat' dir='ltr'>egressus</span> <span class='ocrx_word' id='word_1_209' title='bbox 960 1873 968 1895; x_wconf 94' lang='lat'>:</span> <span class='ocrx_word' id='word_1_210' title='bbox 1000 1861 1080 1910; x_wconf 90' lang='lat' dir='ltr'>ipse</span> <span class='ocrx_word' id='word_1_211' title='bbox 1099 1860 1214 1897; x_wconf 84' lang='lat' dir='ltr'>Vale-</span> 
     </span>
     <span class='ocr_line' id='line_1_28' title="bbox 98 1923 1216 1974; baseline 0.002 -15"><span class='ocrx_word' id='word_1_212' title='bbox 98 1925 174 1960; x_wconf 89' lang='lat' dir='ltr'>rius</span> <span class='ocrx_word' id='word_1_213' title='bbox 202 1923 326 1960; x_wconf 87' lang='lat' dir='ltr'>Coelio</span> <span class='ocrx_word' id='word_1_214' title='bbox 355 1930 487 1960; x_wconf 89' lang='lat' dir='ltr'>monte</span> <span class='ocrx_word' id='word_1_215' title='bbox 517 1924 693 1960; x_wconf 84' lang='lat' dir='ltr'>cohortes</span> <span class='ocrx_word' id='word_1_216' title='bbox 724 1923 888 1960; x_wconf 86' lang='lat' dir='ltr'>delectas</span> <span class='ocrx_word' id='word_1_217' title='bbox 918 1924 1067 1960; x_wconf 88' lang='lat' dir='ltr'>educit:</span> <span class='ocrx_word' id='word_1_218' title='bbox 1099 1925 1216 1974; x_wconf 89' lang='lat' dir='ltr'>hique</span> 
     </span>
     <span class='ocr_line' id='line_1_29' title="bbox 99 1986 1217 2037; baseline 0.004 -15"><span class='ocrx_word' id='word_1_219' title='bbox 99 1988 210 2037; x_wconf 87' lang='lat' dir='ltr'>primi</span> <span class='ocrx_word' id='word_1_220' title='bbox 239 1987 446 2037; x_wconf 87' lang='lat' dir='ltr'>adparuere</span> <span class='ocrx_word' id='word_1_221' title='bbox 474 1987 590 2024; x_wconf 82' lang='lat' dir='ltr'>hosti.</span> <span class='ocrx_word' id='word_1_222' title='bbox 646 1986 884 2031; x_wconf 88' lang='lat' dir='ltr'>Herminius,</span> <span class='ocrx_word' id='word_1_223' title='bbox 915 1988 981 2024; x_wconf 89' lang='lat' dir='ltr'>ubi</span> <span class='ocrx_word' id='word_1_224' title='bbox 1009 1989 1217 2026; x_wconf 82' lang='lat' dir='ltr'>tumultum</span> 
     </span>
     <span class='ocr_line' id='line_1_30' title="bbox 100 2051 1216 2101; baseline 0.004 -15"><span class='ocrx_word' id='word_1_225' title='bbox 100 2052 231 2095; x_wconf 86' lang='lat' dir='ltr'>sensit,</span> <span class='ocrx_word' id='word_1_226' title='bbox 259 2052 452 2088; x_wconf 85' lang='lat' dir='ltr'>concurrit</span> <span class='ocrx_word' id='word_1_227' title='bbox 480 2064 527 2088; x_wconf 87' lang='lat' dir='ltr'>ex</span> <span class='ocrx_word' id='word_1_228' title='bbox 550 2051 711 2095; x_wconf 88' lang='lat' dir='ltr'>insidiis,</span> <span class='ocrx_word' id='word_1_229' title='bbox 739 2052 929 2101; x_wconf 85' lang='lat' dir='ltr'>versisque</span> <span class='ocrx_word' id='word_1_230' title='bbox 958 2053 997 2089; x_wconf 92' lang='lat' dir='ltr'>in</span> <span class='ocrx_word' id='word_1_231' title='bbox 1023 2052 1216 2090; x_wconf 86' lang='lat' dir='ltr'>Valerium</span> 
     </span>
     <span class='ocr_line' id='line_1_31' title="bbox 100 2115 1219 2167; baseline 0.004 -17"><span class='ocrx_word' id='word_1_232' title='bbox 100 2115 270 2151; x_wconf 86' lang='lat' dir='ltr'>Etruscis</span> <span class='ocrx_word' id='word_1_233' title='bbox 290 2122 399 2165; x_wconf 86' lang='lat' dir='ltr'>terga</span> <span class='ocrx_word' id='word_1_234' title='bbox 418 2115 528 2152; x_wconf 83' lang='lat' dir='ltr'>caedit</span> <span class='ocrx_word' id='word_1_235' title='bbox 546 2131 553 2151; x_wconf 76' lang='lat' dir='ltr'>z</span> <span class='ocrx_word' id='word_1_236' title='bbox 585 2116 720 2152; x_wconf 78' lang='lat' dir='ltr'>dextra</span> <span class='ocrx_word' id='word_1_237' title='bbox 738 2115 920 2166; x_wconf 87' lang='lat' dir='ltr'>laevaque,</span> <span class='ocrx_word' id='word_1_238' title='bbox 941 2117 1032 2153; x_wconf 90' lang='lat' dir='ltr'>hinc</span> <span class='ocrx_word' id='word_1_239' title='bbox 1055 2130 1078 2154; x_wconf 88' lang='lat' dir='ltr'>a</span> <span class='ocrx_word' id='word_1_240' title='bbox 1106 2123 1219 2167; x_wconf 84' lang='lat' dir='ltr'>porta</span> 
     </span>
     <span class='ocr_line' id='line_1_32' title="bbox 103 2178 1220 2224; baseline 0.003 -9"><span class='ocrx_word' id='word_1_241' title='bbox 103 2178 269 2223; x_wconf 87' lang='lat' dir='ltr'>Collina,</span> <span class='ocrx_word' id='word_1_242' title='bbox 290 2179 393 2216; x_wconf 85' lang='lat' dir='ltr'>illinc</span> <span class='ocrx_word' id='word_1_243' title='bbox 420 2179 468 2217; x_wconf 90' lang='lat' dir='ltr'>ab</span> <span class='ocrx_word' id='word_1_244' title='bbox 488 2180 637 2224; x_wconf 81' lang='lat' dir='ltr'>Naevia,</span> <span class='ocrx_word' id='word_1_245' title='bbox 666 2181 833 2218; x_wconf 87' lang='lat' dir='ltr'>redditus</span> <span class='ocrx_word' id='word_1_246' title='bbox 861 2181 1027 2218; x_wconf 88' lang='lat' dir='ltr'>clamor:</span> <span class='ocrx_word' id='word_1_247' title='bbox 1060 2181 1115 2218; x_wconf 88' lang='lat' dir='ltr'>ita</span> <span class='ocrx_word' id='word_1_248' title='bbox 1133 2181 1220 2219; x_wconf 86' lang='lat' dir='ltr'>caesi</span> 
     </span>
     <span class='ocr_line' id='line_1_33' title="bbox 101 2243 1222 2298; baseline 0.004 -18"><span class='ocrx_word' id='word_1_249' title='bbox 101 2245 140 2281; x_wconf 75' lang='lat' dir='ltr'>&#39;m</span> <span class='ocrx_word' id='word_1_250' title='bbox 167 2243 293 2283; x_wconf 86' lang='lat' dir='ltr'>medio</span> <span class='ocrx_word' id='word_1_251' title='bbox 321 2244 565 2295; x_wconf 64' lang='lat' dir='ltr'>praedatores,</span> <span class='ocrx_word' id='word_1_252' title='bbox 585 2256 711 2294; x_wconf 87' lang='lat' dir='ltr'>neque</span> <span class='ocrx_word' id='word_1_253' title='bbox 730 2246 777 2283; x_wconf 87' lang='lat' dir='ltr'>ad</span> <span class='ocrx_word' id='word_1_254' title='bbox 806 2258 975 2298; x_wconf 82' lang='lat' dir='ltr'>pugnam</span> <span class='ocrx_word' id='word_1_255' title='bbox 992 2246 1134 2284; x_wconf 81' lang='lat' dir='ltr'>viribus</span> <span class='ocrx_word' id='word_1_256' title='bbox 1153 2259 1222 2298; x_wconf 83' lang='lat' dir='ltr'>pa-</span> 
     </span>
    </p>
   </div>
   <div class='ocr_carea' id='block_1_3' title="bbox 638 2307 713 2347">
    <p class='ocr_par' dir='ltr' id='par_1_3' title="bbox 638 2307 713 2347">
     <span class='ocr_line' id='line_1_34' title="bbox 638 2307 713 2347; baseline 0 0"><span class='ocrx_word' id='word_1_257' title='bbox 638 2307 713 2347; x_wconf 78' lang='lat' dir='ltr'>F3</span> 
     </span>
    </p>
   </div>
  </div>
 </body>
</html>
