1573 2598
397 185 553 214 LIBER
578 185 624 214 v.
657 184 763 214 CAP.
787 184 955 214 xxxn.
1143 183 1228 228 379

113 283 180 322 per
208 272 468 322 interregnum
497 274 668 310 renovari
699 274 878 324 auspicia.
935 272 1085 323 Itaque,
1113 287 1230 322 quum

113 348 160 372 ex
182 337 514 374 senatusconsulto
536 338 710 373 consules
737 339 963 387 magistratu
991 349 1030 374 se
1055 338 1228 374 abdicas-

113 406 211 443 sent,
241 401 405 437 interrex
436 408 584 438 creatur
611 402 668 438 M.
688 401 824 438 Furius
852 402 1060 448 Camillus,
1093 402 1157 451 qui
1183 401 1227 438 P.

114 464 335 501 Cornelium
365 466 594 515 Scipionem,
623 466 652 502 is
684 466 820 502 deinde
841 467 887 503 L.
908 466 1100 503 Valerium
1120 466 1228 502 Poti-

111 532 192 562 tum
222 528 450 577 interregem
478 522 669 578 prodidit:
702 529 750 565 ab
777 543 823 565 eo
851 531 967 566 creati
993 543 1057 566 sex
1083 530 1228 566 tribuni

110 590 274 626 militum
301 591 489 628 consulari
519 597 737 640 potestate3
771 599 826 636 ut,
848 594 996 629 etiamsi
1016 595 1077 630 cui
1096 607 1228 630 eorum

110 655 353 691 incommoda
383 655 562 692 valetudo
599 656 748 701 fuisset,
787 659 900 708 copia
936 658 1229 706 magistratuum

110 719 327 767 reipublicae
347 725 458 756 esset.

163 782 345 819 XXXII.
376 783 560 820 Kalendis
588 783 846 823 Quinctilibus
875 786 1139 835 magistratum
1161 795 1226 822 ocss
1240 795 1281 825 U.
1294 794 1330 824 C.
1347 799 1423 826 364.

110 857 243 895 cepere
270 846 317 883 L.
345 846 559 890 Lucretius,
600 848 678 884 Ser.
707 848 910 898 Sulpicius,
948 849 1004 885 M.
1031 838 1329 892 AEmilinS,A·C·
1346 844 1422 869 388.

109 908 156 945 L.
184 908 318 945 Furius
347 909 580 946 Medullinus
619 912 836 960 septimum,
867 913 1040 962 Agrippa
1075 913 1226 956 Furius,

113 972 156 1009 C.
172 972 350 1009 AEmilius
373 975 520 1010 iterum.
565 976 625 1012 Ex
646 976 702 1011 his
723 976 769 1012 L.
790 976 972 1013 Lucretio
992 984 1030 1013 et
1046 978 1088 1013 C.
1102 977 1228 1012 AEnii-

109 1035 162 1072 lio
182 1037 433 1073 Volsiniensis
452 1040 648 1088 provincia
668 1042 793 1076 evenit
812 1056 818 1075 :
853 1041 1065 1090 Salpinates
1086 1042 1226 1090 Agrip-

109 1112 167 1149 pae
196 1101 312 1137 Furio
342 1108 378 1137 et
409 1102 486 1138 Seu
516 1103 696 1152 Sulpicio.
753 1104 862 1139 Prius
893 1117 977 1140 curn
1007 1105 1224 1141 Volsinien-
1236 1103 1420 1152 Volfiffissn·

109 1164 212 1200 sibus
245 1172 456 1215 pugnatum
490 1173 567 1202 est:
602 1167 742 1203 bellum
775 1181 934 1204 numero
968 1170 1135 1204 hostium
1167 1158 1283 1205 iii-⁵es
1298 1153 1385 1177 wcu‘
1432 1175 1439 1182 '

107 1240 214 1277 gens,
253 1231 458 1265 certamine
495 1231 597 1266 haud
637 1244 728 1267 sane
765 1245 942 1282 asperum
979 1233 1064 1269 fuit.
1128 1233 1230 1269 Fusa

108 1305 294 1330 concursu
320 1295 442 1344 primo
469 1296 567 1331 acies
593 1296 631 1331 in
655 1296 812 1344 fugam:
846 1297 964 1333 millia
991 1305 1079 1333 octo
1107 1311 1230 1333 arma-

106 1363 234 1393 torum
263 1358 309 1394 ab
336 1358 525 1407 equitibus
555 1360 775 1403 interclusa,
797 1362 932 1410 positis
957 1363 1085 1404 arinis,
1107 1363 1145 1396 in
1166 1362 1230 1397 de-

108 1421 292 1457 ditionem
314 1430 510 1459 venerunt.
565 1423 662 1472 Ejus
692 1424 782 1459 belli
812 1424 914 1460 fania
944 1425 1082 1467 effecit,
1114 1438 1161 1460 ne
1191 1438 1230 1460 se

106 1496 244 1533 pugnae
274 1486 557 1521 committerent
588 1486 829 1535 Salpinates:
873 1488 1063 1523 moenibus
1094 1488 1229 1523 armati

107 1559 147 1583 se
166 1548 402 1585 tutabantur.
458 1549 628 1586 Romani
653 1551 796 1599 praedas
822 1553 961 1600 passini
983 1558 1020 1587 et
1040 1565 1085 1587 ex
1107 1550 1229 1600 salpi·
1245 1560 1252 1565 ²

105 1612 186 1647 nati
205 1625 313 1660 agro,
335 1619 373 1648 et
392 1625 439 1648 ex
457 1612 709 1656 Volsiniensi,
730 1614 837 1650 nullo
859 1628 942 1650 eam
962 1616 1038 1650 vim
1062 1622 1229 1657 arcente,

107 1683 294 1723 egerunt:
326 1676 447 1712 donec
467 1677 774 1713 Volsiniensibus
805 1678 913 1714 fessis
944 1678 1045 1714 bello
1072 1691 1114 1714 ea
1138 1691 1230 1714 con-

108 1737 268 1781 ditione,
299 1745 341 1775 nt
370 1751 427 1775 res
459 1739 601 1789 populo
630 1740 812 1776 Romano
842 1741 1056 1784 redderent,
1088 1743 1231 1791 stipen-

109 1801 287 1851 diumque
316 1802 396 1852 ejus
427 1804 517 1838 anni
547 1804 732 1839 exercitui
761 1811 1000 1854 praestarent,
1032 1806 1071 1840 in
1098 1806 1233 1854 viginti

110 1877 231 1902 annos
257 1865 417 1901 induciae
438 1866 549 1903 datae.
604 1867 755 1903 Eodem
781 1880 883 1903 anno
903 1867 959 1904 M.
983 1868 1165 1904 Caedicius
1186 1868 1232 1904 de

108 1928 218 1979 plebe
246 1930 443 1966 nunciavit
470 1930 649 1974 tribunis,
677 1944 716 1966 se
743 1932 783 1967 in
809 1944 913 1968 nova
932 1933 1006 1975 via,
1035 1932 1099 1967 ubi
1128 1945 1230 1967 nunc

108 1992 288 2029 sacellum
317 1999 388 2037 est,
416 2006 529 2043 supra
560 1995 677 2030 aedem
700 1995 842 2038 Vestae,
864 2008 995 2031 vocem
1024 1996 1147 2031 noctis
1178 1996 1227 2030 si-
1241 1998 1311 2046 V.⁰¹
1329 1998 1409 2046 div}-

109 2056 227 2093 lentio
248 2057 397 2093 audisse
417 2057 616 2094 clariorem
635 2059 816 2103 humana,
838 2072 920 2108 quae
941 2059 1226 2108 magistratibus
1240 2047 1442 2113 Εὲῖιὲᾓῖἲῗςᾶ

109 2120 184 2156 dici
205 2120 374 2170 juberet,
398 2120 530 2157 Gallos
561 2122 776 2160 adventare.
834 2124 893 2167 ld,
921 2130 963 2159 nt
991 2124 1046 2166 fit,
1072 2130 1228 2173 propter
1241 2136 1311 2155 τυντ-
1331 2127 1387 2156 ad-

111 2184 276 2232 auctoris
304 2184 559 2221 humilitatem
587 2193 771 2236 spretum,
801 2193 840 2222 et
868 2187 969 2236 quod
1002 2185 1227 2234 longinqua,
1241 2176 1351 2200 ventu.

109 2260 230 2295 eoque
257 2248 440 2296 ignotior,
470 2262 562 2299 gens
592 2256 685 2288 erat.
741 2251 878 2300 Neque
907 2251 1079 2288 Deorum
1113 2251 1226 2286 modo

108 2311 269 2355 monita,
289 2312 491 2361 ingruente
511 2312 606 2356 fato,
628 2320 780 2365 spretaj
808 2315 878 2351 sed
905 2315 1111 2350 humanam
1133 2326 1228 2363 quo-
