1573 2598
333 144 419 198 456
828 155 875 183 Τ.
898 154 1032 184 mvn

139 253 231 286 U.C.
249 253 436 294 ³79.teros
465 246 630 283 honores
658 245 873 296 aperirent:
907 246 1099 295 creatique
1121 244 1264 282 tribuni
1283 246 1327 285 C.
1346 247 1452 286 Lici-

140 299 181 330 Λ·
195 298 231 328 C·
248 302 322 332 373.
335 313 419 348 nius
440 318 480 348 et
497 311 543 348 L.
564 311 714 347 Sextius
740 310 1029 361 promulgavere
1047 309 1148 359 leges
1168 322 1298 348 omnes
1319 311 1450 355 adver-

335 388 396 412 sus
434 389 524 426 opes
561 376 822 426 patriciorum,
861 382 900 412 et
942 387 1011 425 pro
1049 375 1257 412 commodis
1293 375 1448 425 plebis:

120 455 185 486 Lex
200 453 239 483 de
254 461 316 484 aere
336 452 450 476 unam
469 440 514 475 de
541 452 613 475 aere
639 439 779 483 alieno,
800 446 856 483 ut,
877 438 1040 475 deducto
1060 451 1106 475 eo
1125 439 1172 475 de
1190 439 1328 489 capite,
1348 439 1450 489 quod

119 498 236 528 auem·
334 505 457 541 usuris
477 509 785 555 pernumeratum
804 510 916 548 esset,
936 504 989 547 id,
1011 503 1112 553 quod
1136 509 1361 554 superesset,
1382 504 1451 540 tri-

334 569 450 606 ennio
474 569 589 618 aequis
616 568 858 619 portionibus
887 568 1191 619 persolveretur:
1223 566 1379 610 alteram
1405 569 1451 606 de

119 636 170 669 De
185 639 283 669 modo
334 635 449 672 modo
468 647 660 684 agrorum,
680 647 729 671 ne
748 636 831 685 quis
861 634 944 685 plus
972 635 1182 684 quingenta
1202 632 1342 684 jugera
1369 633 1454 684 agri

117 689 279 721 agrorum.
335 699 572 749 possideret:
603 699 771 743 tertiam,
798 711 846 735 ne
874 698 1115 735 tribunorum
1142 697 1306 734 militum
1331 699 1460 737 comi-2

119 764 325 815 Deconsula-
336 765 391 800 tia
419 764 567 808 fierent,
589 764 862 813 consulumque
881 765 1011 813 utique
1030 764 1125 800 alter
1145 776 1191 800 ex
1215 763 1326 814 plebe
1345 761 1462 801 crea'r

117 815 154 839 m
168 809 305 848 plebem.
335 834 439 865 retur
457 842 464 864 ε
497 834 636 864 cuncta
659 828 846 876 ingentia,
867 834 905 863 et
930 840 1014 877 quae
1034 828 1120 863 ‘sine
1142 827 1347 863 certamine
1369 839 1449 863 ma-

333 893 438 929 ximo
465 892 631 928 obtineri
658 905 738 928 non
767 897 935 941 possent.
993 890 1175 926 Omnium
1197 891 1314 939 igitur
1339 889 1451 926 simul

332 968 472 1000 rerum,
493 969 652 1005 quarum
678 955 870 992 inmodica
889 955 1028 1005 cupido
1054 955 1155 991 inter
1179 954 1357 991 mortales
1377 960 1448 998 est,

333 1021 429 1069 agri,
449 1021 633 1070 pecuniae,
654 1020 858 1063 honorum,
880 1019 1097 1056 discrimine
1122 1019 1334 1069 proposito,
1356 1031 1449 1055 con-

331 1085 455 1121 territi
477 1084 625 1128 Patres,
651 1097 767 1134 quum
791 1084 1059 1134 trepidassent,
1086 1082 1248 1134 publicis
1272 1083 1448 1133 privatis-

334 1161 406 1199 que
435 1149 603 1185 consiliis
636 1148 744 1184 nullo
772 1149 941 1185 remedio
971 1148 1061 1191 alio,
1091 1154 1227 1198 praeter
1254 1153 1448 1197 expertam

330 1212 458 1250 multis
484 1211 567 1263 jam
601 1218 690 1248 ante
723 1212 994 1248 certaminibus
1028 1212 1353 1254 intercessionem,
1387 1211 1446 1246 in-

331 1284 461 1320 vento,
479 1275 643 1324 collegas
665 1276 841 1312 adversus
863 1275 1085 1312 tribunicias
1106 1275 1324 1328 rogationes
1340 1286 1444 1310 com-

329 1346 580 1392 paraverunt:
613 1340 691 1388 qui,
726 1339 791 1375 ubi
821 1339 941 1375 tribus
975 1339 1022 1375 ad
1056 1339 1276 1387 suffragium
1308 1338 1460 1373 iacun·-

328 1404 418 1440 dum
437 1404 544 1440 citari
569 1417 590 1440 a
608 1403 760 1440 Licinio
781 1403 988 1452 Sextioque
1007 1403 1196 1445 viderunt,
1217 1402 1348 1452 stipati
1367 1401 1442 1438 Pa-

325 1478 427 1505 trum
462 1468 660 1519 praesidiis,
695 1480 765 1504 nec
802 1468 952 1504 recitari
989 1468 1224 1516 rogationes,
1262 1478 1333 1502 nec
1365 1466 1441 1502 sol-

325 1531 450 1569 lemne
486 1533 690 1582 quidquam
727 1531 827 1567 aliud
863 1532 909 1568 ad
945 1532 1179 1568 sciscendum
1222 1530 1324 1581 plebi
1360 1529 1440 1566 fieri

325 1597 426 1647 passi
456 1602 555 1633 sunt.
611 1595 773 1644 Jamque
798 1595 939 1631 frustra
964 1607 1063 1645 saepe
1087 1594 1251 1632 concilio
1277 1594 1439 1630 advoca-

325 1666 381 1702 to,
416 1672 532 1708 quum
567 1671 637 1708 pro
668 1659 874 1707 antiquatis
907 1659 1127 1707 rogationes
1162 1663 1310 1703 essent3
1344 1657 1442 1694 Bene

325 1722 442 1766 habet,
475 1723 598 1771 inquit
636 1722 809 1758 Sextius:
842 1723 1130 1770 quandoquidem
1159 1726 1301 1757 tantum
1330 1723 1439 1757 inter-

325 1788 511 1822 cessionem
536 1786 674 1834 pollere
694 1786 828 1834 placet,
850 1787 917 1821 isto
940 1787 1016 1834 ipso
1046 1785 1115 1820 telo
1141 1784 1336 1821 tutabimur
1360 1785 1440 1833 ple-

323 1850 410 1887 bem.
467 1851 674 1898 Agitednnz,
696 1851 840 1886 comitia
859 1850 1016 1892 indicite,
1037 1850 1181 1892 Patres,
1203 1848 1352 1885 tribunis
1370 1850 1437 1884 mi-

325 1915 429 1950 litum
457 1915 641 1950 creandis:
664 1912 774 1961 faxo,
804 1925 848 1949 ne
865 1911 971 1960 juvet
997 1925 1065 1949 vox
1094 1915 1175 1956 ista,
1204 1911 1336 1954 Vero,
1367 1923 1438 1959 qua

322 1990 415 2014 nuuc
451 1980 667 2013 concinentes
703 1978 855 2025 collegas
889 1982 1027 2013 nostros
1063 1981 1138 2012 tam
1175 1977 1249 2012 laeti
1289 1976 1436 2012 auditis.

324 2040 440 2078 Haud
471 2042 586 2077 irritae
615 2041 783 2078 cecidere
809 2041 944 2077 minae:
978 2041 1147 2083 comitia,
1181 2046 1317 2090 praeter
1346 2039 1434 2076 aedi-

322 2105 413 2142 lium
434 2104 746 2154 tribunorumque
766 2103 900 2154 plebis,
922 2103 1026 2140 nulla
1051 2110 1140 2140 sunt
1168 2103 1310 2140 habita.
1366 2103 1438 2140 Li-

109 2191 200 2223 Nuffi
217 2202 272 2224 cu·
323 2169 443 2205 einins
468 2168 707 2218 Sextiusque,
734 2168 876 2204 tribuni
900 2168 1020 2218 plebis
1050 2168 1195 2211 refecti,
1223 2167 1347 2205 nullos
1371 2180 1436 2204 cu-

110 2235 193 2309 rultes
210 2245 278 2267 ma-
323 2233 421 2271 rules
445 2234 686 2283 magistratus
711 2234 829 2271 creari
856 2234 959 2284 passi
984 2240 1098 2270 sunt:
1132 2245 1250 2283 eaque
1269 2231 1435 2270 solitudo

105 2287 151 2318 g1s
168 2286 252 2310 tatus
