1573 2598
282 173 367 216 322
735 175 783 205 r.
804 175 945 205 mvn>

284 265 346 313 qui
372 265 509 301 malum
535 262 634 301 vobis
656 265 828 308 minatur,
858 266 914 307 iis,
945 265 1007 313 qui
1035 277 1140 313 agros
1166 267 1332 316 sedesque
1358 280 1417 305 ae*

275 327 451 377 fortunas
468 328 629 364 stabilire
644 329 781 371 volunt,
798 327 1012 377 praeferetis.

338 392 386 429 L.
414 391 566 428 Perlata
593 392 675 427 haec
693 404 769 428 vox
787 392 976 428 Postumii
996 392 1048 428 ad
1063 392 1201 430 milites
1221 394 1404 431 multo-in

287 456 419 492 castris
438 454 622 505 majorem
641 455 949 504 indignationem
963 456 1094 493 movit.
1147 457 1330 494 Proedaene
1347 460 1404 495 in·

289 523 517 566 terceptorem
524 517 850 566 fraudatoremque
863 520 972 555 etiam
983 520 1119 556 malum
1132 523 1265 557 minari.
1276 523 1402 558 militi-

290 582 384 619 bus?
419 581 554 631 Itaque
574 594 690 630 quum
707 581 880 618 fremitus
900 589 1029 632 aperte
1049 591 1161 628 esset,
1183 590 1220 620 et
1239 591 1406 634 quaestor

289 647 333 685 P.
354 648 497 684 Sestius
519 648 649 684 eadem
667 647 849 684 violentia
877 650 1042 686 coerceri
1071 656 1222 700 putaret
1251 651 1413 688 seditio*

291 724 379 749 nem
406 724 532 762 posse,
553 724 628 761 qua
655 717 760 748 mota
789 718 892 758 erat3
924 713 1040 750 misso
1069 714 1116 750 ad
1134 714 1414 751 vociferantem·

293 777 491 826 quemdam
511 776 672 812 militem
691 776 838 820 lictore,
860 789 975 826 quum
995 778 1081 814 inde
1100 778 1242 815 clamor
1261 785 1299 814 et
1319 778 1421 829 jur·>

295 840 399 889 gium
417 842 594 884 oriretur,
617 853 709 876 saxo
728 841 826 876 ictus
844 840 958 877 turba
976 843 1144 888 excedit3
1177 843 1329 893 insuper
1348 843 1407 878 in-

295 912 486 956 crepante,
514 907 580 955 qui
605 906 880 949 vulneraverat,
912 906 1038 942 habere
1066 911 1284 954 quoestorem,
1315 908 1410 954 quod

296 975 490 1023 imperator
508 978 594 1009 esset
611 973 781 1008 militibus
799 973 964 1008 minatus.
1007 972 1067 1007 Ad
1085 972 1185 1007 hunc
1203 971 1414 1008 tumultum-

297 1038 442 1075 adcitus
482 1035 700 1073 Postumius
746 1036 939 1085 asperiora
975 1035 1104 1071 omnia
1138 1034 1231 1071 fecit
1266 1035 1408 1072 acerbis

297 1101 585 1152 quaestionibus,
607 1099 825 1137 crudelibus>
839 1099 1051 1150 suppliciis:
1083 1106 1276 1149 postremo
1296 1113 1411 1148 quum

296 1166 453 1203 modum
480 1166 545 1202 irae
573 1165 719 1201 nullum
747 1165 902 1208 faceret,
934 1165 981 1200 ad
1009 1164 1320 1200 vociferationem
1348 1177 1419 1200 co·

300 1243 397 1274 rum,
418 1243 512 1279 quos
532 1230 658 1266 necari
679 1229 748 1265 sub
768 1235 870 1265 crate
886 1227 1067 1278 jusserat,
1089 1241 1274 1264 concursu
1294 1227 1410 1270 facto,

301 1295 382 1344 ipse
415 1294 462 1330 ad
490 1293 774 1344 interpellantes
807 1305 961 1342 poenam
994 1304 1123 1328 vecors
1156 1292 1202 1328 de
1232 1292 1424 1328 tribunali*

302 1358 478 1395 decurrit.
535 1358 595 1394 Ibi
633 1370 746 1407 quum
786 1357 1053 1393 submoventes
1088 1357 1227 1406 passim
1262 1355 1419 1392 lictores

303 1422 620 1471 centurionesque
638 1426 818 1457 vexarent
837 1420 1002 1463 turbam,
1024 1433 1077 1456 eo·
1089 1420 1302 1469 indignatio
1332 1433 1416 1456 eru-

87 1487 292 1571 Ῑῒξίἓῗξὲἒίῐΰ
305 1487 376 1538 pit,
402 1492 445 1523 ut
472 1486 647 1522 tribunus
676 1485 837 1522 militum
866 1485 913 1521 ab
941 1478 1110 1521 exercitu
1135 1497 1203 1520 suo
1229 1484 1415 1535 lapidibus

87 1575 233 1605 obruitur

89 1617 285 1651 Postumius.
307 1614 473 1651 Romam
491 1614 728 1657 nunciatum,
747 1613 910 1649 tribunis
930 1613 1093 1649 militum
1114 1613 1160 1648 de
1188 1620 1309 1648 morte
1340 1613 1427 1649 col--

307 1551 576 1601 cooperiretur.
614 1550 729 1588 Quod
748 1558 826 1585 tam
846 1555 956 1585 atrox
974 1549 1121 1584 facinus
1141 1555 1342 1598 postquam
1361 1556 1418 1585 est

305 1678 400 1727 legae
419 1691 485 1729 per
505 1683 676 1714 senatum
696 1677 925 1726 quaestiones
952 1676 1254 1719 decernentibus,
1275 1676 1418 1713 tribuni

305 1742 426 1793 plebis
446 1741 754 1778 intercedebant:
787 1741 851 1777 sed
871 1753 915 1777 ea
934 1741 1132 1776 content-io
1150 1753 1196 1776 ex
1217 1742 1429 1777 certamine·

309 1806 385 1843 alio
402 1805 613 1856 pendebat3
636 1805 736 1854 quod
756 1817 845 1841 cura
863 1805 1070 1840 incesserat
1087 1803 1234 1848 Patres,
1250 1816 1298 1839 ne
1318 1811 1421 1840 metu

309 1871 561 1920 quaestionum
581 1869 688 1919 plebs
706 1870 836 1918 iraque
855 1868 1029 1904 tribunos
1049 1867 1212 1904 militum
1237 1880 1283 1904 ex
1312 1867 1422 1918 plebe

310 1939 473 1970 crearet:
496 1932 778 1982 tendebantque
798 1944 942 1968 summa
961 1943 1050 1981 ope,
1064 1938 1111 1967 ut
1126 1930 1297 1967 consules
1319 1944 1422 1968 crea-

309 2003 451 2034 rentur.
507 1997 635 2036 Quum
652 1995 1022 2033 senatusconsultum
1043 1995 1126 2032 fieri
1140 1993 1284 2031 tribuni
1302 1994 1422 2045 plebis

310 2072 389 2097 non
408 2064 643 2109 paterentur,
660 2059 773 2095 iidem
791 2058 1069 2095 intercederent
1083 2057 1342 2094 consularibus
1359 2071 1424 2095 co-

310 2123 442 2167 mitiis,
473 2135 541 2159 res.
561 2123 612 2159 ad
639 2123 900 2172 interregnum
930 2123 1064 2159 rediit:
1096 2122 1255 2158 victoria
1291 2122 1437 2159 deinde*

312 2199 427 2239 penes
447 2186 580 2224 Patres
598 2186 684 2223 fuit.

363 2251 431 2290 LI.
461 2252 509 2292 Q.
522 2251 643 2289 Fabio
659 2250 853 2288 Vibulano
872 2250 1062 2300 interrege
1081 2251 1238 2290 comitia
1248 2249 1436 2293 habente„
