1573 2598
458 164 612 192 mmm
635 162 682 191 v.
715 161 822 190 cAr.
845 162 892 191 v.
1147 158 1231 204 343

119 254 216 290 nobis
235 253 441 300 miger-unt:
463 251 604 287 colonos
622 254 761 286 nostros
776 250 822 285 ibi
842 247 1120 298 interfecerunt:
1146 261 1231 284 auc·
1247 255 1289 288 U.
1306 255 1343 287 C.
1359 261 1433 286 352.

121 323 212 353 tores
230 316 343 365 fuere
365 319 490 352 contra
508 313 572 360 jus
596 315 758 361 gentium
777 314 881 348 caedis
903 314 1009 361 inpiae
1032 309 1233 360 legatorum
1245 300 1285 331 Α·
1302 299 1340 330 C·
1356 305 1431 331 400.

120 386 347 417 nostrorum:
382 381 571 416 Etruriam
596 390 735 414 omnem
767 378 936 412 adversus
963 389 1026 412 nos
1056 378 1234 413 concitare

123 447 323 486 uoluerunt,
345 445 516 491 hodieque
531 444 570 479 id
591 444 789 478 moliuntur
804 458 816 478 .·
844 453 899 477 res
917 446 1114 489 repetentes
1134 442 1233 489 lega·

122 515 175 546 tos
191 515 340 551 nostros,
359 509 457 544 haud
475 508 604 555 procul
623 506 733 555 afuit,
756 507 839 554 quin
859 506 1048 541 violarent.

173 573 220 610 V.
253 574 343 609 Cum
371 573 424 609 Itis
451 573 610 608 molliter
635 576 671 607 et
694 583 762 619 per
782 571 973 606 dilationes
1001 570 1131 606 bellum
1156 571 1236 617 geri

121 643 262 686 oportet
275 640 296 674 ,9
323 638 366 673 Si
384 650 446 673 nos
467 642 540 672 tam
547 635 689 683 justum
708 636 830 671 odium
846 635 939 671 nihil
956 632 1085 676 movet,
1105 646 1150 670 ne
1168 634 1245 670 illa.

120 704 274 750 quidem,
306 715 368 738 oro
395 714 468 743 vos,
498 702 674 737 movent?
711 699 884 748 Operibus
912 699 1108 746 ingentibus
1134 703 1245 746 septa:

119 766 200 802 urbs
226 770 290 808 est,
318 766 442 813 quibus
468 766 566 801 intra
589 776 710 800 muros
738 764 916 800 co'e'rcetur
942 763 1075 798 hostis:
1108 774 1244 809 agrum,

118 842 191 867 non
210 831 334 873 coluit,
356 835 392 866 et
410 831 510 866 culta
529 834 692 865 evastata
709 832 794 864 sunt
812 828 913 863 bello.
971 827 1013 862 Si
1034 823 1238 863 reducimus

118 896 325 936 exercitum,
348 896 426 942 quis
444 899 508 936 est,
530 895 592 942 qui
611 893 760 935 dubitet,
787 892 882 934 illos,
904 895 975 927 non
994 903 1018 926 a
1037 891 1247 939 cupiditate-

118 959 233 994 solum
250 959 459 1001 ulciscendi,
478 959 540 993 sed
565 959 676 993 etiam
697 957 906 992 necessitate
932 957 1087 1004 inposita
1106 968 1148 992 ex
1166 957 1238 991 ali-

119 1033 185 1058 eno
210 1023 418 1070 praedandi,
453 1034 562 1069 quum
592 1033 660 1057 sua
692 1021 890 1062 amiserint,
921 1032 1049 1067 agrum
1078 1025 1243 1056 nostrum..

118 1087 301 1121 invasuros
318 1087 338 1121 ,9
365 1098 436 1121 non
463 1087 662 1134 differimus
686 1086 799 1131 igitur
828 1084 959 1119 bellum
987 1085 1054 1119 isto
1074 1085 1243 1127 consitio„

117 1152 182 1188 sed
206 1153 304 1187 intra
320 1153 418 1200 fines
436 1157 574 1188 nostros
593 1152 798 1199 accipimus.
858 1151 988 1191 Quid.9
1016 1152 1121 1193 illud,
1143 1152 1247 1199 quod,-

113 1217 265 1265 proprie
289 1217 345 1251 ad·
366 1217 499 1251 milites
521 1217 693 1264 pertinet,
722 1215 845 1263 quibus
869 1214 951 1250 boni
978 1215 1247 1263 tribuniplebis:

118 1291 226 1327 quum
244 1280 466 1326 stipendium
483 1284 690 1327 extorquere
708 1279 900 1324 voluerint,
921 1289 1015 1313 nunc
1038 1280 1247 1315 consultum

117 1347 263 1389 repente
277 1343 414 1385 volunt,
433 1343 540 1390 quate
558 1346 610 1378 est
622 1344 643 1378 ,9
675 1341 820 1377 Vallum
838 1340 1063 1389 fossamque,
1083 1343 1256 1389 ingentiss

117 1411 309 1454 utramque
323 1418 399 1442 rem
414 1407 544 1454 operis,
562 1418 628 1454 per
648 1410 789 1441 tantum
810 1405 922 1452 spatii
941 1405 1120 1441 duxerunt
1134 1422 1147 1442 .·
1176 1419 1238 1442 ca-

117 1471 223 1506 stella
244 1472 366 1518 primo
392 1483 529 1519 pauca,
545 1475 685 1519 postea,
707 1471 862 1506 exercitu
881 1474 1001 1512 aucto,
1026 1470 1249 1508 creberrima:

105 1533 301 1584 fecerunt:
328 1536 544 1571 munitiones
562 1547 632 1571 non
651 1536 690 1571 in
708 1534 831 1570 urbem
848 1535 968 1576 modo,
988 1535 1051 1570 sed
1070 1536 1108 1570 in
1124 1535 1251 1571 Etrus-s

115 1599 213 1633 riam
230 1599 339 1634 etiam
357 1603 571 1646 spectantes,
591 1600 623 1634 si.
638 1610 709 1646 qua
733 1598 818 1634 inde
843 1598 983 1633 auxilia
1001 1600 1159 1641 veniant,
1178 1599 1237 1635 ob-

114 1672 277 1709 posuere.
336 1663 435 1703 Quid
471 1668 600 1706 turres,
639 1664 725 1711 quid
757 1663 880 1698 vineas
910 1663 1170 1710 testudinesque
1204 1668 1245 1700 et¹

118 1726 234 1761 alium
271 1726 593 1774 obpugnandarum
634 1727 775 1763 urbium
812 1728 1034 1775 adparatum
1075 1729 1203 1775 loquar
1218 1729 1242 1764 9

121 1789 241 1830 Quum
265 1794 407 1825 tantum
434 1791 565 1826 laboris
583 1791 794 1826 exhaustum
811 1792 872 1832 sit,
896 1795 931 1826 et
956 1791 1005 1826 ad
1020 1791 1137 1840 finem
1155 1791 1244 1838 jam.

117 1854 235 1901 operis
255 1855 400 1890 tandem
419 1860 632 1903 perventum
648 1872 660 1898 ,·
689 1856 968 1903 relinquendane
986 1855 1059 1891 haec
1078 1858 1238 1901 censetis,

115 1921 158 1953 ut
175 1918 225 1952 ad
253 1923 413 1954 oestatem
438 1931 562 1954 rursus
580 1931 692 1955 novus
711 1920 755 1955 de
773 1921 913 1967 integro
938 1920 992 1956 his
1010 1921 1243 1959 instituendis

116 1982 308 2018 exsudetur
328 1981 429 2018 labor
445 1984 466 2018 .9
496 1983 641 2023 Quanto
660 1987 714 2019 est
733 1985 850 2019 minus
869 1994 979 2031 opera
999 1987 1092 2022 tueri
1108 1985 1237 2034 facta,

115 2049 152 2080 et
179 2046 327 2087 instare,
358 2050 394 2081 et
426 2058 668 2094 perseverare,
706 2047 926 2096 defungique
955 2060 1042 2084 cura
1055 2050 1076 2085 ,9
1113 2050 1241 2087 Brevis

115 2109 209 2143 enim
225 2109 390 2157 profecto
408 2122 464 2145 res
480 2115 544 2153 est,
568 2113 600 2147 si
617 2123 689 2146 uno
710 2116 832 2148 tenore
846 2115 1051 2160 peragitur,
1081 2125 1145 2150 nec
1169 2116 1243 2163 ipsi

112 2182 180 2218 per
217 2173 492 2229 intermissiones
523 2174 588 2210 has
624 2177 888 2224 intervallaque
926 2177 1111 2213 lentiorem
1137 2190 1243 2227 spent

116 2240 277 2272 nostra-m
286 2235 450 2284 facimus
463 2254 474 2274 .·
502 2239 626 2286 loquor
646 2240 692 2275 de
710 2252 827 2287 opere,
858 2245 893 2276 et
911 2242 954 2276 de
974 2234 1144 2290 temporis
1151 2241 1236 2289 jac-

118 2304 214 2337 tura.
273 2300 372 2341 Quid
385 2303 408 2338 ,9
430 2304 601 2351 periculi,
627 2305 725 2351 quod.
745 2306 943 2354 differendo
970 2305 1060 2342 bello
1080 2309 1234 2350 adimus,

643 2366 678 2406 Q
700 2368 723 2403 4
