1573 2598
362 179 517 208 mmm
542 178 612 207 vx.
645 178 754 206 eff.
779 178 899 206 xxx.
1120 178 1205 221 449

89 279 173 316 que,
189 266 291 304 haud
306 279 447 315 magno
464 265 669 302 certamine
686 265 821 315 captis,
836 264 1000 302 Velitras
1017 266 1203 302 exercitus

87 331 232 367 ductus.
274 330 341 366 Eae
363 342 512 379 quoque
532 334 778 380 expugnatae:
811 334 891 365 tum
914 329 960 365 ad
981 336 1092 379 caput
1114 328 1206 366 belli

87 393 278 431 Praeneste
296 400 463 430 ventum.
520 393 566 429 Id
595 405 675 428 non
696 393 745 436 vi,
770 393 835 428 sed
864 405 930 442 per
955 393 1202 435 deditionem,

87 454 279 508 receptum
308 464 377 495 est.
432 457 477 494 T.
498 457 716 499 Quinctius,
741 456 856 492 semel
886 457 966 492 acie
986 457 1123 499 victor,
1144 456 1204 492 bi-

87 523 144 558 nis
175 523 306 559 castris
335 523 518 564 hostium,
545 534 680 558 novem
709 522 856 571 oppidis
878 521 914 557 vi
944 521 1078 570 captiS,
1101 520 1203 556 Prae-

85 593 194 622 ueste
219 587 258 623 in
284 587 515 623 deditionem
535 591 706 636 accepto,
728 585 893 622 Romam
923 585 1100 621 revertit:
1133 585 1202 620 tri-

86 651 348 700 umphansque
368 650 532 699 signum,
552 651 746 687 Praeneste
766 651 976 693 devectum,
995 649 1019 685 J
1022 650 1102 686 ovis
1123 648 1201 685 Im·
1214 651 1337 692 Jupiter
1353 650 1421 683 Im-

86 715 270 765 peratoris
300 716 340 751 in
369 715 603 765 Capitolium
631 715 732 751 tulit.
788 715 1018 751 Dedicatum
1053 718 1110 749 est
1142 713 1202 749 in·
1215 701 1349 737 pemoe‘

81 776 143 813 ter
179 776 311 814 cellam
339 777 447 814 Jovis
484 791 528 814 ae
564 777 773 823 Minervae3
815 777 1021 826 tabulaque
1058 776 1126 812 sub
1158 789 1204 813 eo

86 840 175 885 fixa,
200 851 491 878 monumentum
519 854 644 877 rerum
674 848 881 890 gestarum,
908 841 966 876 his
997 840 1116 876 ferme
1144 841 1204 876 in-

86 905 165 941 eisa
191 905 309 942 literis
338 906 434 942 fuit:
466 907 616 955 Jupiter
644 911 752 954 atque
777 907 871 942 Divi
900 917 1019 942 omnes
1048 906 1114 941 hoc
1142 906 1205 941 de-

85 971 229 1013 derunt,
255 975 298 1007 ut
321 971 362 1007 T.
385 971 575 1012 Quinctius
599 972 758 1007 dictator
784 972 920 1020 oppida
946 982 1070 1006 novem
1096 981 1203 1018 cape-

87 1038 155 1071 ret.
210 1033 287 1070 Die
305 1034 499 1079 vicesimo,
521 1047 634 1085 quam
660 1040 807 1071 creatus
831 1040 926 1078 erat,
950 1034 1140 1070 dictatura
1166 1044 1206 1070 se

89 1098 293 1136 abdicavit.

142 1161 280 1200 XXX.
311 1163 479 1201 Comitia
499 1164 587 1201 inde
607 1164 741 1201 habita
768 1164 1009 1201 tribunorum
1037 1161 1206 1199 militum

87 1227 279 1263 consulari
314 1234 531 1278 potestate3
574 1228 710 1278 quibus
750 1235 918 1278 aequatus
955 1227 1206 1279 patriciorum

86 1289 397 1341 plebeiorumque
424 1304 617 1329 numerus.
672 1292 735 1329 Ex
759 1292 937 1329 Patribus
962 1291 1080 1328 creati
1102 1290 1146 1327 P.
1166 1295 1206 1326 et
1218 1301 1309 1333 uc,
1325 1304 1401 1336 375.

88 1356 133 1392 C.
152 1354 305 1401 Manlii,
335 1369 421 1394 cum
448 1357 496 1395 L.
515 1357 621 1394 Julio
638 1372 647 1393 τ
679 1356 808 1408 plebes
837 1358 881 1394 C.
902 1356 1118 1400 Sextilium,
1146 1354 1205 1392 M.
1217 1347 1259 1378 A·
1272 1345 1309 1377 C·
1325 1346 1402 1381 376.

87 1419 300 1462 Albinium,
327 1420 373 1455 L.
393 1422 606 1455 Antistium
635 1421 750 1456 dedit.
806 1421 980 1463 Manliis,
1010 1420 1112 1468 quod
1140 1432 1206 1468 ge-

86 1494 178 1519 nere
199 1483 383 1533 plebeios‚
405 1484 528 1532 gratia
546 1482 690 1519 Julium
721 1484 935 1528 anteibant,
955 1483 1087 1520 Volsci
1116 1496 1206 1533 pro-

85 1548 224 1591 vincia,
246 1549 326 1584 sine
346 1554 462 1592 sorte,
484 1548 564 1584 siue
584 1550 884 1599 comparatione,
906 1555 1014 1587 extra
1033 1548 1207 1585 ordinem
1231 1548 1237 1553 ’

85 1611 199 1648 data:
232 1611 338 1662 cujus
365 1618 403 1648 et
421 1612 524 1662 ipsos
550 1613 753 1662 postmodo
774 1619 812 1649 et
831 1613 980 1656 Patres,
1003 1613 1068 1662 qui
1094 1612 1205 1648 dede-

86 1681 187 1718 rant,
225 1676 416 1725 poenituit.
475 1676 723 1727 Inexplorato
760 1676 985 1728 pabulatum
1022 1677 1203 1713 cohortes

86 1739 244 1775 misere:
277 1740 412 1788 quibus
441 1734 545 1776 velut
577 1742 857 1785 circumventis,
889 1755 1006 1791 quum
1034 1741 1073 1777 id
1105 1739 1204 1777 falso

86 1804 310 1840 nunciatum
329 1810 442 1848 esset,
462 1805 565 1848 dum,
586 1807 762 1855 praesidio
785 1813 828 1842 ut
854 1812 995 1850 essent,
1017 1806 1125 1842 citati
1150 1804 1207 1840 fe-

87 1872 236 1912 runtur,
256 1881 305 1904 ne
331 1875 487 1905 auctore
512 1870 664 1918 quidem
689 1871 902 1914 adservato,
924 1872 988 1920 qui
1011 1882 1091 1913 eos,
1115 1869 1207 1905 hos-

88 1932 138 1967 tis
158 1931 320 1969 Latinus
343 1946 412 1984 pro
435 1934 555 1971 milite
574 1934 768 1979 Romano,
789 1936 992 1972 frustratus
1016 1939 1112 1977 erat,
1136 1932 1209 1983 ipsi

90 1995 131 2030 in
150 1996 303 2032 insidias
325 1999 622 2048 praecipitavere.
679 2000 741 2036 Ibi
761 2000 851 2036 dum
870 2000 1003 2049 iniquo
1022 1999 1109 2035 loco
1128 1997 1210 2034 sola

87 2060 227 2097 virtute
246 2061 410 2100 militum
428 2070 614 2101 restantes
635 2066 844 2109 caeduntur,
863 2066 1103 2113 caeduntque,
1126 2075 1209 2099 cas-

90 2129 150 2159 tra
178 2124 330 2162 interim
351 2126 542 2171 Romana,
564 2127 737 2179 jacentia
766 2131 806 2165 in
833 2142 983 2179 campo,
1011 2129 1058 2164 ab
1091 2126 1210 2164 altera

94 2189 353 2236 parte-hostes
381 2191 565 2229 invasere.
621 2194 683 2230 Ab
711 2193 869 2230 ducibus
893 2192 1096 2241 utrobique
1124 2204 1213 2241 pro-

95 2250 182 2287 ditae
206 2255 422 2291 temeritate
446 2262 560 2305 atque
585 2257 738 2294 inscitia
759 2270 841 2293 res:
873 2256 1055 2306 quidquid
1084 2268 1212 2306 super-

90 2315 165 2352 fuit
193 2315 356 2354 fortunae
385 2319 515 2369 populi
535 2320 717 2363 Romani,
738 2322 777 2358 id
799 2321 965 2356 militum
989 2319 1105 2356 etiam
1129 2320 1211 2356 sine
