1573 2598
411 145 567 175 mmm
592 144 661 173 xv.
697 143 804 173 eAr.
826 143 923 173 vn.
1145 131 1228 185 269

113 240 212 271 state
244 232 365 270 tribus
399 231 567 269 creandis
603 230 843 268 indicuntur:
889 228 1024 279 quibus
1061 230 1227 273 indictis,

114 297 318 349 extemplo,
349 298 574 346 quicumque
603 295 746 344 aliquid
773 295 954 331 seditiose
974 295 1133 338 dixerat,
1162 301 1228 331 aut

111 363 269 405 fecerat,
290 374 401 410 quam
421 360 582 397 maxime
610 358 818 402 tribunicii,
840 365 878 394 et
896 370 1073 408 prensare
1101 358 1231 395 homi·

111 439 194 470 nes,
215 432 253 462 et
281 437 506 463 concursare
534 430 619 460 toto
643 423 730 460 foro
760 423 948 460 candidati
978 435 1153 473 coepere:
1187 429 1230 459 ut

114 491 294 542 patricios
332 488 544 538 desperatio
579 487 717 538 primo,
751 487 898 523 irritata
926 486 1051 537 plebe,
1087 487 1227 536 adipis·

113 555 221 592 cendi
240 554 411 595 honoris,
432 552 565 589 deinde
588 552 817 600 indignatio,
845 552 873 587 si
905 564 991 588 cum
1015 552 1073 587 his
1093 563 1229 600 geren-

113 620 181 656 dus
202 623 300 654 esset
319 618 457 658 honos,
478 616 706 652 deterreret:
739 622 932 666 postremo
956 616 1080 652 coacti
1099 621 1229 652 tamen

112 696 135 720 a
167 680 394 732 primoribus
423 680 580 729 petiere,
613 691 662 716 ne
699 680 854 715 cessisse
886 679 1126 729 possessione
1155 679 1230 715 rei-

113 746 274 799 publicae
294 744 522 781 viderentur.
557 743 728 780 Eventus
749 755 880 779 eorum
899 743 1142 779 comitiorum
1161 743 1229 779 do—

113 812 206 855 cuit,
233 809 327 846 alios
353 809 500 845 animos
526 808 565 844 in
592 808 839 862 contentione
857 807 1043 844 libertatis
1063 807 1229 856 dignita-

112 877 250 925 tisque,
281 873 390 917 alios,
415 872 621 909 secundum
646 872 819 923 deposita
844 871 1064 915 certamina,
1095 867 1230 908 i'ncon-

113 946 227 990 rupto
249 937 397 989 judicio
419 948 526 972 esse:
558 935 732 972 tribunos
762 936 863 972 enim
892 948 1024 972 omnes
1049 935 1229 986 patricios

115 1002 256 1041 creavit
287 1000 464 1052 populuS,
499 1005 700 1036 contentus
738 1013 798 1043 eo,
829 1000 931 1049 quod
963 999 1062 1036 ratio
1097 999 1231 1036 habita

113 1068 349 1120 plebeiorum
375 1071 485 1102 esset.
542 1063 657 1100 Hanc
685 1065 909 1101 modestiam
938 1065 1230 1114 aequitatemque

115 1140 153 1169 et
186 1130 424 1167 altitudinem
456 1129 573 1165 animi
606 1128 671 1164 ubi
708 1142 809 1165 nunc
842 1129 882 1164 in
915 1141 992 1165 uno
1024 1128 1226 1173 inveneris,
1242 1140 1284 1173 υ,
1301 1141 1427 1174 (2³11.

112 1209 196 1246 quae
215 1201 298 1231 tum
315 1192 447 1243 populi
466 1193 631 1228 universi
649 1192 743 1228 fuit?
1239 1184 1279 1216 A·
1296 1185 1332 1217 C·
1350 1193 1424 1217 441.

169 1259 260 1295 VII.
288 1259 404 1294 Anno
427 1257 694 1292 trecentesimo
720 1257 881 1300 decimo,
903 1270 1016 1306 quam
1038 1256 1126 1294 urbs
1147 1256 1230 1293 Ro-

115 1337 177 1362 ma
197 1323 349 1360 condita
374 1327 468 1364 erat,
498 1321 662 1371 primum
686 1321 830 1357 tribuni
858 1321 1022 1357 militum
1047 1334 1117 1371 pro
1137 1334 1230 1358 con-

116 1387 258 1426 sulibus
285 1387 548 1436 magistratum
572 1386 718 1428 ineunt,
745 1387 792 1423 A.
815 1386 1059 1436 Sempronius
1082 1386 1231 1422 Atrati-

115 1464 200 1495 nus,
220 1451 267 1487 L.
287 1450 442 1492 Atilius,
462 1449 509 1486 T.
530 1449 727 1494 Caecilius3
760 1462 921 1498 quorum
945 1449 985 1485 in
1004 1450 1230 1498 magistratu

115 1515 318 1552 concordia
341 1513 445 1550 domi
469 1525 602 1562 pacem
628 1513 743 1548 etiam
769 1512 865 1548 foris
885 1512 1060 1563 praebuit.
1116 1513 1252 1566 Sunt„

114 1579 179 1627 qui
199 1583 356 1628 propter
374 1575 563 1627 adjectum
577 1576 793 1625 AEquorum
806 1576 1107 1625 Volscorumque
1126 1576 1228 1613 bello

113 1648 153 1679 et
188 1641 409 1678 Ardeatium
441 1640 647 1676 defectioni
679 1640 817 1676 Veiens
850 1640 1006 1683 bellum,
1038 1641 1127 1689 quia
1154 1641 1229 1677 duo

115 1704 288 1741 consules
321 1704 427 1740 obire
455 1709 515 1739 tot
543 1703 654 1739 simul
685 1703 785 1739 bella
812 1704 1026 1753 nequirent,
1053 1703 1226 1741 tribunos

115 1769 278 1806 militum
304 1774 378 1804 tres
406 1773 551 1803 creatos
577 1767 718 1810 dicant,
739 1768 820 1803 sine
846 1769 1040 1804 mentione
1059 1768 1227 1818 promul-

115 1839 213 1882 gatae
234 1832 325 1881 legis
346 1832 392 1868 de
410 1831 627 1868 consulibus
649 1832 817 1868 creandis
838 1845 884 1868 ex
905 1832 1029 1881 plebe,
1051 1839 1088 1868 et
1108 1833 1229 1882 impe-

114 1899 171 1934 rio
204 1904 241 1933 et
274 1897 483 1945 insignibus
517 1895 776 1932 consularibus
815 1908 914 1933 usos.
971 1896 1063 1932 Non
1099 1903 1227 1933 tamen

116 1973 184 2011 pro
217 1961 367 1996 firmato
388 1959 471 2010 jam
501 1960 607 1994 stetit
636 1960 876 2008 magistratus
905 1958 985 2009 ejus
1007 1959 1100 2009 jus3
1140 1961 1243 2009 quia·

115 2025 229 2060 tertio
248 2036 390 2065 mense,
411 2036 523 2072 quam
545 2023 726 2065 inierunt,
752 2035 938 2071 augurum
956 2024 1120 2066 decreto,
1142 2036 1225 2073 per-

116 2087 201 2123 inde
233 2100 276 2123 ae
303 2088 396 2122 vitio
426 2087 555 2128 creati,
584 2086 728 2121 honore
753 2086 902 2131 abiere,
935 2087 1035 2135 quod
1065 2087 1108 2123 C.
1129 2087 1226 2123 Cur-

115 2150 204 2191 tius,
226 2150 288 2197 qui
314 2150 476 2185 comitiis
502 2162 632 2185 eorum
658 2149 874 2199 praefuerat,
895 2162 1028 2200 parum
1046 2157 1147 2186 recte
1166 2157 1224 2187 ta-

116 2213 359 2250 bernaculum
379 2215 550 2263 cepisset.
605 2214 743 2262 Legati
766 2214 814 2251 ab
833 2215 959 2251 Ardea
978 2214 1143 2251 Romam
1160 2228 1223 2252 ve-

112 2283 264 2319 nerunt,
287 2278 338 2313 ita
357 2278 401 2314 de
422 2277 559 2329 injuria
577 2285 791 2327 querentes,
808 2285 863 2321 ut,
885 2279 914 2314 si
935 2279 1147 2315 demeretur
1165 2292 1243 2322 eas

634 2341 673 2378 N
687 2343 710 2378 3
