1573 2598
781 127 789 151 )

294 213 344 244 12
741 211 788 243 Τ.
814 214 951 246 L1V11

289 301 376 338 bem
395 303 520 346 matri,
542 314 608 339 seu
626 315 815 347 novercae,
836 303 1011 353 reliquit:
1039 314 1179 341 novam
1197 302 1278 354 ipse
1297 304 1410 344 aliam
1445 334 1450 343 .

291 366 360 402 sub
380 365 532 403 Albano
561 372 692 403 monte
718 366 888 403 condidit
903 383 914 412 3
946 380 1044 416 quae,
1071 366 1118 404 ab
1153 368 1229 404 situ
1257 381 1411 418 porrec-

71 435 340 483 A1b210ngatae
375 430 416 467 in
449 430 562 467 dorso
599 430 716 474 urbis,
747 429 886 479 Longa
912 430 1013 468 Alba
1049 430 1248 482 adpellata.
1276 428 1414 469 ’Inter

76 486 235 518 conditur.

81 1013 201 1046 Albani

82 1066 179 1098 teges.

290 495 495 533 Lavinium
531 501 570 531 et
598 493 738 531 Albam
773 493 951 543 Longam
984 495 1174 532 coloniam
1211 496 1412 544 deductam

290 559 451 608 triginta
467 558 585 595 ferme
612 558 817 594 interfuere
843 559 959 594 anni:
991 565 1141 595 tantum
1165 566 1294 597 tamen
1320 573 1411 611 opes

292 629 501 666 creverant,
530 623 692 659 maxime
717 622 810 658 fusis
836 622 1023 665 Etruscis,
1047 629 1089 659 ut
1111 636 1162 659 ne
1182 631 1304 661 morte
1329 625 1413 674 qui-

292 687 378 724 dem
410 686 560 729 AEneae,
590 698 660 722 nec
692 685 840 728 deinde,
869 686 970 722 inter
1002 686 1224 723 muliebrem
1254 686 1416 725 tutelam

293 750 622 799 rudimentumque
641 749 805 799 primum
823 749 976 799 puerilis
997 751 1118 798 regni,
1139 763 1291 787 movere
1311 763 1416 788 arma

295 820 362 851 aut
385 814 602 851 Mezentius
627 814 868 862 Etruscique,
893 820 959 851 aut
984 813 1049 850 ulli
1077 814 1142 851 alii
1169 814 1312 851 adcolae
1334 814 1416 852 ausi

296 880 384 915 sint.
440 879 523 915 Pax
559 879 614 915 ita
645 883 888 921 convenerat,
918 884 961 914 ut
988 878 1160 915 Etruscis
1190 878 1417 928 Latinisque

295 942 430 979 fluvius
459 941 614 985 Albula,
653 954 764 990 quem
799 953 900 977 nunc
937 941 1107 978 Tiberim
1138 948 1293 986 vocant,
1330 942 1416 978 finis

296 1013 407 1044 esset.
465 1006 601 1043 Silvius
640 1005 774 1042 deinde
807 1011 957 1054 regnat,
991 1006 1148 1042 Ascanii
1180 1005 1294 1049 filius,
1328 1017 1419 1042 casu

298 1071 463 1120 quodam
482 1071 521 1106 in
541 1070 643 1105 silvis
663 1075 787 1105 natus.
824 1068 862 1104 Is
883 1068 1037 1105 AEnean
1057 1069 1213 1105 Silvium
1234 1075 1349 1106 creat.
1378 1066 1418 1106 Is

299 1135 434 1171 deinde
452 1134 636 1171 Latinum
656 1133 826 1170 Silvium.
862 1132 924 1169 Ab
944 1146 990 1169 eo
1010 1133 1170 1170 coloniae
1189 1132 1336 1183 aliquot
1354 1133 1419 1171 de-

300 1199 437 1243 ductae,
453 1198 574 1236 Prisci
592 1198 725 1235 Latini
744 1196 936 1247 adpellati.
976 1197 1123 1233 Mansit
1143 1196 1266 1233 Silviis
1285 1203 1422 1247 postea

301 1262 477 1300 omnibus
507 1274 737 1311 cognomen,
767 1260 832 1310 qui
859 1260 969 1297 Albae
1001 1266 1220 1308 regnarunt.
1275 1258 1421 1298 Latino

301 1326 403 1364 Alba
421 1333 541 1370 ortus,
561 1325 663 1363 Alba
680 1326 792 1375 Atys,
808 1325 908 1375 Atye
929 1325 1068 1374 CapyS,
1089 1325 1218 1374 Capye
1238 1324 1420 1375 Capetus,

303 1391 451 1442 Capeto
483 1390 710 1436 Tiberinus3
743 1390 821 1439 qui,
855 1390 893 1426 in
925 1388 1089 1439 trajectu
1119 1388 1270 1425 Albulae
1299 1389 1421 1426 amnis

304 1455 533 1499 submersus,
555 1454 702 1491 celebre
721 1454 768 1490 ad
790 1459 964 1504 posteros
983 1465 1124 1489 nomen
1142 1452 1289 1489 flumini
1307 1452 1423 1490 dedit.

304 1521 477 1571 Agrippa
494 1520 582 1556 inde
600 1519 773 1556 Tiberini
792 1518 889 1555 filius
900 1534 911 1564 3
944 1526 1032 1568 post
1045 1518 1256 1568 Agrippam
1273 1517 1424 1555 Romu-

302 1584 361 1622 lus
383 1585 533 1628 Silvius,
555 1598 577 1621 a
595 1591 703 1635 patre
722 1589 879 1634 accepto
898 1583 1072 1633 imperio,
1092 1588 1239 1631 regnat.
1294 1583 1424 1619 Aven-

304 1649 402 1693 tino,
432 1648 591 1686 fulmine
624 1649 704 1699 ipse
728 1648 839 1691 ictus,
870 1659 1030 1696 regnum
1058 1659 1126 1697 per
1147 1658 1280 1683 manus
1306 1646 1424 1683 tradi-

305 1713 383 1749 dit:
415 1713 461 1756 is,
482 1711 650 1762 sepultus
669 1712 710 1748 in
729 1724 775 1748 eo
797 1709 908 1754 colle,
929 1711 992 1760 qui
1021 1723 1122 1747 nunc
1148 1717 1205 1746 est
1232 1723 1318 1761 pars
1341 1709 1426 1747 Ro-

305 1789 428 1813 manae
461 1776 578 1819 urbis,
613 1787 827 1824 cognomen
855 1773 944 1811 colli
973 1774 1076 1810 fecit.
1131 1773 1255 1811 Proca
1291 1773 1427 1811 deinde

306 1846 471 1889 regnat:
514 1841 544 1876 is
582 1840 827 1877 Numitorem
863 1845 977 1888 atque
1008 1837 1202 1875 Amulium
1238 1845 1425 1889 procreat.

306 1904 518 1947 Numitori,
546 1905 609 1953 qui
640 1904 766 1954 stirpis
796 1904 982 1939 maximus
1012 1910 1106 1946 erat,
1131 1915 1291 1951 regnum
1318 1909 1427 1940 vetu-

309 1974 410 2009 stum
439 1967 564 2003 Silviae
594 1968 718 2016 gentis
755 1966 871 2015 legat.
926 1965 1015 2002 Plus
1045 1972 1173 2014 tamen
1201 1966 1256 2002 vis
1285 1968 1427 2017 potuit,

311 2045 424 2084 quam
442 2031 617 2068 voluntas
646 2031 764 2082 patris
791 2037 857 2067 aut
874 2031 1100 2067 verecundia
1122 2031 1256 2068 aetatis.
1311 2031 1429 2069 Pulso

311 2097 441 2140 fratre,
471 2095 644 2133 Amulius
674 2101 835 2144 regnat:
875 2095 979 2131 addit
1007 2095 1137 2131 sceleri
1167 2095 1310 2132 scelus:
1342 2097 1429 2132 stir-

312 2174 398 2212 pem
435 2160 562 2198 fratris
599 2160 744 2197 virilem
779 2160 989 2196 interimit:
1027 2159 1154 2196 fratris
1191 2160 1276 2196 filiae
1308 2160 1430 2197 Rheae

314 2224 438 2262 Silviae
476 2238 542 2276 per
572 2225 734 2275 speciem
770 2225 941 2268 honoris,
975 2237 1090 2273 quum
1118 2224 1310 2261 Vestalem
1347 2237 1431 2263 eam

310 2291 482 2340 legisset,
503 2297 684 2341 perpetua
702 2290 919 2339 virginitate
939 2302 1043 2340 spem
1063 2296 1191 2341 partus
1212 2291 1355 2328 adimit.

369 2355 440 2394 lV.
471 2356 544 2394 Sed
573 2354 793 2402 debebatur,
820 2361 862 2392 ut
891 2355 1040 2407 opinor,
1067 2355 1155 2393 fatis
1177 2362 1295 2394 tantae
1321 2355 1432 2404 origo
