1573 2598
365 175 520 205 menn
544 175 592 204 v.
627 173 735 203 cAP.
758 173 839 202 xx„
1087 161 1172 216 389

55 280 160 315 num,
181 281 274 319 quos
301 270 340 305 in
361 268 593 319 Capitolium
614 274 726 317 atque
746 267 784 302 in
812 278 936 302 arcem
965 277 1170 316 proseque-
1184 273 1226 303 U.
1238 272 1272 303 C.
1290 274 1364 304 365.

56 331 209 377 bantur,
248 332 554 369 commendantes
591 330 724 368 virtuti
759 342 888 366 eorum
926 329 1171 380 juventaeque
1183 317 1367 351 A·C·'³⁸7'

57 397 160 433 urbis
190 411 256 448 per
284 403 478 434 trecentos
504 396 701 445 sexaginta
727 406 847 431 annos
868 393 1044 431 omnibus
1063 393 1174 430 bellis

56 462 236 505 victricis,
261 474 506 512 quaecumque
534 460 680 509 reliqua
706 465 818 502 esset,
838 458 1044 495 fortunam.
1101 457 1175 494 Di-

57 526 329 573 gredientibus,
354 528 417 576 qui
447 538 553 576 spem
581 536 734 562 omnem
764 530 878 573 atque
907 536 1019 574 opem
1048 535 1176 560 secum

56 588 244 633 ferebant,
266 591 312 627 ab
333 591 393 634 iis,
414 590 478 639 qui
498 595 618 640 captae
639 588 744 624 urbis
770 600 850 624 non
877 599 1071 638 superesse
1098 593 1176 623 sta-

56 659 209 690 tuerant
229 655 346 691 exitio
362 671 373 700 3
406 667 522 704 quum
548 655 630 704 ipsa
649 665 708 689 res
738 653 956 703 speciesque
977 651 1177 688 miserabi-

55 716 102 754 lis
123 725 216 762 erat,
235 725 318 755 tum
344 718 538 756 muliebris
556 718 668 755 fletus
696 724 733 753 et
753 716 996 753 concursatio
1015 716 1175 759 incerta,

56 795 158 818 nunc
182 783 253 819 hos
272 796 374 821 nunc
392 783 478 820 illos
498 783 752 833 sequentium,
773 782 1102 831 rogitantiumque
1119 781 1177 816 vi-

58 859 121 883 ros
145 853 346 898 natosque,
367 848 428 885 cui
451 860 492 885 se
508 847 592 885 fato
612 847 759 890 darent,
781 845 891 890 nihil,
913 845 1178 895 quodhuma-
1204 872 1206 874 v

59 910 118 946 nis
141 918 352 961 superesset
370 910 495 954 malis,
514 911 782 961 relinquebant
801 925 809 946 z
841 923 981 959 magna
1005 921 1092 960 pars
1117 916 1179 946 ta·

59 986 147 1010 men
167 986 295 1011 earum
314 976 352 1011 in
373 987 498 1012 arcem
517 987 604 1011 suos
631 981 844 1026 prosecutae
871 981 973 1017 sunt,
993 987 1064 1010 nec
1089 987 1179 1024 pro-

59 1037 216 1075 hibente
243 1038 336 1083 ullo,
356 1051 427 1075 nec
445 1044 633 1075 vocante:
667 1039 768 1088 quia,
798 1038 900 1087 quod
927 1038 1021 1074 utile
1049 1038 1180 1074 obses-

61 1102 111 1138 sis
132 1103 178 1140 ad
196 1103 441 1140 minuendam
459 1102 640 1139 inbellem
659 1102 958 1146 multitudinem,
979 1102 1016 1138 id
1045 1115 1180 1154 parum

60 1168 269 1204 humanum
298 1174 390 1205 erat.
448 1167 536 1203 Alia
563 1168 728 1204 maxime
758 1166 879 1217 plebis
909 1166 1036 1210 turba,
1067 1179 1181 1216 quam

60 1244 131 1268 nec
148 1245 281 1284 capere
295 1239 375 1269 tam
390 1233 548 1281 exiguus
565 1231 687 1275 collis,
703 1244 774 1268 nec
793 1231 893 1268 alere
912 1232 952 1267 in
971 1238 1081 1268 tanta
1094 1232 1181 1267 ino-

60 1296 126 1346 pia
151 1297 330 1334 frumenti
359 1302 525 1348 poterat,
556 1309 603 1333 ex
632 1295 726 1332 urbe
755 1295 873 1332 effusa
896 1294 1001 1331 velut
1030 1295 1182 1344 agmine

52 1359 139 1409 jam
168 1374 244 1397 uno
272 1362 384 1412 petiit
402 1359 646 1397 Janiculum:
677 1359 766 1396 inde
794 1372 880 1410 pars
907 1372 974 1410 per
994 1372 1104 1409 agros
1125 1359 1182 1394 di-

62 1423 172 1475 lapsi,
193 1438 280 1476 pars
300 1425 412 1462 urbes
432 1432 569 1476 petunt
587 1425 783 1469 finitimas,
805 1426 886 1461 sine
905 1424 984 1461 ullo
1004 1425 1098 1461 duce
1117 1429 1184 1460 aut

62 1501 265 1534 consensu,
286 1503 393 1527 suam
413 1491 570 1540 quisque
590 1503 709 1541 spem,
731 1503 798 1527 sua
818 1489 991 1533 consilia,
1013 1501 1185 1526 commu·
1240 1488 1243 1489 ⁷

61 1553 173 1590 nibus
193 1554 413 1605 deploratis,
435 1562 696 1604 exsequentes.
736 1555 894 1592 Flamen
914 1555 1068 1591 interim
1087 1553 1185 1592 Qui-

61 1617 191 1654 rinalis
222 1619 460 1669 virginesque
488 1619 676 1663 Vestales,
707 1618 849 1656 omissa
877 1632 1003 1655 rerum
1032 1629 1186 1654 suarum

63 1694 167 1724 cura,
188 1695 270 1731 quae
293 1695 487 1720 sacrorum
512 1696 641 1720 secum
665 1684 833 1727 ferenda,
856 1679 938 1732 quae
962 1683 1069 1731 (quia
1087 1682 1186 1716 vires

64 1746 110 1781 ad
135 1747 265 1783 omnia
289 1746 445 1783 ferenda
471 1748 643 1793 deerant)
666 1748 912 1797 relinquenda
931 1752 1070 1789 essent,
1092 1757 1185 1781 con-

64 1809 264 1855 sultantes,
285 1812 415 1861 quisve
443 1825 486 1848 ea
512 1812 617 1849 locus
642 1812 743 1848 fideli
769 1813 1032 1848 adservaturus
1058 1815 1186 1845 custo-

65 1873 127 1910 dia
148 1881 270 1920 esset3
305 1875 493 1926 optimum
519 1876 677 1919 ducunt,
703 1876 857 1912 condita
878 1875 919 1910 in
949 1871 1099 1910 doliolis
1126 1884 1186 1908 sa-

65 1936 161 1973 cello
186 1939 362 1988 proximo
391 1939 532 1975 aedibus
555 1939 718 1975 flaminis
743 1937 968 1980 Quirinalis,
989 1936 1056 1973 ubi
1083 1947 1186 1971 nunc

65 1999 195 2050 despui
223 2002 358 2051 religio
385 2009 456 2046 est,
481 2003 686 2039 defodere:
719 2009 844 2039 cetera
873 2003 972 2037 inter
1001 2013 1041 2036 se
1070 2011 1188 2035 onere

66 2066 207 2115 partito
230 2066 358 2102 ferunt
382 2067 457 2110 via,
479 2080 562 2116 quae
589 2067 750 2103 sublicio
779 2072 897 2116 ponte
926 2065 1031 2101 ducit
1054 2064 1101 2099 ad
1118 2063 1187 2099 Ja-

67 2128 246 2179 niculum:
303 2130 350 2166 In
388 2143 433 2167 eo
470 2131 568 2167 clivo
605 2144 666 2167 eas
705 2144 819 2180 quum
847 2130 893 2166 L.
915 2128 1106 2170 AlbiniuS,
1141 2125 1187 2161 de
1198 2132 1320 2181 Albini}

69 2191 179 2244 plebe
197 2192 375 2230 Romana
400 2196 531 2239 homo,
554 2195 827 2245 conspexisset,
855 2193 1025 2244 plaustro
1052 2188 1186 2240 conju·
1199 2183 1307 2216 pietas.

71 2269 157 2306 gem
185 2270 228 2293 ac
256 2256 394 2294 liberos
420 2260 557 2295 vehens
588 2260 686 2295 inter
715 2264 880 2295 ceteram
908 2256 1073 2297 turbam,
1104 2267 1186 2302 quae

71 2319 215 2359 inutilis
238 2320 340 2357 bello
365 2320 457 2358 urbe
482 2321 712 2358 excedebat:
746 2321 851 2357 salvo
871 2321 986 2356 etiam
1010 2324 1091 2355 tum
1111 2317 1187 2353 dis-

600 2384 624 2420 S
644 2385 667 2420 3
