1573 2598
400 166 554 195 LIBER
579 164 648 193 vl.
681 164 786 193 CAP.
811 164 942 193 xxu.
1142 164 1226 208 439

116 261 249 293 natum
275 260 357 300 est;
390 254 443 290 ita
470 260 511 289 ut
536 253 797 304 propinquitas
818 252 920 288 urbis
940 252 1041 288 hosti
1062 259 1099 288 et
1119 265 1226 288 caus-

117 331 159 355 sa
178 318 393 354 maturioris
414 317 528 366 sugae,
550 323 586 352 et
614 329 730 352 unum
757 329 802 352 ex
830 315 920 365 suga
948 316 1227 366 receptaculum

115 389 226 419 esset.
300 382 440 432 Oppidi
478 381 763 432 obpugnatione
799 380 942 416 tribuni
980 380 1222 426 abstinuere3

115 447 203 496 quia
223 454 260 483 et
281 460 418 497 anceps
445 452 539 488 erat,
560 458 629 481 nec
655 446 694 481 in
722 446 928 495 perniciem
949 444 1109 482 coloniae
1130 459 1224 495 pug-

118 513 285 548 nandum
319 511 535 548 censebant.
592 510 731 547 Literae
770 510 933 547 Romam
971 511 1016 547 ad
1054 517 1227 547 senatum

117 590 203 613 cum
217 577 384 613 victoriae
401 576 562 617 nunciis,
577 576 739 611 acriores
756 576 793 611 in
812 576 1099 619 Praenestinum,
1115 589 1229 625 quam

115 642 155 677 in
174 641 408 677 Veliternum
437 640 600 682 hostem,
629 641 762 677 missae.
819 640 953 689 Itaque
981 654 1026 677 ex
1056 647 1227 676 senatus-

114 704 290 741 consulto
316 703 520 754 populique
543 702 653 752 jussu
683 703 821 739 bellum
843 704 1086 740 Praenestinis
1106 705 1227 740 indic-

113 774 220 804 tum:
253 768 331 816 qui,
362 765 556 817 conjuncti
580 767 744 810 Volscis,
775 780 876 803 anno
906 768 1128 816 insequente
1158 769 1225 804 Sa-

112 832 263 875 tricum,
285 831 474 868 coloniam
500 830 629 881 populi
650 830 818 866 Romani
847 831 1092 881 pertinaciter
1116 845 1140 868 a
1160 845 1224 868 co-

111 896 210 933 lonis
238 895 444 938 defensam,
465 896 502 931 vi
528 901 808 945 expugnarunt,
836 895 1011 944 foedeque
1038 896 1076 931 in
1103 896 1223 946 captis

111 973 315 997 exercuere
351 960 562 995 victoriam.
618 960 715 995 Eam
752 972 831 995 rem
868 972 966 1008 aegre
1004 961 1103 1009 passi
1141 960 1222 996 Ro·
1237 960 1362 990 U·C·³
1389 967 1420 990 ⁴-

115 1025 231 1067 mani,
268 1023 325 1060 M.
358 1023 514 1059 Furium
552 1022 755 1060 Camillum
790 1024 993 1074 septimum
1029 1003 1419 1061 tribunumA.C.3Js.

112 1088 277 1124 militum
303 1100 475 1124 creavere
492 1101 500 1122 :
533 1087 647 1123 additi
671 1087 826 1136 collegae
845 1088 893 1125 A.
914 1094 951 1124 et
969 1087 1016 1124 L.
1037 1088 1225 1125 Postumii

112 1150 365 1200 Regillenses,
396 1164 439 1187 ac
462 1151 508 1187 L.
529 1150 679 1194 Furius,
710 1165 793 1187 cum
826 1151 871 1189 L.
892 1151 1073 1190 Lucretio
1103 1158 1141 1188 et
1165 1152 1223 1190 M.

109 1215 233 1253 Fabio
256 1215 459 1252 Ambusto.
515 1214 697 1251 Volscum
724 1214 867 1251 bellum
894 1215 951 1251 M.
970 1215 1087 1252 Furio
1117 1210 1403 1286 extragglllslgffm·

106 1280 282 1317 ordinem
319 1280 537 1316 decretum:
574 1278 726 1329 adjutor
762 1293 809 1317 ex
845 1280 1007 1316 tribunis
1045 1287 1147 1317 sorte
1175 1281 1222 1319 L.

109 1345 244 1382 Furius
273 1344 409 1390 datur3
442 1357 519 1381 non
548 1350 629 1381 tam
659 1357 679 1381 e
706 1344 914 1395 republica,
939 1358 1052 1394 quam
1075 1352 1117 1381 ut
1144 1345 1222 1386 col÷

106 1408 203 1457 legae
222 1409 381 1444 materia
405 1408 453 1445 ad
478 1420 630 1444 omnem
658 1407 807 1444 laudem
834 1415 956 1454 esset3
990 1414 1028 1444 et
1056 1409 1222 1459 publice,

109 1472 212 1522 quod
247 1484 327 1507 rem
353 1471 568 1507 temeritate
597 1471 677 1520 ejus
707 1471 923 1521 prolapsam
951 1474 1146 1519 restituit3
1185 1480 1224 1510 et

107 1536 298 1587 privatim,
324 1535 425 1584 quod
451 1548 497 1571 ex
523 1547 649 1571 errore
677 1536 841 1584 gratiam
869 1536 996 1587 potius
1024 1536 1103 1587 ejus
1133 1537 1239 1581 sibis

107 1612 221 1649 quam
257 1612 362 1635 suam
400 1598 574 1647 gloriam,
612 1599 735 1649 petiit.
791 1600 948 1636 Exactae
978 1599 1063 1650 jam
1100 1594 1239 1642 aetatis‘

109 1663 290 1701 Camillus
321 1669 415 1707 erat,
447 1663 686 1713 comitiisque
708 1662 841 1713 jurare
868 1670 1004 1714 parato
1040 1665 1080 1700 in
1108 1664 1224 1707 verba

108 1727 332 1763 excusandae
363 1727 571 1764 valetudini
608 1727 722 1764 solita
755 1741 960 1764 consensus
998 1728 1130 1779 populi
1162 1742 1221 1765 re-

107 1792 282 1828 stiterat:
323 1791 388 1827 sed
415 1797 593 1840 vegetum
620 1793 817 1841 ingenium
845 1793 885 1828 in
912 1793 1038 1828 vivido
1067 1798 1222 1843 pectore

104 1855 273 1904 vigebat,
295 1855 515 1905 virebatque
537 1856 695 1905 integris
716 1856 902 1900 sensibus,
923 1862 962 1892 et
988 1856 1114 1892 civiles
1137 1856 1222 1907 jam

106 1931 165 1955 res
202 1919 304 1956 haud
344 1933 574 1970 magnopere
611 1920 816 1956 obeuntem
852 1919 953 1956 bella
989 1920 1221 1962 excitabant.

107 1983 285 2023 Quatuor
309 1982 524 2032 legionibus
546 1983 771 2033 quaternum
790 1983 951 2020 millium
969 1984 1133 2033 scriptis,
1155 1997 1220 2021 ex-

107 2048 227 2083 ercitu
254 2048 399 2084 indicto
428 2049 476 2084 ad
511 2054 661 2098 portam
689 2048 929 2098 Esquilinam
957 2049 996 2084 in
1025 2055 1221 2098 posterum

106 2109 220 2153 diem,
255 2111 301 2147 ad
338 2111 526 2147 Satricum
554 2109 760 2161 profectus.
817 2111 878 2147 Ibi
907 2124 997 2151 eum
1023 2124 1218 2160 expugna-

105 2174 386 2210 tores-coloniae
412 2175 702 2224 haudquaquam
730 2174 906 2225 perculsi,
931 2174 1088 2210 fidentes
1118 2175 1217 2213 mili.-

105 2242 186 2272 tum
216 2250 387 2281 numero,
409 2251 484 2288 quo
513 2238 750 2287 aliquantum
775 2238 1022 2288 praestabant,
1044 2240 1216 2288 opperie-

106 2298 271 2340 bantur:
303 2307 503 2352 postquam
533 2300 837 2352 adpropinquare
862 2300 1059 2338 Romanos
1090 2315 1217 2342 sense-

616 2365 697 2403 U4
