1573 2598
78 227 121 260 U.
138 227 175 258 c.
192 232 267 260 ³06.

77 272 117 302 Α.
134 271 170 303 C.
188 276 263 303 446.

289 121 370 173 246
753 133 798 162 τ.
823 134 956 162 mvn

295 222 454 266 lubriter,
478 227 512 258 et
541 226 681 257 mac-ure
703 221 829 270 perfici
850 225 981 269 potest.
1039 220 1081 256 Si
1105 219 1318 257 trahendum
1339 226 1404 264 est,

292 299 369 335 ego,
398 291 439 323 ut
468 288 506 322 in
534 286 608 322 dies
634 297 712 334 spes
737 286 918 334 virtusque
943 290 1061 321 vestra
1088 289 1234 327 crescat,
1264 285 1419 328 eadem„

291 363 362 399 qua
390 350 542 393 institui,
573 349 763 396 disciplina
790 348 953 397 efficiam.
1009 348 1053 384 Si
1070 346 1153 395 jam
1178 349 1267 384 satis
1293 349 1406 384 animi

290 419 355 458 est,
376 415 586 462 decernique
606 414 741 461 placet,
762 415 958 462 agitedum,
979 414 1181 457 clamorem,
1202 414 1344 462 qualem
1367 413 1406 457 iri

289 481 365 516 acie
382 478 558 515 sublaturi
581 479 676 521 estis,
699 479 813 516 tollite
840 479 910 522 hic,
930 480 1083 516 indicem
1108 480 1303 515 voluntatis
1330 479 1403 514 vir-

290 546 444 593 tutisque
460 548 595 591 vestrae.
651 542 859 592 Postquam
878 544 1025 593 ingenti
1045 543 1240 579 alacritate
1259 542 1403 579 clamor,

288 615 345 645 est
374 608 558 651 sublatus,
582 601 697 649 Quod
712 608 796 644 bene
817 613 947 658 vertq,
970 613 1155 657 gesturum
1175 620 1211 643 se
1234 609 1308 644 illis
1324 619 1400 644 mo-

287 686 374 716 rem,
400 679 613 722 posteroque
641 674 698 708 die
725 674 763 708 in
790 674 902 709 aciem
930 674 1180 715 deducturum,
1214 671 1400 708 adfirmat.

286 738 492 788 Reliquum
529 738 603 775 diei
640 737 864 788 adparandis
901 738 1013 774 armis
1051 743 1291 774 consumtum
1328 742 1398 773 est.

284 803 446 840 Postero
475 803 534 840 die
563 801 675 838 simul
703 802 839 838 instrui
867 801 1084 838 Romanam
1113 802 1233 837 aciem
1266 799 1398 837 Sabini

284 868 423 912 videre,
441 873 478 904 et
507 868 593 917 ipsi,
614 866 697 917 jam
725 866 870 916 pridem
892 866 991 902 avidi
1015 866 1244 908 certaminis,
1265 877 1398 915 proce-

284 932 390 968 dunt.
446 930 630 967 Proelium
665 929 753 973 fuit,
784 928 894 978 quale
927 930 1026 965 inter
1055 929 1212 965 fidentes
1246 928 1399 964 sibimet

283 995 396 1032 ambo
429 995 631 1038 exercitus,
657 994 793 1030 veteris
822 1000 1088 1044 perpetuaeque
1120 992 1280 1029 alterum
1313 991 1398 1041 glo-

281 1060 360 1103 riae,
382 1059 543 1096 alterum
563 1071 684 1109 nuper
708 1071 809 1096 nova
825 1060 987 1096 victoria
1012 1059 1165 1096 elatum.
1223 1057 1398 1095 Consilio

281 1124 395 1159 etiam
426 1122 558 1159 Sabini
577 1123 674 1159 vires
704 1122 904 1173 adjuvere:
937 1136 1026 1160 nam
1045 1136 1161 1173 quum
1184 1127 1396 1172 aequassent

280 1188 414 1230 aciem,
435 1187 511 1224 duo
538 1193 646 1223 extra
670 1187 842 1224 ordinem
867 1187 999 1231 millia,
1019 1200 1103 1237 quae
1131 1187 1171 1223 in
1200 1186 1395 1222 sinistrum

279 1263 400 1287 cornu
420 1250 685 1287 Romanorum
713 1252 752 1286 in
778 1252 861 1300 ipso
887 1253 1092 1289 certamine
1120 1251 1395 1303 inpressionem

277 1315 461 1359 facerent,
477 1321 652 1352 tenuere:
675 1328 756 1364 quae
777 1315 856 1359 ubi,
877 1314 1003 1351 inlatis
1024 1327 1070 1351 ex
1088 1320 1303 1350 transverso
1319 1313 1396 1362 sig-

278 1380 352 1424 nis,
372 1378 630 1429 degravabant
655 1392 773 1430 prope
796 1380 1093 1416 circumventum
1113 1391 1256 1424 cornu5
1287 1377 1393 1426 equi-

279 1451 335 1480 tes
365 1445 524 1480 duarum
557 1443 751 1493 legionum
781 1445 950 1480 sexcenti
977 1443 1055 1480 fere
1085 1457 1131 1480 ex
1160 1443 1264 1493 equis
1293 1442 1391 1479 desi-

276 1507 389 1552 liunt,
411 1509 706 1558 cedentibusque
717 1507 801 1559 jam
821 1509 896 1545 suis
916 1507 1118 1559 provolant
1136 1509 1174 1544 in
1201 1507 1387 1558 primum3

276 1573 462 1623 simulque
483 1579 521 1610 et
546 1573 650 1609 hosti
675 1585 715 1609 se
743 1572 958 1623 obponunt,
979 1579 1031 1617 et,
1053 1578 1201 1622 aequato
1226 1572 1389 1622 primum

274 1637 460 1689 periculo,
481 1638 625 1688 pudore
644 1638 778 1674 deinde
798 1638 944 1674 animos
970 1638 1139 1688 peditum
1164 1635 1388 1673 accendunt.

276 1701 524 1738 Verecundiae
545 1708 639 1745 erat,
661 1703 826 1751 equitem
845 1714 913 1738 suo
933 1701 1132 1751 alienoque
1150 1706 1270 1736 marte
1291 1711 1388 1750 pug-

275 1778 390 1802 nare:
422 1766 589 1816 peditem
614 1779 663 1803 ne
688 1766 735 1803 ad
764 1767 875 1817 pedes
895 1765 1046 1816 quidem
1071 1765 1248 1815 degresso
1271 1763 1389 1814 equiti

271 1842 400 1880 parem
419 1842 512 1868 esse.

328 1895 482 1932 LXIII.
512 1896 668 1932 Vadunt
693 1897 810 1945 igitur
838 1897 877 1932 in
906 1895 1082 1946 proelium
1106 1894 1153 1931 ab
1183 1906 1250 1930 sua
1277 1899 1386 1943 parte

270 1962 453 1998 omissum
469 1977 480 2008 3
520 1969 558 1998 et
595 1961 735 2005 locum,
765 1975 813 1999 ex
840 1974 916 2011 quo
945 1967 1148 2003 cesserant,
1178 1964 1379 2009 repetunt:

269 2032 541 2076 momentoque
566 2039 644 2062 non
673 2027 849 2063 restituta
876 2025 990 2062 modo
1015 2038 1156 2076 pugna,
1181 2023 1245 2060 sed
1274 2021 1382 2059 incli-

267 2096 381 2126 natur
400 2092 517 2127 etiam
537 2090 687 2127 Sabinis
708 2103 838 2127 cornu.
884 2090 1010 2140 Eques
1031 2091 1129 2125 inter
1148 2088 1295 2125 ordines
1316 2099 1382 2138 pe-

268 2155 388 2191 ditum
417 2162 540 2192 tectus
571 2168 610 2192 se
639 2155 686 2192 ad
715 2168 830 2205 equos
860 2155 1019 2205 recipit:
1056 2152 1265 2190 transvolat
1293 2150 1382 2187 inde

267 2218 306 2253 in
335 2224 481 2268 partem
511 2219 682 2262 alteram,
703 2219 778 2255 suis
799 2219 966 2255 victoriae
993 2219 1180 2262 nuncius3
1213 2214 1322 2252 simul
1341 2221 1381 2250 et

265 2282 304 2318 in
334 2282 460 2319 hostes
484 2282 568 2334 jam
597 2284 766 2335 pavidOS,
788 2284 926 2334 quippe
944 2282 1030 2319 fuso
1050 2293 1126 2318 suae
1146 2280 1263 2332 partis
1285 2278 1376 2316 vali-
