1573 2598
73 280 128 316 Ὀ.
144 285 181 318 C.
197 291 271 318 263.

82 329 123 361 Δ.
137 328 176 360 C.
191 337 266 364 489.

83 410 230 451 Ingratus

81 454 152 484 Jovi
169 465 248 495 prae.

81 496 226 530 sultator.

93 2290 171 2323 Attii
185 2289 275 2321 'runi

93 2333 203 2365 Volsci

93 2377 200 2410 dolus.

299 196 379 241 132
749 203 794 232 τ.
823 203 952 233 mvn

297 286 499 323 commisso
529 288 758 337 spectaculo,
786 289 855 326 sub
882 290 989 327 furca
1011 303 1149 327 caesum
1172 291 1297 330 medio
1325 305 1414 342 ege·

296 356 356 387 rat
373 352 474 387 circo
493 365 502 387 z
533 352 649 401 coepti
668 352 756 390 inde
775 353 866 398 ludi,
886 354 989 391 velut
1009 368 1054 392 ea
1077 368 1135 392 res
1161 356 1258 393 nihil
1283 357 1330 393 ad
1355 369 1415 393 re-

296 404 479 464 ligionem
515 415 768 465 pertinuisset.
829 417 945 454 Haud
982 419 1037 455 ita
1072 419 1194 456 multo
1231 426 1319 470 post
1353 419 1416 457 Ti.

297 479 447 522 Atinio,
467 478 513 514 de
540 478 650 528 plebe
678 478 838 524 homini,
863 482 1051 518 somnium
1072 482 1157 519 fuit.
1213 482 1326 520 Visus
1345 483 1417 519 Ju-

298 543 397 594 piter
419 542 556 585 dicere,
578 543 654 579 Sibi
673 544 767 580 ludis
780 547 1064 593 praesultatorem
1084 548 1325 596 displicuisse:
1350 548 1420 584 nisi

296 608 483 656 magnifice
506 608 790 644 instaurarentur
814 609 851 644 hi
876 609 965 652 ludi,
990 612 1188 658 periculum
1211 612 1290 648 urbi
1306 610 1420 660 fore:

296 673 379 715 iret,
399 683 441 708 ea
463 671 658 708 consulibus
677 674 870 709 nunciaret.
927 674 1168 723 Quamquam
1196 676 1297 712 haud
1326 687 1419 712 sane

297 733 394 772 liber
422 742 504 772 erat
530 734 715 784 religione
743 737 905 781 animus,
926 740 1152 775 verecundia
1178 745 1306 776 tamen
1336 752 1416 776 ma·

291 797 446 850 jestatis
474 799 764 847 magistratuum
792 801 969 838 timorem
988 803 1093 846 vicit,
1114 816 1162 839 ne
1190 804 1229 839 in
1252 815 1319 840 ora
1344 803 1417 840 ho-

299 862 445 899 minum
473 875 543 912 pro
571 862 735 899 ludibrio
763 863 896 901 abiret.
951 864 1102 914 Magno
1123 866 1178 902 illi
1198 879 1243 903 ea
1261 873 1417 903 cuncta-

299 927 356 964 tio
379 927 510 963 stetit:
543 925 661 962 filium
691 939 854 976 namque
878 929 977 964 intra
999 941 1140 978 paucos
1163 930 1240 966 dies
1265 930 1413 966 amisit:

300 990 406 1040 cujus
432 990 639 1040 repentinae
665 989 780 1028 cladis
804 1004 852 1027 ne
877 1004 1009 1028 caussa
1035 993 1150 1030 dubia
1177 1000 1288 1037 esset,
1316 1007 1418 1042 aegro

300 1055 418 1092 animi
447 1054 575 1090 eadem
604 1053 669 1089 illa
697 1055 734 1090 in
765 1056 908 1091 somnis
939 1055 1141 1093 observata
1169 1058 1311 1107 species
1338 1058 1437 1093 visa'

279 1125 359 1159 ,est
394 1119 575 1167 rogitare,
610 1119 725 1154 Satin'
760 1131 926 1166 magnam
955 1122 1063 1168 spreti
1096 1122 1248 1157 numinis
1280 1121 1420 1157 haberet

298 1184 493 1220 mercedem
509 1183 529 1218 5²
555 1181 725 1229 majorem
753 1184 896 1226 instare,
922 1185 960 1219 ni
984 1189 1042 1220 eat
1069 1197 1230 1233 propere,
1258 1198 1302 1220 ac
1327 1197 1418 1220 nun-

298 1249 367 1284 ciet
385 1247 590 1284 consulibus.
646 1246 732 1282 Jam
763 1248 986 1296 praesentior
1014 1260 1072 1284 res
1099 1255 1201 1284 erat:
1235 1255 1417 1284 cunctan-

299 1317 378 1348 tem
399 1317 525 1346 tamen
545 1323 589 1346 ac
615 1310 868 1360 prolatantem
890 1311 1023 1359 ingens
1044 1311 1098 1347 vis
1130 1311 1252 1347 morbi
1283 1312 1419 1348 adorta
1441 1352 1448 1354 ‚

301 1381 360 1412 est
386 1373 580 1411 debilitate
609 1373 745 1410 subita.
801 1374 900 1410 Tum
931 1376 1122 1411 enimvero
1152 1375 1328 1412 Deorum
1361 1376 1418 1412 ira

301 1439 523 1476 admonuit:
563 1438 682 1475 fessus
713 1439 829 1487 igitur
862 1439 969 1475 maiis
1006 1440 1208 1489 praeteritis
1239 1440 1418 1476 instanti-

299 1503 460 1553 busque,
484 1503 644 1540 consilio
672 1504 972 1552 propinquorum
999 1504 1171 1540 adhibito
1199 1517 1314 1553 quum
1340 1505 1419 1540 visa

301 1575 416 1617 atque
444 1569 586 1610 audita,
617 1573 654 1604 et
684 1567 923 1604 obversatum
953 1569 1066 1603 toties
1098 1580 1233 1604 somno
1262 1568 1417 1611 Jovem,

301 1633 422 1669 minas
452 1633 600 1681 irasque
623 1631 809 1674 coelestes,
837 1638 1123 1681 repraesentatas
1153 1632 1302 1668 casibus
1326 1632 1437 1674 suis,·

304 1697 566 1747 exposuisset5
607 1709 794 1732 consensu
830 1696 918 1732 inde
954 1696 1054 1732 haud
1088 1696 1204 1732 dubio
1234 1697 1420 1737 omnium,

304 1761 369 1810 qui
391 1759 562 1804 aderant,
586 1760 624 1796 in
651 1759 776 1796 forum
802 1759 849 1796 ad
873 1758 1046 1795 consules
1069 1758 1204 1795 lectica
1227 1759 1418 1795 adfertur:

305 1824 393 1861 inde
420 1824 460 1860 in
482 1824 625 1860 curiam
646 1821 757 1873 jussu
779 1822 979 1859 consulum
1007 1822 1167 1866 delatus,
1195 1823 1326 1859 eadem
1356 1822 1419 1859 illa

304 1902 420 1939 quum
449 1889 627 1926 Patribus
656 1890 801 1937 ingenti
833 1889 1003 1925 omnium
1032 1888 1282 1925 admiratione
1310 1900 1420 1924 enar-

306 1960 454 2000 rassetj,
490 1966 578 1989 ecce
609 1953 710 1999 aliud
747 1952 994 1989 miraculum:
1036 1952 1098 2000 qui
1135 1957 1266 2001 captus
1296 1952 1420 1988 omni·

305 2019 376 2055 bus
409 2017 586 2054 membris
617 2017 761 2053 (letatus
795 2017 834 2052 in
867 2017 1010 2052 curiam
1043 2022 1154 2058 esset,
1194 2028 1278 2051 eum
1312 2015 1422 2052 func-

303 2089 388 2120 tum
417 2082 542 2119 officio
569 2081 728 2132 pedibus
756 2081 832 2117 suis
862 2081 1013 2117 domum
1042 2079 1211 2123 rediisse,
1241 2080 1422 2116 traditum

305 2147 498 2185 memoriae
519 2152 587 2182 est.

361 2213 579 2250 XXXVII.
607 2212 707 2249 Ludi
737 2224 849 2261 quarn
878 2211 1097 2261 amplissimi
1120 2217 1161 2247 ut
1190 2211 1336 2252 fierent,
1364 2222 1423 2247 se-

306 2285 419 2316 natus
443 2270 618 2314 deci-etit.
674 2277 735 2313 Ad
758 2289 821 2313 eos
847 2276 970 2319 ludos,
990 2282 1145 2313 auctore
1163 2276 1274 2312 Attio
1293 2274 1421 2318 Tullo,

309 2344 365 2381 vis
383 2355 523 2393 magua
543 2341 770 2380 Volscorum
786 2342 901 2379 venit.
956 2341 1183 2392 Priusquam
1208 2340 1423 2378 committe—

1562 2079 1566 2090 ,

1548 2134 1569 2175 ἡ·,

1545 2584 1555 2598 μ,
1543 2539 1558 2570 3,
1545 2509 1555 2532 -ι
1549 2493 1554 2502 Δ
1544 2464 1556 2486 κ,
1542 2327 1563 2457 ,ιμ’-μω.
1540 2205 1568 2318 φξντῃμ
