1573 2598
412 222 565 250 LIBER
590 220 666 249 1v.-
691 219 990 263 cArzxxvll.
1179 218 1262 261 2933

149 309 300 347 vincula
336 310 451 345 etiam
480 308 566 345 duci
599 312 766 357 possent,
824 306 928 349 Sors,
959 311 1002 344 ut
1034 305 1477 356 ᾶίεῑειῒοτςωᾙῖσωιιη

149 374 304 418 diceret,
345 377 449 423 (nam
486 386 534 409 ne
569 372 608 408 id
643 371 793 420 quidem
830 372 930 407 inter
967 370 1130 419 collegas
1168 383 1259 414 con:
1271 351 1365 400 Asc?
1383 357 1475 402 ⁴²82&

148 438 320 485 venerat)
342 437 389 474 T.
409 437 594 476 Quinctio.
616 436 763 472 evenit:
795 435 826 471 is
846 435 894 471 A.
914 435 1152 470 Postumium
1181 434 1458 484 Tu-quostumius

150 502 315 546 bertum,
346 515 518 538 socerum
548 514 670 544 suum,
702 502 926 538 severissimi
955 501 1101 550 imperii
1123 488 1259 545 virum,
1273 480 1416 509 motator.

151 567 376 604 dictatorem
395 567 490 603 dixit
509 580 516 601 τ
549 566 596 602 ab
615 579 660 603 eo
681 566 726 603 L.
747 566 870 602 Julius
890 566 1070 614 magister
1092 567 1263 615 equitum

151 638 208 669 est
227 632 362 668 dictus.
402 630 521 667 Simul
540 631 701 667 edicitur
719 637 757 667 et
769 630 963 681 justitium
980 644 986 665 :
1018 642 1140 679 neque
1160 630 1262 677 aliud

148 701 232 733 tota
253 695 345 730 urbe
364 695 440 743 agi,
462 707 575 744 quam
604 694 747 730 bellum
777 694 972 744 adparari:
1006 694 1177 742 cognitio
1196 707 1262 730 va-

149 759 318 795 cantium
336 759 481 795 militine
501 771 656 795 munere
675 765 764 808 post
792 758 934 794 bellum
963 757 1143 794 differtur.
1200 758 1264 795 Ita

148 823 253 865 dubii
273 835 423 872 quoque
443 822 630 859 inclinant
649 823 697 858 ad
725 822 883 858 nomina
911 821 1060 857 danda:
1094 828 1132 857 et
1160 821 1262 858 Her-

149 887 244 930 nicis
277 886 502 935 Latinisque
530 885 669 922 milites
699 886 901 936 imperati:
935 886 1123 935 utrimque
1153 885 1265 923 enixe

150 951 345 988 obeditum
365 951 540 987 dictatori
562 957 631 987 est.

156 1054 166 1060 ,
204 1016 378 1052 XXVII.
408 1015 503 1052 Haec
526 1016 654 1052 omnia
673 1015 867 1052 celeritate
887 1015 1033 1064 ingenti
1063 1021 1170 1052 aeta:
1203 1029 1262 1052 re-

149 1082 316 1131 lictoque
337 1081 379 1117 C.
400 1080 505 1116 Julio
526 1080 680 1116 consule
699 1081 746 1116 ad
766 1081 980 1130 praesidium
1009 1080 1127 1131 urbis,
1148 1087 1187 1117 et
1213 1081 1262 1118 L.
1286 1120 1291 1121 ⁷

151 1146 255 1193 ,lulio
275 1146 464 1194 Magistro
491 1146 661 1194 equitum
690 1145 737 1182 ad
765 1145 891 1181 subita
919 1144 1009 1181 belli
1037 1145 1262 1189 ministeria,

152 1222 200 1246 nc
220 1223 294 1259 qua
316 1222 388 1252 res,
410 1222 483 1257 qua
503 1209 695 1257 eguissent
714 1209 752 1244 in
773 1209 918 1252 castris,
938 1215 1164 1252 moraretur,
1184 1209 1263 1245 dic-

150 1279 266 1317 tator,
297 1279 489 1323 praeeunte
515 1272 563 1309 A.
585 1271 765 1308 Cornelio
794 1272 974 1322 pontifice
1002 1273 1184 1316 maximo,
1204 1272 1264 1309 lu-

152 1337 218 1374 dos
238 1349 396 1386 magnos
417 1335 600 1372 tumultus
622 1348 754 1373 caussa
773 1337 900 1372 vovit:
929 1335 1197 1387 profectusque
1215 1336 1267 1380 ab?

150 1401 258 1445 urbe,
279 1402 398 1438 diviso
418 1414 503 1438 cum
523 1402 707 1441 Quinctio
731 1400 887 1437 consule
915 1401 1097 1445 exercitu,
1117 1402 1164 1438 ad
1192 1402 1263 1441 ho..

151 1471 227 1508 stes
261 1466 444 1516 pervenit.
502 1465 609 1501 Sicut
640 1465 732 1502 bina
767 1473 892 1502 castra
925 1465 1109 1509 hostiurn,
1146 1478 1269 1516 parvo.

150 1530 250 1582 inter
269 1543 308 1566 se
328 1530 452 1580 spatio
472 1530 667 1573 distantia,
688 1530 875 1574 viderant,
896 1530 968 1580 ipsi
987 1542 1138 1579 quoque
1161 1530 1266 1567 mille

149 1594 269 1640 {erme
302 1607 432 1645 passus
467 1594 514 1630 ab
551 1595 675 1638 hoste,
714 1595 880 1630 dictator
915 1593 1097 1637 Tusculo,
1131 1594 1267 1631 consul

150 1658 340 1702 Lanuvio,
371 1660 588 1709 propiorem
619 1659 744 1695 locum
779 1660 910 1696 castris
945 1664 1138 1709 ceperunt.
1202 1659 1266 1713 Ita

151 1728 315 1774 quatuor
334 1723 534 1766 exercitus,
554 1723 717 1760 totidem
736 1724 974 1759 munimenta
998 1722 1196 1773 planitiem
1224 1723 1264 1759 in

152 1786 291 1838 medio,
318 1799 397 1822 non
425 1787 548 1836 parvis
578 1787 693 1823 modo
722 1786 1008 1823 excursionibus
1039 1787 1085 1823 ad
1114 1786 1266 1843 proelia,

151 1849 218 1885 sed
236 1848 296 1884 vel
325 1849 372 1885 ad
401 1848 641 1899 explicandas
672 1850 860 1898 utrimque
890 1849 988 1885 acies
1019 1850 1109 1885 satis
1129 1856 1264 1899 paten-

151 1909 244 1958 tem,
271 1915 489 1951 habebant:
522 1928 607 1958 nec,
628 1928 675 1951 ex
694 1903 769 1964 quo
799 1915 930 1951 castris
961 1922 1085 1951 castra
1113 1915 1266 1953 conlata

152 1986 254 2026 sunt,
276 1986 463 2015 cessatum
485 1993 506 2025 a
524 1979 668 2015 levibus
687 1979 830 2029 proeliis
851 1986 907 2016 est
923 1996 933 2026 3
965 1979 1076 2016 facile
1095 1981 1265 2030 patiente
1302 2025 1306 2028 ι

152 2043 351 2087 dictatore,
375 2043 606 2079 conferendo
626 2044 722 2079 vires
744 2056 847 2093 spem
878 2045 1061 2080 universa:
1081 2045 1265 2089 victoriae,

152 2112 302 2142 tentato
331 2106 527 2156 paullatim
558 2115 695 2142 eventu
725 2108 988 2151 certaminum,
1016 2120 1104 2143 suos
1133 2108 1266 2158 praeci-

153 2183 253 2222 pere.
309 2170 443 2219 Itaque
472 2172 616 2214 hostes,
643 2171 747 2208 nulla
772 2173 810 2207 in
840 2172 978 2222 proelio
998 2171 1107 2222 justo
1135 2172 1268 2210 relicta

153 2234 370 2284 spe,'n0ctu
390 2236 513 2272 adorti
534 2242 657 2272 castra
676 2224 856 2279 consulis,
877 2250 957 2272 rem
977 2238 1017 2273 in
1037 2249 1166 2273 casum
1195 2250 1261 2274 an—
1276 2248 1475 2290 Obpugnata.

154 2299 278 2348 cipitis
304 2306 458 2335 eventus
489 2301 746 2337 committunt.
803 2300 957 2337 Clamor
986 2300 1112 2337 subito
1142 2308 1261 2345 ortus,
1275 2295 1417 2352 ⁰0¹²{U55

154 2375 232 2407 non
253 2362 416 2399 consulis
433 2354 546 2400 modo
558 2355 705 2412 vigiles,
724 2365 931 2401 exercitum
948 2365 1080 2402 deinde
1096 2377 1244 2402 omnem
1249 2394 1264 2418 ἦ
1275 2343 1385 2370 casnm

624 2421 744 2464 v(23
