1573 2598
132 218 219 248 U.C.
235 224 309 250 3⁶⁶.

126 261 167 291 A.
183 262 219 292 C.
236 267 311 294 38⁶.

88 1700 296 1743 Triumphat.

321 137 405 177 414
790 139 836 168 τ’.
860 140 993 169 mvn

323 224 401 261 luta
420 227 548 262 omnia
567 225 677 264 rebus
709 229 769 275 (ut
787 228 846 275 fit)
878 227 1050 264 secundis
1081 227 1224 264 invenit
1244 243 1251 264 :
1282 228 1425 266 nullam

322 290 526 326 stationem
557 296 645 326 ante
680 292 835 334 moenia,
865 297 1039 341 patentes
1068 297 1212 340 portas,
1243 291 1424 329 victorem

318 365 454 402 vagum
475 354 638 404 praedam
658 367 704 391 ex
730 354 897 391 hostium
924 354 1033 390 tectis
1063 360 1289 402 egerentem.
1346 354 1424 391 Ite-

316 428 399 452 rum
419 417 535 466 igitur
555 417 686 453 eodem
707 417 766 454 die
793 417 962 453 Sutrium
980 417 1151 467 capitur:
1182 417 1344 453 victores
1371 418 1425 454 E-

316 485 432 519 trusci
452 483 591 533 passim
619 484 858 520 trucidantur
885 482 933 519 ab
958 495 1060 519 novo
1088 483 1213 526 hoste,
1244 495 1366 534 neque
1385 496 1425 520 se

317 546 587 595 conglobandi,
618 547 852 596 coeundique
872 548 913 583 in
943 560 1073 590 unum,
1104 553 1170 582 aut
1198 559 1302 583 arma
1322 547 1425 597 capi-

315 611 402 646 endi
423 612 532 648 datur
551 613 713 661 spatium
730 626 736 647 :
769 625 883 660 quum
903 624 971 661 pro
992 624 1031 647 se
1051 612 1208 660 quisque
1226 611 1426 648 tenderent

315 675 362 710 ad
383 682 526 725 portem,
548 677 578 712 si
601 689 675 724 qua
701 675 799 711 forte
828 688 868 711 se
895 675 932 711 in
957 687 1067 724 agros
1098 674 1234 725 ejicere
1251 680 1423 725 possent,

315 739 459 775 alausas
490 740 545 785 (id
565 741 664 776 enim
684 740 845 789 primum
866 739 1029 775 dictator
1048 739 1313 789 imperaverat)
1335 750 1424 789 por-

313 809 371 839 tas
406 804 613 841 inveniunt.
670 803 764 840 Inde
794 804 856 840 alii
887 816 991 839 arma
1027 815 1174 853 capere,
1212 802 1291 845 alii,
1328 813 1423 851 quos

313 866 413 903 forte
433 873 597 904 armatos
616 867 801 903 tumultus
831 874 1097 917 occupaverat,
1128 878 1341 902 convocare
1360 878 1424 901 su-

311 943 370 974 os,
390 938 433 967 ut
451 931 627 981 proelium
646 931 807 967 inirent:
841 930 942 980 quod
961 942 1160 966 accensum
1180 929 1229 966 ab
1247 929 1423 980 despera-

311 995 418 1031 tione
436 995 605 1032 hostium
633 995 790 1041 fuisset5
822 996 862 1031 ni
881 1006 1089 1044 praecones,
1119 1006 1186 1045 per
1214 992 1346 1030 urbem
1364 982 1422 1030 di-

310 1058 429 1101 missi,
464 1059 556 1109 poni
588 1071 706 1102 arma,
737 1064 775 1094 et
807 1058 911 1109 parci
939 1057 1075 1094 inermi
1103 1056 1322 1107 jussissent,
1351 1068 1423 1093 nee

310 1129 449 1173 praeter
484 1129 650 1160 armatos
686 1135 913 1172 quemquam
951 1122 1098 1160 violari.
1153 1121 1254 1158 Tum
1290 1122 1421 1165 etiam,

311 1186 446 1235 quibus
467 1188 584 1224 animi
611 1188 651 1223 in
681 1200 746 1238 spe
774 1187 909 1223 ultima
937 1185 1122 1223 obstinati
1149 1185 1198 1222 ad
1225 1185 1421 1223 decertan-

310 1250 398 1287 dum
417 1251 583 1295 fuerant,
611 1257 814 1302 postquam
841 1251 929 1287 data
955 1262 1038 1300 spes
1062 1250 1149 1286 vitae
1178 1256 1250 1293 est,
1272 1248 1421 1299 jactare

308 1315 450 1365 passim
479 1328 596 1358 arma,
625 1316 876 1364 inermesque,
906 1314 1008 1364 quod
1035 1314 1154 1349 tutius
1183 1313 1338 1350 fortuna
1361 1312 1419 1350 fe·

310 1385 426 1422 cerat,
447 1391 486 1415 se
505 1379 608 1416 hosti
627 1379 789 1416 obferre.
844 1378 991 1427 Magna
1010 1377 1214 1414 multitudo
1233 1378 1272 1414 in
1292 1383 1420 1414 custo·

309 1441 388 1478 dias
416 1442 556 1478 divisa:
589 1443 770 1492 oppidum
796 1448 884 1479 ante
909 1449 1062 1478 noctem
1089 1441 1277 1478 redditum
1298 1441 1420 1477 Sutri-

307 1506 365 1542 nis
402 1506 627 1543 inviolatum
665 1507 928 1555 integrumque
959 1505 1006 1542 ab
1038 1506 1143 1542 omni
1180 1505 1285 1541 clade
1313 1504 1418 1549 belli,

306 1569 398 1618 quia
424 1582 502 1605 non
530 1570 568 1605 vi
596 1576 762 1620 captum,
793 1569 857 1606 sed
886 1569 1067 1605 traditum
1091 1581 1158 1620 per
1180 1568 1419 1605 conditiones

306 1633 443 1670 fuerat.

362 1695 430 1733 IV.
461 1696 642 1732 Camillus
665 1696 703 1732 in
726 1696 856 1733 urbem
886 1695 1123 1746 triumphans
1152 1695 1277 1739 rediit,
1303 1694 1419 1731 trium

308 1759 418 1796 simul
437 1759 623 1796 bellorum
641 1760 775 1796 victor.
824 1759 961 1808 Longe
980 1759 1160 1810 plurimos
1181 1760 1350 1810 captivos
1370 1771 1418 1795 ex

306 1825 478 1861 Etruscis
505 1831 593 1860 aute
617 1837 765 1860 currum
791 1824 921 1860 duxit:
954 1823 1090 1872 quibus
1117 1823 1186 1859 sub
1215 1823 1325 1859 hasta
1353 1835 1416 1858 ve-

306 1888 510 1930 numdatis,
531 1894 680 1924 tautum
705 1888 785 1923 aeris
816 1887 1007 1923 redactum
1027 1894 1096 1931 est,
1121 1893 1176 1930 ut,
1196 1887 1319 1937 pretio
1345 1899 1417 1937 pro

305 1963 398 1987 auro
429 1951 609 1986 matronis
644 1950 851 2000 persoluto,
891 1963 936 1985 cx
974 1963 1033 1992 eo,
1072 1951 1172 1998 quod
1207 1956 1415 2000 supererat,

306 2022 380 2050 tres
401 2021 539 2064 paterae
560 2026 681 2049 aureae
710 2013 819 2049 factae
847 2015 922 2049 sint
941 2028 948 2048 ε
982 2026 1087 2062 quas,
1108 2026 1193 2050 cum
1211 2012 1324 2049 titulo
1344 2026 1415 2050 no-

305 2079 417 2116 minis
448 2077 612 2119 Camilli,
644 2084 731 2112 aute
763 2077 993 2127 Capitolium
1024 2077 1219 2114 incensum
1247 2078 1286 2113 in
1305 2076 1412 2113 Jovis

306 2141 401 2178 cella
420 2148 571 2177 constat
590 2147 678 2176 autc
698 2141 808 2190 pedes
829 2141 991 2176 Junouis
1016 2142 1157 2191 positas
1179 2141 1307 2177 fuisse.
1352 2140 1413 2177 Eo

304 2217 406 2242 auno
434 2206 470 2239 iu
501 2205 690 2239 civitatem
718 2205 879 2254 accepti,
910 2204 972 2253 qui
1002 2204 1217 2240 Veientium
1239 2204 1412 2254 Capena-

302 2269 471 2318 tiumque
502 2281 546 2304 ac
575 2267 807 2304 Faliscorum
838 2281 902 2319 per
933 2281 977 2304 cn
1001 2268 1100 2305 bellu
1128 2267 1413 2318 transfugerunt
