1573 2598
315 194 471 223 LIBER
495 192 591 221 vn.
623 191 730 220 CAP·
756 191 900 220 xxlv.
1078 188 1160 232 501

46 283 146 333 avidi
171 282 218 320 ad
247 295 428 334 pugnam,
459 293 589 331 quum,
619 279 752 330 procul
779 280 868 316 visis
896 279 1161 318 Romanorum
1175 290 1268 323 uc.
1284 297 1363 324 40⁵·

45 349 178 399 signiS‚
209 354 252 384 ut
287 346 480 398 extemplo
517 345 692 397 proelium
729 345 884 389 initura,
922 346 1167 397 explicuisset
1179 339 1217 369 A·
1231 338 1268 368 C·
1284 340 1363 371 ³⁴⁷·

46 413 192 459 aciem3
226 419 429 464 postquam
456 424 577 461 neque
605 411 644 448 in
675 424 822 460 aequum
852 411 1000 448 demitti
1030 426 1166 462 agmen

47 477 153 521 vidit,
175 484 212 513 et
232 490 347 527 quum
367 476 441 514 loci
463 475 676 519 altitudine,
692 481 773 512 tum
793 475 893 512 vallo
913 476 1028 514 etiam
1048 477 1170 528 integi

49 541 264 586 Romanos,
286 541 479 593 perculsos
503 553 642 591 pavore
669 547 764 584 rata,
786 540 898 577 simul
917 544 1171 592 opportunio—

49 618 123 650 res,
153 607 254 656 quod
283 606 420 643 intenti
449 611 531 641 tum
564 606 727 641 maxime
759 606 865 656 operi
899 613 1039 651 essent,
1073 609 1172 644 truci

48 671 216 709 clamore
245 672 476 721 adgreditur.
532 670 594 707 Ab
623 670 810 707 Romanis
839 684 910 708 nec
929 685 1023 723 opus
1054 673 1171 709 inter·
1184 679 1369 709 Vincuntur

50 736 221 779 missum,
244 736 385 784 (triarii
404 740 527 778 erant,
542 735 605 784 qui
624 734 865 783 muniebant)
886 743 923 772 et
942 736 990 773 ab
1011 737 1170 773 hastatis
1185 721 1357 796 gffilciulstffl

49 800 375 853 principibusque,
397 800 461 849 qui
487 811 557 850 pro
577 799 832 835 munitoribus
858 801 997 837 intenti
1017 804 1172 839 armati·
1356 784 1366 795 ¹

53 878 126 915 que
161 872 360 909 steterant,
398 864 576 916 proelium
608 864 758 901 initum.
816 865 960 902 Praeter
995 868 1177 906 virtutem

0 933 1 983 ἶ
53 930 160 968 locus
181 944 332 980 quoque
351 932 524 980 superior
543 928 701 980 adjuvit,
722 935 765 965 ut
786 930 863 980 pila
883 932 1012 968 omnia
1037 934 1178 971 hastae-

56 1008 130 1046 que
149 1008 242 1038 non,
263 1002 457 1044 tamquam
487 1007 533 1030 ex
555 1007 662 1042 aequo
686 994 813 1037 missa,
834 1007 932 1032 vana
952 998 1072 1046 (quod
1097 998 1178 1050 ple—

56 1073 215 1110 rumque
235 1060 294 1104 fit)
314 1059 510 1102 caderent,
538 1059 603 1094 sed
627 1059 757 1094 omnia
783 1058 922 1097 librata
946 1062 1178 1111 ponderibus

58 1124 289 1175 figerentur;
322 1123 545 1172 oneratique
578 1122 661 1158 telis
692 1122 808 1166 Galli,
833 1124 968 1173 quibus
999 1133 1064 1163 aut
1094 1141 1179 1165 cor-

59 1204 155 1242 pora
182 1190 380 1233 transfixa,
411 1195 478 1225 aut
506 1195 742 1239 praegravata
771 1189 1043 1229 inhaerentibus
1073 1206 1181 1243 gere-

59 1255 155 1292 bant
174 1260 295 1297 scuta,
317 1266 434 1303 quum
454 1265 565 1289 cursu
584 1265 679 1302 pene
699 1253 738 1288 in
759 1253 955 1291 adversum
975 1256 1180 1303 subissent,

60 1320 184 1372 primo
213 1320 350 1356 incerti
377 1318 574 1354 restitere:
606 1317 707 1361 dein,
731 1330 847 1366 quum
876 1320 957 1370 ipsa
987 1323 1182 1360 cunctatio

63 1391 103 1422 et
131 1386 190 1421 his
221 1385 369 1420 animos
399 1383 614 1425 minuisset,
637 1389 674 1418 et
700 1384 867 1420 auxisset
896 1386 1013 1429 hosti,
1041 1387 1182 1437 inpulsi

64 1455 167 1486 retro
187 1462 295 1485 ruere
312 1448 376 1485 alii
396 1460 508 1498 super
523 1447 633 1490 alios,
650 1455 890 1498 stragemque
907 1450 1006 1486 inter
1025 1464 1064 1487 se
1081 1453 1183 1489 caede

64 1514 148 1565 ipsa
179 1514 381 1551 foediorem
413 1513 524 1549 dare:
558 1512 653 1548 adeo
686 1514 871 1564 praecipiti
904 1515 1017 1552 turba
1049 1517 1183 1553 obtriti
1236 1547 1242 1551 κ

64 1579 204 1631 plures,
226 1591 338 1627 quam
358 1577 459 1614 ferro
478 1578 616 1614 necati.

120 1642 274 1680 XXIV.
304 1641 480 1678 Necdum
516 1648 622 1677 certa
656 1641 843 1691 Romanis
880 1644 1042 1680 victoria
1079 1653 1182 1682 erat:

67 1708 144 1746 alia
160 1708 201 1744 in
217 1719 393 1757 campum
408 1707 592 1755 degressis
609 1713 803 1756 supererat
822 1707 953 1745 moles.
1010 1709 1187 1760 Namque

69 1771 273 1809 multitudo
294 1770 507 1812 Gallorum,
527 1782 680 1806 sensum
696 1783 847 1807 omnem
867 1772 953 1808 talis
974 1773 1102 1810 damni
1123 1788 1187 1812 ex-

70 1849 265 1888 superans,
285 1835 389 1871 velut
407 1848 507 1871 nova
525 1846 651 1871 rursus
672 1836 868 1872 exoriente
887 1838 981 1881 acie,
999 1839 1189 1888 integrum

69 1901 230 1939 militem
250 1901 425 1937 adversus
453 1900 635 1936 victorem
660 1900 810 1936 hostem
830 1901 976 1938 ciebat:
1009 1906 1190 1955 stetitque

72 1966 275 2017 subpresso
307 1966 441 2016 inpetu
476 1964 698 2010 Romanus3
732 1971 769 2001 et
800 1967 887 2014 quia
916 1966 1053 2004 iterum
1081 1969 1190 2007 fessis

72 2030 269 2067 subeunda
288 2030 481 2066 dimicatio
508 2035 602 2072 erat,
633 2035 671 2065 et
689 2029 789 2078 quod
810 2030 956 2074 consul,
977 2032 1065 2068 dum
1091 2034 1192 2071 inter

74 2096 257 2147 primores
277 2096 451 2132 incautus
472 2094 606 2143 agitat,
623 2093 719 2130 laevo
737 2094 897 2131 humero
918 2098 1054 2133 matari
1073 2110 1192 2149 prope

76 2159 252 2210 trajecto,
272 2165 438 2196 cesserat
452 2171 654 2209 parumper
673 2171 718 2195 ex
735 2159 827 2196 acie.
874 2159 1036 2209 Jamque
1052 2163 1193 2199 omissa

79 2223 294 2260 cunctando
313 2223 475 2260 victoria
500 2230 594 2265 erat,
615 2235 731 2272 quum
750 2223 898 2266 consul,
918 2224 1071 2261 vnlnere
1097 2225 1192 2262 adli-

77 2293 182 2337 gato,
216 2293 386 2323 revectus
419 2287 466 2323 ad
503 2287 625 2338 prima
657 2288 780 2336 signa,
817 2288 913 2328 Quid
943 2294 1029 2332 scas,
1060 2291 1195 2328 miles?

77 2352 212 2402 inquit.
244 2352 327 2389 Non
342 2364 422 2389 cum
434 2352 568 2389 Latino
589 2352 788 2401 Sabinoque
807 2353 904 2390 hoste
926 2366 982 2390 res
1005 2359 1070 2399 est,
1092 2368 1195 2404 quem
