1573 2598
359 162 440 194 100
808 164 855 193 Τ.
877 164 1011 195 mvn

327 273 337 284 ·
362 252 478 291 daciae
500 250 754 304 obstupefecit
779 251 932 289 hostes:
964 252 1056 290 duos
1079 258 1207 291 tamen
1230 267 1317 294 cum
1334 269 1381 295 eo
1402 270 1471 310 pu-

324 320 333 330 '
361 321 430 360 dor
455 319 593 364 tenuit,
624 318 688 370 Sp.
712 316 888 356 Lartium
915 330 960 355 ac
986 317 1033 356 T.
1055 317 1310 365 Herminium,
1340 323 1472 361 ambos

360 383 483 423 claros
509 393 647 432 genere
664 380 861 431 factisque.
917 380 1014 418 Cum
1041 380 1100 418 his
1128 383 1289 433 primam
1316 385 1474 436 periculi

359 445 580 500 procellam,
609 449 648 480 et
675 443 776 494 quod
801 441 1183 482 tumultuosissimum
1210 457 1347 496 pugnae
1376 453 1470 490 erat,

359 523 562 564 parumper
589 510 793 547 sustinuit:
825 510 957 547 deinde
985 523 1048 548 eos
1075 524 1226 562 quoque
1249 513 1365 564 ipsos,
1393 512 1470 551 exi-

360 589 436 627 gua
453 580 561 627 parte
581 573 710 625 pontis
728 571 872 616 relicta,
892 574 1171 618 revocantibus,
1192 575 1257 624 qui
1285 576 1472 613 rescinde-

357 641 469 686 bant,
499 640 629 678 cedere
657 639 698 675 in
723 643 850 675 tutum
877 639 1014 688 coegit.
1072 639 1349 676 circumferens
1386 641 1474 678 inde

357 712 484 744 truces
517 703 717 741 minaciter
752 700 882 739 oculos
919 702 965 739 ad
1000 715 1173 753 proceres
1206 703 1469 749 Etruscorum,

355 780 460 806 nunc
495 765 664 816 singulos
700 777 920 816 provocare,
956 778 1059 803 nunc
1094 767 1288 817 increpare
1324 779 1471 812 omnes,

357 833 526 870 Servitia*
541 842 664 879 regum
686 830 926 879 superborum,
955 842 1028 867 suae
1057 829 1229 867 libertatis
1252 832 1470 876 inmemores,

357 899 513 935 alienam
547 895 789 945 obpugnatum
822 895 949 930 venire.
1022 894 1202 931 Cunctati
1244 895 1472 946 aliquamdiu

354 967 462 1006 sunt,
486 960 577 998 dum
607 958 701 996 alius
734 957 864 1001 alium,
890 963 932 994 ut
964 956 1140 1009 proelium
1171 959 1370 1010 incipiant,
1399 962 1472 998 cir-

357 1030 647 1077 cumspectant:
685 1023 809 1074 pudor
840 1022 972 1059 deinde
1009 1023 1216 1059 commovit
1251 1025 1384 1068 aciem,
1419 1032 1470 1070 et,

351 1090 524 1130 clamore
542 1087 708 1131 sublato,
726 1087 892 1137 undique
910 1087 951 1124 in
975 1099 1094 1124 unum
1117 1088 1267 1126 hostem
1286 1089 1362 1126 tela
1379 1103 1472 1129 con-

348 1154 506 1208 jiciunt.
561 1154 657 1194 Quae
676 1166 793 1204 quum
816 1153 857 1190 in
879 1151 1034 1204 objecto
1056 1160 1194 1192 cuncta
1211 1161 1320 1192 scuto
1341 1157 1472 1194 haesis-

354 1226 456 1263 sent,
484 1231 609 1269 neque
637 1218 700 1255 ille
731 1218 857 1255 minus
888 1216 1102 1255 obstinatus
1135 1219 1282 1268 ingenti
1316 1226 1471 1272 pontem

351 1282 549 1322 obtineret
580 1281 716 1332 gradu,
739 1280 824 1331 jam
851 1280 984 1332 inpetu
1012 1281 1250 1319 conabantur
1277 1284 1473 1322 detrudere

353 1348 504 1393 virum3
536 1358 653 1397 quum
675 1344 787 1382 simul
807 1344 938 1394 fragor
959 1346 1060 1396 rupti
1088 1347 1230 1397 pontis,
1258 1347 1370 1384 simul
1395 1348 1471 1385 cla·

353 1424 441 1451 mor
466 1409 746 1453 Romanorum,
775 1408 971 1446 alacritate
1007 1409 1164 1460 perfecti
1192 1411 1317 1462 operis
1345 1411 1472 1450 subla-

353 1482 432 1520 tus,
454 1486 595 1527 pavore
619 1473 746 1510 subito
765 1473 936 1524 inpetum
955 1474 1146 1511 sustinuit.
1201 1473 1301 1512 Tum
1321 1475 1469 1522 Cocles,

360 1540 522 1579 Tiberine
543 1543 664 1589 pater,
692 1537 831 1587 inquit,
852 1542 886 1573 te
908 1542 1028 1573 sancte
1050 1549 1190 1586 precor,
1215 1538 1289 1575 haec
1311 1552 1415 1577 arma
1437 1547 1474 1578 et

353 1603 450 1642 hunc
465 1603 616 1640 militem
629 1602 788 1651 propitio
789 1600 946 1652 flumine
963 1602 1129 1650 accipias.
1184 1600 1247 1638 Ita
1273 1602 1327 1639 sic
1349 1616 1471 1641 arma-

353 1674 418 1705 tus
451 1667 490 1704 in
522 1665 692 1702 Tiberim
721 1662 897 1701 desiluit:
928 1663 1132 1714 multisque
1160 1665 1473 1716 superincidenti-

352 1729 426 1770 bus
451 1729 536 1768 telis
559 1727 760 1766 incolumis
780 1728 832 1764 ¹ad
852 1740 941 1765 suos
959 1729 1138 1772 tranavit,
1160 1741 1238 1766 rem
1257 1742 1368 1767 ausus
1387 1731 1470 1782 plus

354 1794 467 1834 famae
501 1793 720 1832 habituram
755 1792 804 1830 ad
838 1799 1026 1844 posterOS,
1056 1806 1169 1844 quam
1201 1794 1297 1832 fidei.
1355 1795 1474 1833 Grata

355 1871 448 1909 erga
473 1864 622 1895 tantam
641 1857 819 1893 virtutem
844 1856 976 1894 civitas
1000 1856 1099 1894 fuit:
1132 1864 1258 1894 statua
1285 1859 1325 1894 in
1353 1860 1471 1896 comi-

354 1923 415 1961 tio
442 1922 581 1975 posita,
602 1921 683 1971 agri
711 1927 896 1971 quantum
923 1933 1000 1957 uno
1026 1921 1084 1958 die
1103 1922 1378 1966 circumaravit,
1406 1923 1470 1961 da-

357 1992 452 2025 tum.
507 1985 662 2023 Privata
679 1998 830 2036 quoque
849 1986 947 2022 inter
972 1984 1143 2036 publicos
1163 1985 1327 2023 honores
1347 1988 1472 2025 studia

353 2049 602 2090 eminebant:
633 2062 723 2086 nam
755 2050 794 2086 in
826 2062 966 2098 magna
995 2050 1125 2100 inopia
1157 2062 1227 2100 pro
1256 2050 1471 2089 domesticis

356 2115 477 2168 copiis
503 2115 761 2165 unusquisque
782 2115 817 2153 ei
839 2113 993 2165 aliquid,
1021 2113 1198 2151 fraudans
1227 2126 1267 2151 se
1295 2115 1375 2167 ipse
1393 2116 1469 2154 vic·-

356 2186 401 2219 tu
419 2193 504 2225 suo,
523 2178 699 2217 contulit.

143 2257 281 2288 Porsena
295 2263 350 2288 ur·
413 2244 488 2282 XI.
517 2244 699 2288 Porsena,
726 2243 849 2294 primo
868 2250 1009 2281 conatu
1030 2241 1215 2294 repulsus,
1235 2242 1402 2281 consiliis
1421 2243 1470 2281 ab

145 2301 222 2332 bem
236 2299 321 2333 obsi-

144 2344 209 2375 det.

359 2309 618 2363 obpugnanda
635 2307 728 2349 urbe
746 2307 795 2347 ad
818 2307 1065 2348 obsidendam
1084 2309 1214 2355 versis,
1237 2307 1413 2362 praesidio
1432 2309 1470 2346 in
