1573 2598
395 151 549 181 mnan
573 149 630 178 11.
663 148 770 178 cAP.
790 149 907 178 vur.
1156 146 1207 189 97

90 252 168 277 snm
188 239 395 288 cupiditatis
411 240 511 287 regni
529 237 660 274 crimen
679 235 877 272 subitarum
899 237 1056 272 timerem
1069 236 1090 270 f>
1117 235 1210 283 Ego,
1225 233 1267 263 U·
1284 232 1320 263 C·
1339 239 1413 264 24⁵·

89 308 167 343 siin
182 308 259 354 ipsa
274 317 354 342 arce
368 304 613 354 Capitolioque
628 302 834 347 habitarem,
848 304 958 339 metui
972 314 1026 339 me
1040 303 1215 340 crederem
1225 278 1264 308 A'
1280 276 1317 307 C'
1336 281 1406 310 ⁵⁰7‘

88 383 190 420 posse
214 383 238 406 α
256 369 384 406 civibus
406 369 526 405 meis?
558 368 648 404 Tam
667 368 734 404 levi
750 373 926 405 momento
946 381 1022 405 mea
1041 370 1139 418 apud
1156 383 1215 407 vvos

81 431 195 482 fama
208 432 339 482 pendet
354 432 375 467 ‚9
401 430 545 466 Adeone
562 435 614 466 est
631 429 797 480 fandata
816 432 936 468 leviter
948 431 1057 481 fideS,
1080 436 1134 474 ut,
1155 432 1217 469 ubi

92 502 172 543 sim,
201 511 308 548 quam
333 498 393 546 qui
415 497 495 539 sim,
514 497 630 544 magis
652 495 824 546 referat?
853 496 936 532 Non
963 496 1150 534 obstabunt
1169 499 1215 535 P.

99 567 232 605 Valerii
263 565 352 601 aedes
380 561 535 598 libertati
562 567 699 605 vestrae,
732 562 887 602 Quirites
900 578 912 604 ,·
951 566 1031 598 tuta
1058 564 1126 599 erit
1152 575 1213 600 vo-

94 629 145 666 bis
177 628 288 664 Velia.
345 624 523 674 Deferam
550 636 619 660 non
647 625 685 660 in
711 624 864 673 planum
891 624 996 660 ‘modo
1024 625 1126 668 (ecles,
1155 625 1217 662 sed

93 692 177 730 colli
204 691 313 726 etiam
339 686 523 735 subjiciam
539 703 551 723 .·
577 692 619 724 ut
645 699 704 723 vos
727 699 838 736 supra
861 692 1060 735 suspectum
1084 701 1140 725 vme
1163 691 1215 726 ci-

93 766 171 791 vem
189 752 361 788 habitetis.
418 751 461 786 In
485 750 586 786 Velia
604 750 787 798 aeclificent,
809 750 932 798 quibus
952 751 1087 792 melius,
1107 763 1215 798 quam

97 817 142 854 P.
164 815 317 858 Valerio,
344 814 499 850 creditur
526 812 678 849 libertas.
734 810 876 848 Delata
904 811 1106 848 confestim
1133 825 1215 849 ma-

94 878 192 915 teria
219 876 342 914 omnis
371 875 471 912 infra
495 874 644 912 Veliam
659 890 671 921 3
704 880 756 918 et,
786 873 852 912 ubi
880 887 982 912 nunc
1007 874 1215 927 Vicaepotae

95 949 167 987 est,
188 942 319 979 domus
339 941 380 977 in
397 940 529 977 infimo
548 939 647 977 clivo
667 939 862 976 aedificata.

148 1007 264 1044 VIII.
292 1006 400 1044 Latae
425 1006 561 1043 deinde
591 1005 709 1055 legeS,
738 1019 818 1043 non
846 1006 969 1043 solum
995 1020 1077 1057 quae
1107 1009 1215 1058 regni
1229 1009 1324 1049 Leges
1340 1007 1380 1040 ab

97 1072 313 1124 suspicione
342 1069 537 1107 consulem
564 1069 819 1114 absolverent,
847 1071 912 1108 sed
940 1084 1023 1121 quae
1052 1073 1147 1110 adeo
1175 1074 1215 1111 in
1227 1052 1366 1084 eolatae.

98 1136 331 1174 contrarium
349 1141 553 1178 verterent,
573 1141 617 1172 ut
637 1135 864 1186 popularem
883 1137 998 1173 etiam
1017 1138 1186 1175 facerent
1203 1152 1212 1175 ε

96 1200 184 1238 inde
203 1211 418 1249 cognomen
443 1199 588 1235 factum
606 1198 814 1235 Publicolae
834 1207 903 1236 est.
959 1201 1062 1237 Ante
1081 1214 1213 1238 omnes

96 1264 143 1303 de
170 1263 444 1316 provocatione
468 1262 645 1300 adversus
671 1264 916 1313 magistratus
940 1265 987 1301 ad
1014 1265 1214 1316 populum,

94 1329 355 1379 sacrandoque
382 1340 469 1364 cum
496 1326 608 1364 bonis
637 1327 762 1378 capite
791 1327 887 1378 ejus,
917 1329 981 1378 qui
1012 1331 1119 1379 regni
1148 1344 1215 1367 oc-

95 1393 260 1446 cupandi
278 1392 439 1431 consilia
456 1392 602 1436 inisset,
623 1398 742 1441 gratae
762 1392 801 1429 in
820 1392 954 1442 vulgus
973 1392 1075 1443 leges
1095 1395 1214 1433 fuere.

95 1459 202 1501 Quas
230 1470 347 1509 quum
375 1456 477 1494 solus
506 1455 737 1507 pertulisset,
767 1462 809 1493 ut
841 1469 910 1494 sua
939 1458 1047 1495 unius
1081 1459 1121 1496 in
1154 1459 1214 1498 his

94 1523 219 1573 gratia
235 1528 348 1566 esset,
364 1528 447 1558 tum
466 1520 601 1558 deinde
619 1521 776 1558 comitia
793 1521 950 1572 collegae
969 1523 1214 1573 subrogando

94 1587 241 1625 babuit.
297 1586 456 1623 Creatus
487 1586 552 1636 Sp.
571 1584 772 1622 Lucretius
801 1585 949 1630 consul,
978 1587 1044 1637 qui
1072 1600 1214 1638 magno

94 1658 202 1695 natu,
230 1663 310 1688 non
338 1648 624 1687 subiicientibus
645 1648 731 1700 jam
751 1650 893 1688 viribus
922 1651 971 1688 ad
999 1651 1216 1689 consularia

94 1727 254 1753 munera
271 1713 461 1758 obeunda,
481 1714 582 1750 intra
610 1726 751 1764 paucos
777 1714 855 1751 dies
885 1715 1057 1753 moritur.
1114 1716 1213 1754 Sub-

95 1778 216 1818 fectus
253 1779 292 1816 in
329 1777 500 1815 Lucretii
535 1777 662 1814 locum
697 1777 754 1814 M.
792 1777 978 1816 Horatius
1015 1779 1396 1817 PulvilluS.Subfectus

95 1843 210 1895 Apud
238 1842 422 1893 quosdam
439 1848 584 1879 veteres
604 1849 777 1879 auctores
796 1856 876 1880 non
894 1844 1048 1881 invenio
1068 1844 1210 1881 Lucre·
1223 1828 1402 1902 Ξὲἒξιῖςιζψ

91 1909 191 1946 tium
209 1906 426 1945 consulem:
457 1907 583 1944 Bruto
601 1907 731 1944 statim
750 1906 958 1945 Horatium
976 1908 1186 1958 subgerunt
1201 1925 1208 1946 :
1224 1915 1302 1946 huic
1320 1894 1389 1947 Hi>-

94 1972 221 2017 credo,
240 1972 330 2023 quia
356 1971 462 2009 nulla
489 1978 597 2022 gesta
624 1985 682 2009 res
706 1973 894 2022 insignem
918 1972 1050 2010 fecerit
1072 1987 1210 2012 consu·
1223 1958 1332 1990 ratius.

94 2037 228 2082 iatum,
247 2037 432 2075 memoria
449 2036 698 2074 intercidisse.
733 2036 919 2074 Nondum
938 2038 1111 2075 dedicata
1129 2045 1212 2076 erat

93 2102 135 2139 in
154 2099 349 2152 Capitolio
365 2100 474 2138 favis
495 2101 604 2138 aedes.
643 2100 816 2138 Valerius
836 2100 1097 2151 Horatiusque
1117 2114 1210 2139 con·

93 2165 194 2203 sules
219 2166 359 2210 sortiti,
385 2172 470 2202 uter
491 2165 693 2203 dedicaret.
750 2166 918 2204 Horatio
943 2172 1046 2203 sorte
1071 2166 1211 2205 evenit.

94 2227 294 2268 Publicoia
312 2229 360 2267 ad
376 2229 596 2268 Veientium
613 2229 754 2267 bellum
773 2230 980 2282 profectus,
1035 2230 1209 2281 AEgrius,
1224 2241 1418 2282 Capitolium

95 2306 209 2345 quam
236 2293 394 2344 dignum
422 2301 517 2340 erat,
546 2295 666 2333 tulere
689 2294 831 2334 Valerii
859 2295 1078 2340 necessarii,
1106 2295 1212 2335 <ledi-
1222 2287 1394 2322 dediffim‘·

145 2358 246 2396 Vor..
267 2357 298 2396 Ι.
656 2359 690 2397 F
