<?xml version="1.0" encoding="UTF-8"?>
<!DOCTYPE html PUBLIC "-//W3C//DTD XHTML 1.0 Transitional//EN"
    "http://www.w3.org/TR/xhtml1/DTD/xhtml1-transitional.dtd">
<html xmlns="http://www.w3.org/1999/xhtml" xml:lang="en" lang="en">
 <head>
  <title>
</title>
<meta http-equiv="Content-Type" content="text/html;charset=utf-8" />
  <meta name='ocr-system' content='tesseract 3.04.00' />
  <meta name='ocr-capabilities' content='ocr_page ocr_carea ocr_par ocr_line ocrx_word'/>
</head>
<body>
  <div class='ocr_page' id='page_1' title='image "./historiarumquaes01livyuoft/historiarumquaes01livyuoft_0241.png"; bbox 0 0 1573 2598; ppageno 0'>
   <div class='ocr_carea' id='block_1_1' title="bbox 454 131 1261 180">
    <p class='ocr_par' dir='ltr' id='par_1_1' title="bbox 454 131 1261 180">
     <span class='ocr_line' id='line_1_1' title="bbox 454 131 1261 180; baseline 0.004 -17"><span class='ocrx_word' id='word_1_1' title='bbox 454 134 609 163; x_wconf 79' lang='lat' dir='ltr'>LIBER</span> <span class='ocrx_word' id='word_1_2' title='bbox 634 134 714 162; x_wconf 81' lang='lat'>111.</span> <span class='ocrx_word' id='word_1_3' title='bbox 748 131 855 163; x_wconf 79' lang='lat' dir='ltr'>CAP.</span> <span class='ocrx_word' id='word_1_4' title='bbox 877 134 924 163; x_wconf 75' lang='lat' dir='ltr'><strong>L.</strong></span> <span class='ocrx_word' id='word_1_5' title='bbox 1180 135 1261 180; x_wconf 82' lang='lat'><strong>229</strong></span> 
     </span>
    </p>
   </div>
   <div class='ocr_carea' id='block_1_2' title="bbox 144 218 1460 300">
    <p class='ocr_par' dir='ltr' id='par_1_2' title="bbox 144 218 1460 300">
     <span class='ocr_line' id='line_1_2' title="bbox 144 218 1460 300; baseline 0.001 -42"><span class='ocrx_word' id='word_1_6' title='bbox 144 218 276 258; x_wconf 82' lang='lat' dir='ltr'><strong>cedere</strong></span> <span class='ocrx_word' id='word_1_7' title='bbox 312 234 336 258; x_wconf 84' lang='lat' dir='ltr'>a</span> <span class='ocrx_word' id='word_1_8' title='bbox 370 221 519 272; x_wconf 86' lang='lat' dir='ltr'><strong>privato</strong></span> <span class='ocrx_word' id='word_1_9' title='bbox 555 219 707 257; x_wconf 83' lang='lat' dir='ltr'><strong>lictores</strong></span> <span class='ocrx_word' id='word_1_10' title='bbox 737 219 925 270; x_wconf 87' lang='lat' dir='ltr'><strong>jubebat:</strong></span> <span class='ocrx_word' id='word_1_11' title='bbox 966 233 1096 270; x_wconf 90' lang='lat' dir='ltr'><strong>quum,</strong></span> <span class='ocrx_word' id='word_1_12' title='bbox 1128 222 1258 260; x_wconf 86' lang='lat' dir='ltr'><strong>fractis</strong></span> <span class='ocrx_word' id='word_1_13' title='bbox 1270 221 1460 300; x_wconf 41' lang='lat' dir='ltr'><strong>113ngssss-</strong></span> 
     </span>
    </p>
   </div>
   <div class='ocr_carea' id='block_1_3' title="bbox 142 307 1478 400">
    <p class='ocr_par' dir='ltr' id='par_1_3' title="bbox 142 307 1478 400">
     <span class='ocr_line' id='line_1_3' title="bbox 1270 307 1478 339; baseline -0.005 0"><span class='ocrx_word' id='word_1_14' title='bbox 1270 310 1298 339; x_wconf 94' lang='lat' dir='ltr'>A</span> <span class='ocrx_word' id='word_1_15' title='bbox 1345 309 1393 338; x_wconf 89' lang='lat' dir='ltr'><strong>ius</strong></span> <span class='ocrx_word' id='word_1_16' title='bbox 1428 307 1478 339; x_wconf 88' lang='lat' dir='ltr'><strong>ul·</strong></span> 
     </span>
     <span class='ocr_line' id='line_1_4' title="bbox 142 318 1425 400; baseline 0.001 -14"><span class='ocrx_word' id='word_1_17' title='bbox 142 351 325 400; x_wconf 86' lang='lat' dir='ltr'><strong>pinquam</strong></span> <span class='ocrx_word' id='word_1_18' title='bbox 353 351 456 393; x_wconf 89' lang='lat' dir='ltr'><strong>foro,</strong></span> <span class='ocrx_word' id='word_1_19' title='bbox 483 350 610 386; x_wconf 84' lang='lat' dir='ltr'><strong>insciis</strong></span> <span class='ocrx_word' id='word_1_20' title='bbox 639 349 877 392; x_wconf 78' lang='lat' dir='ltr'><strong>adversariis,</strong></span> <span class='ocrx_word' id='word_1_21' title='bbox 905 350 1028 400; x_wconf 90' lang='lat' dir='ltr'><strong>capite</strong></span> <span class='ocrx_word' id='word_1_22' title='bbox 1056 350 1255 396; x_wconf 86' lang='lat' dir='ltr'><strong>obvoluto,</strong></span> <span class='ocrx_word' id='word_1_23' title='bbox 1269 318 1425 383; x_wconf 49' lang='lat' dir='ltr'><strong>suzpforo?</strong></span> 
     </span>
    </p>
   </div>
   <div class='ocr_carea' id='block_1_4' title="bbox 144 414 1261 530">
    <p class='ocr_par' dir='ltr' id='par_1_4' title="bbox 144 414 1261 530">
     <span class='ocr_line' id='line_1_5' title="bbox 144 414 1260 465; baseline 0.002 -15"><span class='ocrx_word' id='word_1_24' title='bbox 144 415 298 464; x_wconf 87' lang='lat' dir='ltr'><strong>recepit.</strong></span> <span class='ocrx_word' id='word_1_25' title='bbox 356 415 419 465; x_wconf 91' lang='lat' dir='ltr'><strong>Sp.</strong></span> <span class='ocrx_word' id='word_1_26' title='bbox 446 414 608 465; x_wconf 91' lang='lat' dir='ltr'><strong>Oppius,</strong></span> <span class='ocrx_word' id='word_1_27' title='bbox 638 419 681 449; x_wconf 92' lang='lat' dir='ltr'><strong>ut</strong></span> <span class='ocrx_word' id='word_1_28' title='bbox 718 414 860 450; x_wconf 85' lang='lat' dir='ltr'><strong>auxilio</strong></span> <span class='ocrx_word' id='word_1_29' title='bbox 891 414 1046 463; x_wconf 81' lang='lat' dir='ltr'><strong>collegae</strong></span> <span class='ocrx_word' id='word_1_30' title='bbox 1076 421 1189 459; x_wconf 85' lang='lat' dir='ltr'><strong>esset,</strong></span> <span class='ocrx_word' id='word_1_31' title='bbox 1219 416 1260 452; x_wconf 91' lang='lat' dir='ltr'><strong>in</strong></span> 
     </span>
     <span class='ocr_line' id='line_1_6' title="bbox 144 478 1261 530; baseline 0.002 -15"><span class='ocrx_word' id='word_1_32' title='bbox 144 478 270 515; x_wconf 88' lang='lat' dir='ltr'><strong>forum</strong></span> <span class='ocrx_word' id='word_1_33' title='bbox 290 492 336 515; x_wconf 89' lang='lat' dir='ltr'><strong>ex</strong></span> <span class='ocrx_word' id='word_1_34' title='bbox 358 478 477 515; x_wconf 85' lang='lat' dir='ltr'><strong>altera</strong></span> <span class='ocrx_word' id='word_1_35' title='bbox 501 484 610 528; x_wconf 88' lang='lat' dir='ltr'><strong>parte</strong></span> <span class='ocrx_word' id='word_1_36' title='bbox 634 478 818 528; x_wconf 88' lang='lat' dir='ltr'>inrumpit</span> <span class='ocrx_word' id='word_1_37' title='bbox 837 492 843 513; x_wconf 91' lang='lat'>:</span> <span class='ocrx_word' id='word_1_38' title='bbox 877 478 979 514; x_wconf 92' lang='lat' dir='ltr'><strong>videt</strong></span> <span class='ocrx_word' id='word_1_39' title='bbox 1005 479 1203 530; x_wconf 89' lang='lat' dir='ltr'><strong>imperium</strong></span> <span class='ocrx_word' id='word_1_40' title='bbox 1223 481 1261 517; x_wconf 84' lang='lat' dir='ltr'><strong>vi</strong></span> 
     </span>
    </p>
   </div>
   <div class='ocr_carea' id='block_1_5' title="bbox 143 285 1257 337">
    <p class='ocr_par' dir='ltr' id='par_1_5' title="bbox 143 285 1257 337">
     <span class='ocr_line' id='line_1_7' title="bbox 143 285 1257 337; baseline 0.002 -15"><span class='ocrx_word' id='word_1_41' title='bbox 143 286 293 329; x_wconf 88' lang='lat' dir='ltr'><strong>animis,</strong></span> <span class='ocrx_word' id='word_1_42' title='bbox 321 286 481 336; x_wconf 88' lang='lat' dir='ltr'><strong>Appius,</strong></span> <span class='ocrx_word' id='word_1_43' title='bbox 506 286 592 321; x_wconf 85' lang='lat' dir='ltr'><strong>vitae</strong></span> <span class='ocrx_word' id='word_1_44' title='bbox 624 285 821 328; x_wconf 67' lang='lat' dir='ltr'><strong>metuenS,⁴</strong></span> <span class='ocrx_word' id='word_1_45' title='bbox 841 285 879 320; x_wconf 91' lang='lat' dir='ltr'><strong>in</strong></span> <span class='ocrx_word' id='word_1_46' title='bbox 910 285 1065 322; x_wconf 91' lang='lat' dir='ltr'><strong>domum</strong></span> <span class='ocrx_word' id='word_1_47' title='bbox 1097 299 1137 323; x_wconf 89' lang='lat' dir='ltr'><strong>se</strong></span> <span class='ocrx_word' id='word_1_48' title='bbox 1168 301 1257 337; x_wconf 88' lang='lat' dir='ltr'><strong>pro-</strong></span> 
     </span>
    </p>
   </div>
   <div class='ocr_carea' id='block_1_6' title="bbox 138 542 1430 2330">
    <p class='ocr_par' dir='ltr' id='par_1_6' title="bbox 142 542 1262 1042">
     <span class='ocr_line' id='line_1_8' title="bbox 143 542 1260 593; baseline 0.003 -14"><span class='ocrx_word' id='word_1_49' title='bbox 143 544 298 579; x_wconf 76' lang='lat' dir='ltr'><strong>victum.</strong></span> <span class='ocrx_word' id='word_1_50' title='bbox 353 543 532 591; x_wconf 86' lang='lat' dir='ltr'><strong>Agitatus</strong></span> <span class='ocrx_word' id='word_1_51' title='bbox 562 542 698 579; x_wconf 87' lang='lat' dir='ltr'><strong>deinde</strong></span> <span class='ocrx_word' id='word_1_52' title='bbox 726 542 908 586; x_wconf 84' lang='lat' dir='ltr'><strong>consiliis,</strong></span> <span class='ocrx_word' id='word_1_53' title='bbox 936 550 1050 593; x_wconf 87' lang='lat' dir='ltr'><strong>atque</strong></span> <span class='ocrx_word' id='word_1_54' title='bbox 1080 557 1125 581; x_wconf 88' lang='lat' dir='ltr'><strong>ex</strong></span> <span class='ocrx_word' id='word_1_55' title='bbox 1155 545 1260 582; x_wconf 87' lang='lat' dir='ltr'><strong>omni</strong></span> 
     </span>
     <span class='ocr_line' id='line_1_9' title="bbox 143 605 1262 658; baseline 0.003 -15"><span class='ocrx_word' id='word_1_56' title='bbox 143 612 251 657; x_wconf 88' lang='lat' dir='ltr'><strong>parte</strong></span> <span class='ocrx_word' id='word_1_57' title='bbox 287 606 534 643; x_wconf 78' lang='lat' dir='ltr'><strong>adsentIendo</strong></span> <span class='ocrx_word' id='word_1_58' title='bbox 567 605 696 642; x_wconf 89' lang='lat' dir='ltr'><strong>multis</strong></span> <span class='ocrx_word' id='word_1_59' title='bbox 731 606 950 643; x_wconf 87' lang='lat' dir='ltr'><strong>auctoribus</strong></span> <span class='ocrx_word' id='word_1_60' title='bbox 983 608 1167 658; x_wconf 86' lang='lat' dir='ltr'><strong>trepidus,</strong></span> <span class='ocrx_word' id='word_1_61' title='bbox 1201 621 1262 646; x_wconf 89' lang='lat' dir='ltr'><strong>se-</strong></span> 
     </span>
     <span class='ocr_line' id='line_1_10' title="bbox 143 671 1260 723; baseline 0.003 -16"><span class='ocrx_word' id='word_1_62' title='bbox 143 678 276 708; x_wconf 88' lang='lat' dir='ltr'><strong>natum</strong></span> <span class='ocrx_word' id='word_1_63' title='bbox 304 677 498 722; x_wconf 86' lang='lat' dir='ltr'><strong>postremo</strong></span> <span class='ocrx_word' id='word_1_64' title='bbox 525 672 653 707; x_wconf 87' lang='lat' dir='ltr'><strong>vocari</strong></span> <span class='ocrx_word' id='word_1_65' title='bbox 675 671 819 721; x_wconf 88' lang='lat' dir='ltr'><strong>jussit:</strong></span> <span class='ocrx_word' id='word_1_66' title='bbox 853 685 897 708; x_wconf 88' lang='lat' dir='ltr'><strong>ea</strong></span> <span class='ocrx_word' id='word_1_67' title='bbox 925 684 999 716; x_wconf 79' lang='lat' dir='ltr'><strong>reS,</strong></span> <span class='ocrx_word' id='word_1_68' title='bbox 1024 674 1124 722; x_wconf 87' lang='lat' dir='ltr'><strong>quod</strong></span> <span class='ocrx_word' id='word_1_69' title='bbox 1152 686 1260 723; x_wconf 83' lang='lat' dir='ltr'><strong>mag-</strong></span> 
     </span>
     <span class='ocr_line' id='line_1_11' title="bbox 142 735 1260 786; baseline 0.002 -14"><span class='ocrx_word' id='word_1_70' title='bbox 142 748 201 772; x_wconf 83' lang='lat' dir='ltr'><strong>nae</strong></span> <span class='ocrx_word' id='word_1_71' title='bbox 230 736 329 786; x_wconf 80' lang='lat' dir='ltr'><strong>parti</strong></span> <span class='ocrx_word' id='word_1_72' title='bbox 358 735 516 772; x_wconf 86' lang='lat' dir='ltr'><strong>Patrum</strong></span> <span class='ocrx_word' id='word_1_73' title='bbox 545 735 743 785; x_wconf 86' lang='lat' dir='ltr'><strong>displicere</strong></span> <span class='ocrx_word' id='word_1_74' title='bbox 772 742 858 772; x_wconf 88' lang='lat' dir='ltr'><strong>acta</strong></span> <span class='ocrx_word' id='word_1_75' title='bbox 886 736 1185 774; x_wconf 88' lang='lat' dir='ltr'><strong>decemvirorum</strong></span> <span class='ocrx_word' id='word_1_76' title='bbox 1203 738 1260 774; x_wconf 90' lang='lat' dir='ltr'><strong>vi-</strong></span> 
     </span>
     <span class='ocr_line' id='line_1_12' title="bbox 144 799 1259 852; baseline 0.003 -16"><span class='ocrx_word' id='word_1_77' title='bbox 144 799 343 843; x_wconf 88' lang='lat' dir='ltr'><strong>debantur,</strong></span> <span class='ocrx_word' id='word_1_78' title='bbox 365 813 430 850; x_wconf 86' lang='lat' dir='ltr'><strong>spe</strong></span> <span class='ocrx_word' id='word_1_79' title='bbox 456 813 523 850; x_wconf 84' lang='lat' dir='ltr'><strong>per</strong></span> <span class='ocrx_word' id='word_1_80' title='bbox 549 806 723 836; x_wconf 89' lang='lat' dir='ltr'><strong>senatum</strong></span> <span class='ocrx_word' id='word_1_81' title='bbox 749 800 924 837; x_wconf 88' lang='lat' dir='ltr'><strong>finiendae</strong></span> <span class='ocrx_word' id='word_1_82' title='bbox 950 802 1151 851; x_wconf 87' lang='lat' dir='ltr'><strong>potestatis</strong></span> <span class='ocrx_word' id='word_1_83' title='bbox 1178 801 1259 852; x_wconf 85' lang='lat' dir='ltr'><strong>ejus</strong></span> 
     </span>
     <span class='ocr_line' id='line_1_13' title="bbox 143 864 1261 914; baseline 0.002 -14"><span class='ocrx_word' id='word_1_84' title='bbox 143 864 424 900; x_wconf 84' lang='lat' dir='ltr'>multitudinem</span> <span class='ocrx_word' id='word_1_85' title='bbox 461 864 615 900; x_wconf 84' lang='lat' dir='ltr'><strong>sedavit.</strong></span> <span class='ocrx_word' id='word_1_86' title='bbox 684 866 843 900; x_wconf 82' lang='lat' dir='ltr'><strong>Senatus</strong></span> <span class='ocrx_word' id='word_1_87' title='bbox 881 877 951 900; x_wconf 89' lang='lat' dir='ltr'><strong>nec</strong></span> <span class='ocrx_word' id='word_1_88' title='bbox 987 865 1137 914; x_wconf 88' lang='lat' dir='ltr'><strong>plebem</strong></span> <span class='ocrx_word' id='word_1_89' title='bbox 1173 866 1261 902; x_wconf 86' lang='lat' dir='ltr'><strong>irri-</strong></span> 
     </span>
     <span class='ocr_line' id='line_1_14' title="bbox 143 928 1259 979; baseline 0.003 -15"><span class='ocrx_word' id='word_1_90' title='bbox 143 928 300 965; x_wconf 88' lang='lat' dir='ltr'><strong>tandam</strong></span> <span class='ocrx_word' id='word_1_91' title='bbox 328 930 475 965; x_wconf 87' lang='lat' dir='ltr'><strong>censuit</strong></span> <span class='ocrx_word' id='word_1_92' title='bbox 490 944 501 974; x_wconf 80' lang='lat'><em>3</em></span> <span class='ocrx_word' id='word_1_93' title='bbox 535 935 572 964; x_wconf 93' lang='lat' dir='ltr'><strong>et</strong></span> <span class='ocrx_word' id='word_1_94' title='bbox 600 928 722 964; x_wconf 88' lang='lat' dir='ltr'><strong>multo</strong></span> <span class='ocrx_word' id='word_1_95' title='bbox 750 930 871 978; x_wconf 83' lang='lat' dir='ltr'><strong>magis</strong></span> <span class='ocrx_word' id='word_1_96' title='bbox 897 929 1186 979; x_wconf 87' lang='lat' dir='ltr'><strong>providendum,</strong></span> <span class='ocrx_word' id='word_1_97' title='bbox 1211 943 1259 967; x_wconf 86' lang='lat' dir='ltr'><strong>ne</strong></span> 
     </span>
     <span class='ocr_line' id='line_1_15' title="bbox 144 992 1185 1042; baseline 0.002 -13"><span class='ocrx_word' id='word_1_98' title='bbox 144 993 234 1042; x_wconf 92' lang='lat' dir='ltr'><strong>quid</strong></span> <span class='ocrx_word' id='word_1_99' title='bbox 254 992 419 1041; x_wconf 83' lang='lat' dir='ltr'><strong>virginii</strong></span> <span class='ocrx_word' id='word_1_100' title='bbox 435 992 617 1028; x_wconf 84' lang='lat' dir='ltr'><strong>adventus</strong></span> <span class='ocrx_word' id='word_1_101' title='bbox 639 994 677 1028; x_wconf 92' lang='lat' dir='ltr'><strong>in</strong></span> <span class='ocrx_word' id='word_1_102' title='bbox 697 994 867 1029; x_wconf 84' lang='lat' dir='ltr'><strong>exercitu</strong></span> <span class='ocrx_word' id='word_1_103' title='bbox 885 1000 1011 1029; x_wconf 88' lang='lat' dir='ltr'><strong>motus</strong></span> <span class='ocrx_word' id='word_1_104' title='bbox 1030 993 1185 1032; x_wconf 83' lang='lat' dir='ltr'><strong>faceret.</strong></span> 
     </span>
    </p>

    <p class='ocr_par' dir='ltr' id='par_1_7' title="bbox 138 1056 1430 2330">
     <span class='ocr_line' id='line_1_16' title="bbox 196 1056 1259 1108; baseline 0.003 -15"><span class='ocrx_word' id='word_1_105' title='bbox 196 1057 243 1094; x_wconf 90' lang='lat' dir='ltr'><strong>L.</strong></span> <span class='ocrx_word' id='word_1_106' title='bbox 273 1057 408 1106; x_wconf 84' lang='lat' dir='ltr'><strong>Itaque</strong></span> <span class='ocrx_word' id='word_1_107' title='bbox 434 1057 538 1093; x_wconf 87' lang='lat' dir='ltr'><strong>missi</strong></span> <span class='ocrx_word' id='word_1_108' title='bbox 560 1056 734 1107; x_wconf 88' lang='lat' dir='ltr'><strong>juniores</strong></span> <span class='ocrx_word' id='word_1_109' title='bbox 761 1057 918 1094; x_wconf 85' lang='lat' dir='ltr'><strong>Patrum</strong></span> <span class='ocrx_word' id='word_1_110' title='bbox 947 1058 987 1093; x_wconf 90' lang='lat' dir='ltr'><strong>in</strong></span> <span class='ocrx_word' id='word_1_111' title='bbox 1016 1064 1153 1102; x_wconf 86' lang='lat' dir='ltr'><strong>castra,</strong></span> <span class='ocrx_word' id='word_1_112' title='bbox 1175 1072 1259 1108; x_wconf 86' lang='lat' dir='ltr'><strong>quae</strong></span> 
     </span>
     <span class='ocr_line' id='line_1_17' title="bbox 142 1121 1258 1167; baseline 0.002 -10"><span class='ocrx_word' id='word_1_113' title='bbox 142 1128 224 1157; x_wconf 92' lang='lat' dir='ltr'><strong>tum</strong></span> <span class='ocrx_word' id='word_1_114' title='bbox 253 1121 291 1157; x_wconf 93' lang='lat' dir='ltr'><strong>in</strong></span> <span class='ocrx_word' id='word_1_115' title='bbox 321 1127 453 1157; x_wconf 88' lang='lat' dir='ltr'><strong>monte</strong></span> <span class='ocrx_word' id='word_1_116' title='bbox 481 1121 629 1157; x_wconf 88' lang='lat' dir='ltr'><strong>Vecilio</strong></span> <span class='ocrx_word' id='word_1_117' title='bbox 659 1127 779 1164; x_wconf 85' lang='lat' dir='ltr'><strong>erant,</strong></span> <span class='ocrx_word' id='word_1_118' title='bbox 809 1122 994 1157; x_wconf 87' lang='lat' dir='ltr'>nunciant</span> <span class='ocrx_word' id='word_1_119' title='bbox 1023 1122 1258 1167; x_wconf 85' lang='lat' dir='ltr'><strong>decemviris,</strong></span> 
     </span>
     <span class='ocr_line' id='line_1_18' title="bbox 141 1171 1258 1234; baseline 0.002 -13"><span class='ocrx_word' id='word_1_120' title='bbox 141 1190 184 1221; x_wconf 77' lang='lat' dir='ltr'><strong>ut</strong></span> <span class='ocrx_word' id='word_1_121' title='bbox 202 1187 297 1221; x_wconf 76' lang='lat' dir='ltr'><strong>omni</strong></span> <span class='ocrx_word' id='word_1_122' title='bbox 317 1198 383 1234; x_wconf 78' lang='lat' dir='ltr'><strong>ope</strong></span> <span class='ocrx_word' id='word_1_123' title='bbox 408 1186 451 1221; x_wconf 83' lang='lat' dir='ltr'><strong>ab</strong></span> <span class='ocrx_word' id='word_1_124' title='bbox 474 1187 644 1222; x_wconf 79' lang='lat' dir='ltr'><strong>seditione</strong></span> <span class='ocrx_word' id='word_1_125' title='bbox 672 1187 802 1222; x_wconf 81' lang='lat' dir='ltr'><strong>milites</strong></span> <span class='ocrx_word' id='word_1_126' title='bbox 829 1188 1056 1223; x_wconf 73' lang='lat' dir='ltr'><strong>contineant:</strong></span> <span class='ocrx_word' id='word_1_127' title='bbox 1085 1186 1150 1223; x_wconf 91' lang='lat' dir='ltr'><strong>ubi</strong></span> <span class='ocrx_word' id='word_1_128' title='bbox 1170 1171 1258 1223; x_wconf 68' lang='lat' dir='ltr'><strong>Vir&#39;-</strong></span> 
     </span>
     <span class='ocr_line' id='line_1_19' title="bbox 142 1248 1257 1299; baseline 0.004 -15"><span class='ocrx_word' id='word_1_129' title='bbox 142 1250 266 1298; x_wconf 82' lang='lat' dir='ltr'><strong>ginius</strong></span> <span class='ocrx_word' id='word_1_130' title='bbox 295 1248 493 1299; x_wconf 52' lang='lat' dir='ltr'><strong>majorem,</strong></span> <span class='ocrx_word' id='word_1_131' title='bbox 524 1263 637 1299; x_wconf 88' lang='lat' dir='ltr'><strong>quam</strong></span> <span class='ocrx_word' id='word_1_132' title='bbox 669 1249 873 1299; x_wconf 81' lang='lat' dir='ltr'><strong>reliquerat</strong></span> <span class='ocrx_word' id='word_1_133' title='bbox 900 1251 940 1286; x_wconf 91' lang='lat' dir='ltr'><strong>in</strong></span> <span class='ocrx_word' id='word_1_134' title='bbox 973 1251 1078 1295; x_wconf 86' lang='lat' dir='ltr'><strong>urbe,</strong></span> <span class='ocrx_word' id='word_1_135' title='bbox 1110 1257 1257 1288; x_wconf 88' lang='lat' dir='ltr'><strong>motum</strong></span> 
     </span>
     <span class='ocr_line' id='line_1_20' title="bbox 143 1313 1430 1367; baseline 0.003 -18"><span class='ocrx_word' id='word_1_136' title='bbox 143 1314 292 1350; x_wconf 78' lang='lat' dir='ltr'><strong>excivit.</strong></span> <span class='ocrx_word' id='word_1_137' title='bbox 361 1313 478 1357; x_wconf 89' lang='lat' dir='ltr'><strong>Nam,</strong></span> <span class='ocrx_word' id='word_1_138' title='bbox 516 1320 767 1364; x_wconf 84' lang='lat' dir='ltr'><strong>praeterquam</strong></span> <span class='ocrx_word' id='word_1_139' title='bbox 805 1316 904 1364; x_wconf 86' lang='lat' dir='ltr'><strong>quod</strong></span> <span class='ocrx_word' id='word_1_140' title='bbox 950 1317 1100 1365; x_wconf 83' lang='lat' dir='ltr'>agmine</span> <span class='ocrx_word' id='word_1_141' title='bbox 1137 1329 1255 1367; x_wconf 89' lang='lat' dir='ltr'><strong>prope</strong></span> <span class='ocrx_word' id='word_1_142' title='bbox 1270 1317 1379 1367; x_wconf 76' lang='lat' dir='ltr'><strong>Motus</strong></span> <span class='ocrx_word' id='word_1_143' title='bbox 1396 1317 1430 1348; x_wconf 84' lang='lat' dir='ltr'><strong>in</strong></span> 
     </span>
     <span class='ocr_line' id='line_1_21' title="bbox 143 1367 1390 1428; baseline 0.004 -16"><span class='ocrx_word' id='word_1_144' title='bbox 143 1377 506 1425; x_wconf 84' lang='lat' dir='ltr'><strong>quadringentorum</strong></span> <span class='ocrx_word' id='word_1_145' title='bbox 525 1378 724 1414; x_wconf 89' lang='lat' dir='ltr'><strong>hominum</strong></span> <span class='ocrx_word' id='word_1_146' title='bbox 742 1379 911 1422; x_wconf 88' lang='lat' dir='ltr'><strong>veniens,</strong></span> <span class='ocrx_word' id='word_1_147' title='bbox 933 1381 996 1428; x_wconf 91' lang='lat' dir='ltr'><strong>qui</strong></span> <span class='ocrx_word' id='word_1_148' title='bbox 1016 1379 1062 1416; x_wconf 84' lang='lat' dir='ltr'><strong>ab</strong></span> <span class='ocrx_word' id='word_1_149' title='bbox 1084 1380 1176 1415; x_wconf 89' lang='lat' dir='ltr'><strong>urbe</strong></span> <span class='ocrx_word' id='word_1_150' title='bbox 1196 1380 1255 1416; x_wconf 92' lang='lat' dir='ltr'><strong>in-</strong></span> <span class='ocrx_word' id='word_1_151' title='bbox 1269 1367 1390 1393; x_wconf 43' lang='lat' dir='ltr'>casm*</span> 
     </span>
     <span class='ocr_line' id='line_1_22' title="bbox 143 1441 1256 1489; baseline 0.004 -13"><span class='ocrx_word' id='word_1_152' title='bbox 143 1441 327 1489; x_wconf 83' lang='lat' dir='ltr'><strong>dignitate</strong></span> <span class='ocrx_word' id='word_1_153' title='bbox 356 1443 410 1477; x_wconf 88' lang='lat' dir='ltr'><strong>rei</strong></span> <span class='ocrx_word' id='word_1_154' title='bbox 439 1443 588 1478; x_wconf 80' lang='lat' dir='ltr'><strong>accensi</strong></span> <span class='ocrx_word' id='word_1_155' title='bbox 621 1443 778 1479; x_wconf 82' lang='lat' dir='ltr'><strong>comites</strong></span> <span class='ocrx_word' id='word_1_156' title='bbox 809 1444 843 1480; x_wconf 90' lang='lat' dir='ltr'><strong>ei</strong></span> <span class='ocrx_word' id='word_1_157' title='bbox 873 1456 912 1480; x_wconf 87' lang='lat' dir='ltr'><strong>se</strong></span> <span class='ocrx_word' id='word_1_158' title='bbox 941 1444 1134 1487; x_wconf 82' lang='lat' dir='ltr'><strong>dederant,</strong></span> <span class='ocrx_word' id='word_1_159' title='bbox 1163 1457 1256 1481; x_wconf 90' lang='lat' dir='ltr'><strong>con-</strong></span> 
     </span>
     <span class='ocr_line' id='line_1_23' title="bbox 141 1507 1256 1559; baseline 0.004 -18"><span class='ocrx_word' id='word_1_160' title='bbox 141 1511 291 1555; x_wconf 89' lang='lat' dir='ltr'><strong>spectus</strong></span> <span class='ocrx_word' id='word_1_161' title='bbox 330 1512 386 1542; x_wconf 89' lang='lat' dir='ltr'><strong>est</strong></span> <span class='ocrx_word' id='word_1_162' title='bbox 405 1522 416 1552; x_wconf 79' lang='lat'>5</span> <span class='ocrx_word' id='word_1_163' title='bbox 457 1507 630 1542; x_wconf 82' lang='lat' dir='ltr'><strong>strictum</strong></span> <span class='ocrx_word' id='word_1_164' title='bbox 667 1508 782 1543; x_wconf 88' lang='lat' dir='ltr'><strong>etiam</strong></span> <span class='ocrx_word' id='word_1_165' title='bbox 818 1508 951 1551; x_wconf 84' lang='lat' dir='ltr'><strong>telum,</strong></span> <span class='ocrx_word' id='word_1_166' title='bbox 989 1521 1256 1559; x_wconf 80' lang='lat' dir='ltr'><strong>respersusque</strong></span> 
     </span>
     <span class='ocr_line' id='line_1_24' title="bbox 140 1562 1253 1622; baseline 0.002 -15"><span class='ocrx_word' id='word_1_167' title='bbox 140 1571 221 1622; x_wconf 88' lang='lat' dir='ltr'><strong>ipse</strong></span> <span class='ocrx_word' id='word_1_168' title='bbox 250 1584 397 1615; x_wconf 89' lang='lat' dir='ltr'><strong>cruore,</strong></span> <span class='ocrx_word' id='word_1_169' title='bbox 423 1578 508 1608; x_wconf 87' lang='lat' dir='ltr'><strong>tota</strong></span> <span class='ocrx_word' id='word_1_170' title='bbox 536 1574 576 1608; x_wconf 93' lang='lat' dir='ltr'><strong>in</strong></span> <span class='ocrx_word' id='word_1_171' title='bbox 605 1585 643 1608; x_wconf 90' lang='lat' dir='ltr'><strong>se</strong></span> <span class='ocrx_word' id='word_1_172' title='bbox 674 1580 796 1609; x_wconf 86' lang='lat' dir='ltr'><strong>castra</strong></span> <span class='ocrx_word' id='word_1_173' title='bbox 825 1574 1036 1609; x_wconf 85' lang='lat' dir='ltr'><strong>convertit:</strong></span> <span class='ocrx_word' id='word_1_174' title='bbox 1070 1576 1108 1609; x_wconf 82' lang='lat' dir='ltr'><strong>e&#39;t</strong></span> <span class='ocrx_word' id='word_1_175' title='bbox 1136 1562 1253 1622; x_wconf 39' lang='lat' dir='ltr'><strong>togaess</strong></span> 
     </span>
     <span class='ocr_line' id='line_1_25' title="bbox 141 1635 1255 1687; baseline 0.003 -17"><span class='ocrx_word' id='word_1_176' title='bbox 141 1635 386 1671; x_wconf 80' lang='lat' dir='ltr'><strong>multifariam</strong></span> <span class='ocrx_word' id='word_1_177' title='bbox 405 1636 444 1672; x_wconf 89' lang='lat' dir='ltr'><strong>in</strong></span> <span class='ocrx_word' id='word_1_178' title='bbox 465 1637 595 1673; x_wconf 86' lang='lat' dir='ltr'><strong>castris</strong></span> <span class='ocrx_word' id='word_1_179' title='bbox 613 1638 716 1680; x_wconf 87' lang='lat' dir='ltr'><strong>visae,</strong></span> <span class='ocrx_word' id='word_1_180' title='bbox 737 1636 891 1687; x_wconf 88' lang='lat' dir='ltr'><strong>majoris</strong></span> <span class='ocrx_word' id='word_1_181' title='bbox 912 1637 1122 1686; x_wconf 88' lang='lat' dir='ltr'><strong>aliquanto,</strong></span> <span class='ocrx_word' id='word_1_182' title='bbox 1141 1650 1255 1686; x_wconf 82' lang='lat' dir='ltr'><strong>quam</strong></span> 
     </span>
     <span class='ocr_line' id='line_1_26' title="bbox 141 1700 1254 1749; baseline 0.002 -14"><span class='ocrx_word' id='word_1_183' title='bbox 141 1707 234 1743; x_wconf 85' lang='lat' dir='ltr'><strong>erat,</strong></span> <span class='ocrx_word' id='word_1_184' title='bbox 256 1701 418 1749; x_wconf 87' lang='lat' dir='ltr'><strong>speciem</strong></span> <span class='ocrx_word' id='word_1_185' title='bbox 443 1700 598 1737; x_wconf 81' lang='lat' dir='ltr'><strong>urbanae</strong></span> <span class='ocrx_word' id='word_1_186' title='bbox 623 1701 873 1737; x_wconf 84' lang='lat' dir='ltr'><strong>multitudinis</strong></span> <span class='ocrx_word' id='word_1_187' title='bbox 900 1701 1080 1738; x_wconf 85' lang='lat' dir='ltr'><strong>fecerant.</strong></span> <span class='ocrx_word' id='word_1_188' title='bbox 1138 1702 1254 1741; x_wconf 84' lang='lat' dir='ltr'><strong>Quae-</strong></span> 
     </span>
     <span class='ocr_line' id='line_1_27' title="bbox 139 1763 1250 1812; baseline 0.001 -13"><span class='ocrx_word' id='word_1_189' title='bbox 139 1763 324 1806; x_wconf 82' lang='lat' dir='ltr'><strong>rentibus,</strong></span> <span class='ocrx_word' id='word_1_190' title='bbox 346 1765 431 1812; x_wconf 80' lang='lat' dir='ltr'><strong>quid</strong></span> <span class='ocrx_word' id='word_1_191' title='bbox 455 1766 504 1800; x_wconf 73' lang='lat' dir='ltr'><strong>rei</strong></span> <span class='ocrx_word' id='word_1_192' title='bbox 526 1770 623 1807; x_wconf 80' lang='lat' dir='ltr'><strong>esset,</strong></span> <span class='ocrx_word' id='word_1_193' title='bbox 644 1765 736 1801; x_wconf 81' lang='lat' dir='ltr'><strong>flens</strong></span> <span class='ocrx_word' id='word_1_194' title='bbox 765 1765 828 1801; x_wconf 92' lang='lat' dir='ltr'><strong>diu</strong></span> <span class='ocrx_word' id='word_1_195' title='bbox 853 1778 985 1801; x_wconf 88' lang='lat' dir='ltr'><strong>vocem</strong></span> <span class='ocrx_word' id='word_1_196' title='bbox 1014 1777 1092 1801; x_wconf 87' lang='lat' dir='ltr'><strong>non</strong></span> <span class='ocrx_word' id='word_1_197' title='bbox 1123 1766 1250 1801; x_wconf 84' lang='lat' dir='ltr'><strong>misit:</strong></span> 
     </span>
     <span class='ocr_line' id='line_1_28' title="bbox 139 1827 1253 1878; baseline 0.001 -14"><span class='ocrx_word' id='word_1_198' title='bbox 139 1828 307 1871; x_wconf 88' lang='lat' dir='ltr'><strong>tandem,</strong></span> <span class='ocrx_word' id='word_1_199' title='bbox 331 1834 371 1864; x_wconf 92' lang='lat' dir='ltr'><strong>ut</strong></span> <span class='ocrx_word' id='word_1_200' title='bbox 383 1827 466 1878; x_wconf 88' lang='lat' dir='ltr'><strong>jam</strong></span> <span class='ocrx_word' id='word_1_201' title='bbox 493 1841 538 1865; x_wconf 85' lang='lat' dir='ltr'><strong>ex</strong></span> <span class='ocrx_word' id='word_1_202' title='bbox 564 1829 818 1878; x_wconf 82' lang='lat' dir='ltr'><strong>trepidatione</strong></span> <span class='ocrx_word' id='word_1_203' title='bbox 838 1831 1145 1866; x_wconf 85' lang='lat' dir='ltr'><strong>concurrentium</strong></span> <span class='ocrx_word' id='word_1_204' title='bbox 1172 1836 1253 1866; x_wconf 87' lang='lat' dir='ltr'><strong>tur-</strong></span> 
     </span>
     <span class='ocr_line' id='line_1_29' title="bbox 138 1891 1254 1937; baseline 0.003 -10"><span class='ocrx_word' id='word_1_205' title='bbox 138 1891 190 1928; x_wconf 84' lang='lat' dir='ltr'><strong>ba</strong></span> <span class='ocrx_word' id='word_1_206' title='bbox 222 1892 408 1936; x_wconf 85' lang='lat' dir='ltr'><strong>constitit,</strong></span> <span class='ocrx_word' id='word_1_207' title='bbox 443 1904 486 1928; x_wconf 88' lang='lat' dir='ltr'><strong>ac</strong></span> <span class='ocrx_word' id='word_1_208' title='bbox 519 1892 711 1929; x_wconf 88' lang='lat' dir='ltr'><strong>silentium</strong></span> <span class='ocrx_word' id='word_1_209' title='bbox 742 1893 829 1936; x_wconf 87' lang='lat' dir='ltr'><strong>fuit,</strong></span> <span class='ocrx_word' id='word_1_210' title='bbox 863 1894 995 1929; x_wconf 84' lang='lat' dir='ltr'><strong>ordine</strong></span> <span class='ocrx_word' id='word_1_211' title='bbox 1028 1900 1178 1937; x_wconf 79' lang='lat' dir='ltr'><strong>cuncta,</strong></span> <span class='ocrx_word' id='word_1_212' title='bbox 1211 1900 1254 1930; x_wconf 92' lang='lat' dir='ltr'><strong>ut</strong></span> 
     </span>
     <span class='ocr_line' id='line_1_30' title="bbox 141 1957 1255 2007; baseline 0.003 -16"><span class='ocrx_word' id='word_1_213' title='bbox 141 1961 249 2004; x_wconf 84' lang='lat' dir='ltr'><strong>gesta</strong></span> <span class='ocrx_word' id='word_1_214' title='bbox 268 1962 389 1999; x_wconf 83' lang='lat' dir='ltr'><strong>erant,</strong></span> <span class='ocrx_word' id='word_1_215' title='bbox 411 1957 598 2006; x_wconf 87' lang='lat' dir='ltr'><strong>exposuit.</strong></span> <span class='ocrx_word' id='word_1_216' title='bbox 618 1977 622 1982; x_wconf 81' lang='lat'><em>,</em></span> <span class='ocrx_word' id='word_1_217' title='bbox 655 1957 817 2007; x_wconf 81' lang='lat' dir='ltr'><strong>Supinas</strong></span> <span class='ocrx_word' id='word_1_218' title='bbox 837 1957 971 1993; x_wconf 88' lang='lat' dir='ltr'><strong>deinde</strong></span> <span class='ocrx_word' id='word_1_219' title='bbox 990 1957 1149 1993; x_wconf 89' lang='lat' dir='ltr'><strong>tendens</strong></span> <span class='ocrx_word' id='word_1_220' title='bbox 1172 1971 1255 1995; x_wconf 88' lang='lat' dir='ltr'><strong>ma-</strong></span> 
     </span>
     <span class='ocr_line' id='line_1_31' title="bbox 140 2019 1253 2070; baseline 0.004 -16"><span class='ocrx_word' id='word_1_221' title='bbox 140 2032 225 2062; x_wconf 86' lang='lat' dir='ltr'><strong>nuS,</strong></span> <span class='ocrx_word' id='word_1_222' title='bbox 256 2019 533 2056; x_wconf 89' lang='lat' dir='ltr'><strong>commilitones</strong></span> <span class='ocrx_word' id='word_1_223' title='bbox 564 2020 771 2070; x_wconf 83' lang='lat' dir='ltr'><strong>adpellans,</strong></span> <span class='ocrx_word' id='word_1_224' title='bbox 802 2021 950 2064; x_wconf 85' lang='lat' dir='ltr'><strong>orabat,</strong></span> <span class='ocrx_word' id='word_1_225' title='bbox 972 2022 1041 2065; x_wconf 88' lang='lat' dir='ltr'><strong>Ne,</strong></span> <span class='ocrx_word' id='word_1_226' title='bbox 1063 2023 1157 2070; x_wconf 81' lang='lat' dir='ltr'><strong>quod</strong></span> <span class='ocrx_word' id='word_1_227' title='bbox 1178 2034 1253 2058; x_wconf 81' lang='lat' dir='ltr'><strong>sce-</strong></span> 
     </span>
     <span class='ocr_line' id='line_1_32' title="bbox 142 2083 1254 2134; baseline 0.002 -15"><span class='ocrx_word' id='word_1_228' title='bbox 142 2083 196 2119; x_wconf 82' lang='lat' dir='ltr'><strong>lus</strong></span> <span class='ocrx_word' id='word_1_229' title='bbox 212 2084 284 2131; x_wconf 84' lang='lat' dir='ltr'><strong>Ap.</strong></span> <span class='ocrx_word' id='word_1_230' title='bbox 307 2083 451 2120; x_wconf 68' lang='lat' dir='ltr'><strong>Claudii</strong></span> <span class='ocrx_word' id='word_1_231' title='bbox 469 2090 566 2126; x_wconf 80' lang='lat' dir='ltr'><strong>esset,</strong></span> <span class='ocrx_word' id='word_1_232' title='bbox 585 2085 650 2121; x_wconf 71' lang='lat' dir='ltr'><strong>sibi</strong></span> <span class='ocrx_word' id='word_1_233' title='bbox 668 2085 928 2121; x_wconf 77' lang='lat' dir='ltr'><strong>adtribuerent:</strong></span> <span class='ocrx_word' id='word_1_234' title='bbox 956 2097 1024 2121; x_wconf 66' lang='lat' dir='ltr'><strong>neza</strong></span> <span class='ocrx_word' id='word_1_235' title='bbox 1041 2097 1090 2128; x_wconf 84' lang='lat' dir='ltr'><strong>se,</strong></span> <span class='ocrx_word' id='word_1_236' title='bbox 1110 2090 1151 2121; x_wconf 79' lang='lat' dir='ltr'><strong>ut</strong></span> <span class='ocrx_word' id='word_1_237' title='bbox 1165 2099 1254 2134; x_wconf 82' lang='lat' dir='ltr'><strong>par-</strong></span> 
     </span>
     <span class='ocr_line' id='line_1_33' title="bbox 141 2148 1257 2198; baseline 0.003 -16"><span class='ocrx_word' id='word_1_238' title='bbox 141 2148 294 2183; x_wconf 61' lang='lat' dir='ltr'><strong>Ticidam</strong></span> <span class='ocrx_word' id='word_1_239' title='bbox 322 2148 481 2191; x_wconf 69' lang='lat' dir='ltr'><strong>liberum,</strong></span> <span class='ocrx_word' id='word_1_240' title='bbox 511 2153 768 2185; x_wconf 61' lang='lat' dir='ltr'><strong>avffsarentur.</strong></span> <span class='ocrx_word' id='word_1_241' title='bbox 825 2149 901 2185; x_wconf 80' lang='lat' dir='ltr'><strong>Sibi</strong></span> <span class='ocrx_word' id='word_1_242' title='bbox 929 2151 1040 2185; x_wconf 72' lang='lat' dir='ltr'><strong>vitam</strong></span> <span class='ocrx_word' id='word_1_243' title='bbox 1063 2150 1158 2198; x_wconf 77' lang='lat' dir='ltr'><strong>filice</strong></span> <span class='ocrx_word' id='word_1_244' title='bbox 1191 2162 1257 2186; x_wconf 81' lang='lat' dir='ltr'><strong>sua</strong></span> 
     </span>
     <span class='ocr_line' id='line_1_34' title="bbox 143 2211 1258 2263; baseline 0.002 -16"><span class='ocrx_word' id='word_1_245' title='bbox 143 2213 313 2248; x_wconf 81' lang='lat' dir='ltr'><strong>cariorem</strong></span> <span class='ocrx_word' id='word_1_246' title='bbox 330 2211 460 2260; x_wconf 79' lang='lat' dir='ltr'><strong>fuisse,</strong></span> <span class='ocrx_word' id='word_1_247' title='bbox 480 2215 511 2249; x_wconf 73' lang='lat' dir='ltr'><strong>si</strong></span> <span class='ocrx_word' id='word_1_248' title='bbox 537 2214 651 2250; x_wconf 76' lang='lat' dir='ltr'><strong>liberae</strong></span> <span class='ocrx_word' id='word_1_249' title='bbox 675 2226 718 2250; x_wconf 86' lang='lat' dir='ltr'><strong>ac</strong></span> <span class='ocrx_word' id='word_1_250' title='bbox 738 2215 880 2262; x_wconf 75' lang='lat' dir='ltr'><strong>pudic-ce</strong></span> <span class='ocrx_word' id='word_1_251' title='bbox 897 2215 1011 2250; x_wconf 79' lang='lat' dir='ltr'><strong>vivere</strong></span> <span class='ocrx_word' id='word_1_252' title='bbox 1030 2214 1168 2250; x_wconf 80' lang='lat' dir='ltr'><strong>licitum</strong></span> <span class='ocrx_word' id='word_1_253' title='bbox 1185 2213 1258 2263; x_wconf 86' lang='lat' dir='ltr'><strong>fu-</strong></span> 
     </span>
     <span class='ocr_line' id='line_1_35' title="bbox 141 2276 1258 2330; baseline 0.003 -17"><span class='ocrx_word' id='word_1_254' title='bbox 141 2276 245 2314; x_wconf 73' lang='lat' dir='ltr'><strong>z‘sset:</strong></span> <span class='ocrx_word' id='word_1_255' title='bbox 281 2288 402 2325; x_wconf 81' lang='lat' dir='ltr'><strong>quum,</strong></span> <span class='ocrx_word' id='word_1_256' title='bbox 430 2278 527 2316; x_wconf 80' lang='lat' dir='ltr'><strong>velut</strong></span> <span class='ocrx_word' id='word_1_257' title='bbox 556 2290 707 2324; x_wconf 83' lang='lat' dir='ltr'><strong>servam,</strong></span> <span class='ocrx_word' id='word_1_258' title='bbox 737 2279 786 2316; x_wconf 84' lang='lat' dir='ltr'><strong>ad</strong></span> <span class='ocrx_word' id='word_1_259' title='bbox 811 2283 974 2330; x_wconf 75' lang='lat' dir='ltr'><strong>stuprum</strong></span> <span class='ocrx_word' id='word_1_260' title='bbox 1000 2281 1083 2330; x_wconf 73' lang='lat' dir='ltr'><strong>rapi</strong></span> <span class='ocrx_word' id='word_1_261' title='bbox 1110 2280 1258 2323; x_wconf 81' lang='lat' dir='ltr'><strong>videret,</strong></span> 
     </span>
    </p>
   </div>
  </div>
 </body>
</html>
