1573 2598
93 239 192 275 Victi,
209 239 296 271 dedi-

94 288 128 314 to
142 283 237 319 duce,

95 325 156 374 sub
168 325 288 365 jugum

96 374 280 400 mittuntur.

98 818 210 849 Ardeae
225 827 273 867 res

100 870 296 902 compositae.

107 2105 147 2136 U.
163 2105 202 2135 C.
218 2109 290 2136 313.

105 2149 146 2179 A.
161 2148 198 2182 C.
216 2153 289 2183 439.

308 145 393 189 274
761 149 806 178 τ.
829 149 963 179 mvn

309 245 414 287 spem
444 235 485 273 in
517 233 645 279 armis,
675 235 751 272 alia
782 237 948 287 undique
980 237 1160 283 abscissa,
1188 251 1304 290 quum
1335 248 1421 279 ten-

309 306 468 344 tassent,
498 306 636 351 praeter
660 306 787 337 cetera
814 301 970 338 adversa
997 301 1085 339 loco
1110 314 1261 353 quoque
1288 305 1421 355 iniquo

311 366 358 402 ad
384 374 550 415 pugnam
570 366 778 414 congressi,
798 366 986 415 iniquiore
1006 367 1052 404 ad
1071 366 1217 417 fugam,
1237 380 1353 417 quum
1371 368 1421 406 ab

312 429 416 465 ouini
434 434 540 479 parte
560 428 804 471 caederentur,
825 430 873 466 ad
893 442 1022 480 preces
1042 442 1065 467 a
1084 431 1290 468 certamine
1309 433 1421 475 versi,

312 493 437 530 dedito
456 493 686 542 imperatore
703 492 927 542 traditisque
947 494 1074 537 armis,
1091 493 1160 530 sub
1174 494 1314 544 jugum
1331 496 1423 532 mis-

312 557 358 599 si,
397 568 483 592 cum
519 555 678 605 singulis
711 558 945 594 vestimentis
982 559 1201 607 ignominiae
1234 558 1424 609 cladisque

312 620 413 671 pleni
433 621 675 657 dimittuntur
692 635 700 656 :
732 628 783 665 et,
805 634 920 671 quum
939 623 1042 659 haud
1059 623 1194 673 procul
1213 623 1305 660 urbe
1323 623 1424 660 Tus-

313 685 399 721 culo
429 685 701 728 consedissent,
727 692 854 722 vetere
872 686 1175 723 Tusculanorum
1204 688 1294 724 odio
1322 689 1424 724 iner-

313 761 391 785 mes
411 750 579 799 obpressi
600 749 781 785 dederunt
806 762 953 799 poenas,
974 752 1037 787 vix
1062 751 1210 787 nunciis
1230 751 1341 787 caedis
1365 764 1424 787 re-

312 812 424 849 lictis.
462 813 659 849 Romanus
675 813 809 849 Ardeae
829 808 1000 850 turbatas
1021 814 1207 850 seditione
1226 826 1299 858 res,
1319 815 1424 864 prin-

313 876 458 926 cipibus
479 876 559 926 ejus
580 882 705 912 motus
727 878 848 912 securi
868 879 1069 927 percussis,
1089 876 1276 926 bonisque
1295 891 1426 914 eorum

313 941 352 976 in
382 940 575 991 publicum
594 941 816 976 Ardeatium
845 941 1022 984 redactis,
1051 943 1290 991 composuit:
1321 942 1426 978 dem·

313 1011 465 1052 tamque
485 1003 661 1053 injuriam
685 1003 820 1054 judicii
848 1011 957 1040 tanto
980 1003 1164 1040 beneficio
1189 1004 1320 1055 populi
1343 1004 1426 1041 Ro-

313 1069 416 1104 mani
448 1069 631 1104 Ardeates
670 1068 899 1113 credebant3
948 1069 1095 1104 senatui
1133 1081 1326 1118 superesse
1358 1069 1427 1106 ali-

314 1133 403 1181 quid
436 1133 483 1168 ad
514 1132 710 1169 delendum
743 1133 903 1182 publi‘cae
936 1133 1103 1169 avaritiae
1138 1140 1427 1169 monumentum

316 1196 524 1234 videbatur.
562 1197 705 1232 Consul
726 1198 963 1247 triumphans
984 1198 1023 1233 in
1043 1197 1176 1233 urbem
1193 1197 1304 1240 redit,
1322 1196 1426 1233 Cloe-

317 1260 368 1296 lio
393 1261 487 1297 duce
505 1260 733 1297 Volscorum
760 1268 848 1296 ante
868 1273 1018 1297 currum
1037 1261 1165 1303 ducto,
1187 1260 1426 1310 praelatisque

317 1324 460 1374 spoliiS,
491 1325 626 1373 quibus
661 1325 894 1361 dearmatum
923 1324 1129 1360 exercitum
1161 1325 1328 1360 hostium
1357 1324 1427 1361 sub

310 1387 449 1438 jugum
480 1390 645 1425 miserat.
702 1388 901 1438 AEquavit,
938 1389 1038 1437 quod
1074 1389 1175 1424 haud
1210 1388 1323 1424 facile
1356 1396 1427 1432 est,

317 1453 519 1492 Quinctius
546 1453 678 1489 consul
706 1460 859 1501 togatus
891 1454 1025 1489 armati
1056 1452 1215 1502 gloriam
1245 1452 1426 1502 collegae:

317 1517 406 1565 quia
444 1516 654 1552 concordiae
691 1518 869 1566 pacisque
899 1517 1145 1552 domesticam
1174 1529 1315 1559 curam,
1339 1516 1430 1565 jura

316 1580 455 1618 infimis
485 1581 715 1629 summisque
747 1580 994 1623 moderando,
1025 1580 1079 1616 ita
1105 1580 1242 1622 tenuit,
1273 1586 1314 1615 ut
1343 1591 1429 1615 eum

318 1648 357 1678 et
374 1643 506 1679 Patres
535 1656 705 1679 severum
733 1643 940 1687 consulem,
962 1650 1000 1679 et
1028 1643 1134 1693 plebs
1163 1644 1253 1679 satis
1283 1655 1429 1678 comem

319 1707 555 1743 crediderint.
599 1708 650 1743 Et
670 1707 845 1743 adversus
864 1707 1039 1743 tribunos
1061 1707 1287 1742 auctoritate
1305 1705 1428 1756 plura,

318 1783 430 1818 quam
468 1771 687 1813 certamine,
717 1772 864 1807 tenuit:
905 1771 1071 1819 quinque
1101 1768 1334 1813 consulatus,
1365 1781 1431 1805 eo—

317 1834 401 1870 dem
429 1842 560 1870 tenore
588 1835 699 1883 gesti,
721 1836 871 1883 vitaque
897 1835 1035 1877 omnis,
1056 1834 1304 1871 consulariter
1330 1839 1430 1877 acta,

316 1898 517 1934 verendum
546 1911 643 1948 pene
671 1899 793 1948 ipsum
827 1900 963 1947 magis,
995 1911 1108 1947 quam
1140 1898 1339 1940 honorem,
1372 1897 1429 1933 fa-

318 1960 494 1997 ciebant:
535 1975 580 1998 eo
617 1963 857 1998 tribunorum
894 1962 1117 1998 militarium
1151 1960 1257 1997 nulla
1285 1961 1430 1997 mentio

317 2026 376 2062 his
397 2027 618 2064 consulibus
638 2027 722 2065 fuit.

371 2090 446 2127 XI.
474 2091 658 2127 Consules
679 2097 809 2128 creant
827 2090 884 2127 M.
905 2090 1066 2127 Fabium
1086 2089 1334 2133 Vibulanum,
1354 2089 1432 2126 Po-

319 2160 484 2191 stumum
513 2155 716 2191 AEbutium
746 2156 1002 2191 Cornicinem.
1059 2154 1200 2191 Fabius
1238 2162 1276 2190 et
1307 2153 1433 2191 AEbu·

319 2219 393 2255 tius
421 2218 608 2264 consules,
630 2232 705 2269 quo
724 2219 861 2270 majori
888 2219 1018 2268 gloriae
1037 2231 1178 2262 rerum,
1199 2219 1301 2256 domi
1320 2218 1433 2255 foris·

319 2294 392 2333 que
417 2289 624 2332 gestarum,
645 2285 844 2322 succedere
863 2296 901 2322 se
923 2283 1144 2329 cernebant,
1168 2283 1348 2332 (maxime
1366 2295 1433 2320 au-

1557 2089 1559 2099 *
1556 1938 1571 2073 ,fl-OE'ss
