1573 2598
65 213 112 247 υ.
123 213 159 246 C.
177 219 252 250 307.

67 259 109 290 A.
123 258 161 288 C.
178 264 252 290 355.

67 315 238 364 Proelium,

68 368 278 398 quovmcun—

68 407 122 433 tur
135 401 232 435 Galli.

84 1896 249 1937 Sulpicius

83 1939 275 1980 triumphat.

285 125 372 170 490
726 124 771 155 tr.
792 124 926 156 nvn

345 215 435 253 XV.
463 215 600 253 Acrius
618 214 788 252 invasere
803 214 905 252 Galli
921 214 1094 252 dextrum
1109 227 1250 252 cornu:
1281 225 1404 266 neque

292 280 470 317 sustineri
488 279 715 330 potuissent,
734 279 775 316 ni
790 278 889 316 forte
909 292 955 316 eo
974 278 1060 316 loco
1075 279 1238 316 dictator
1254 279 1402 323 fuisset,

295 344 381 382 Sex.
400 343 569 381 Tullium
582 343 737 380 nomine
752 343 951 394 increpans
967 343 1212 392 rogitansque
1227 357 1235 379 ε
1264 344 1406 380 Siccine
1424 382 1428 387 ,

290 413 517 460 pugnaturos
535 408 666 444 milites
687 409 964 457 spopondisset?
989 407 1049 444 ubi
1074 408 1131 443 illi
1149 408 1318 444 clamores
1334 409 1407 444 sint

294 486 399 510 arma
419 473 677 523 poscentium?
704 472 764 509 ubi
787 474 891 509 minae
910 469 1042 519 injussu
1066 473 1293 520 imperatoris
1311 484 1407 521 prce-

293 538 383 575 lz'um
411 537 596 575 inituros?
624 548 668 572 en
693 537 810 584 ipsum
833 536 1085 585 imperatorem
1109 536 1210 572 clara
1236 547 1320 572 voce
1343 547 1407 572 vo-

291 614 373 640 care
397 603 447 639 ad
470 602 652 652 proelium,
680 606 717 638 et
745 602 797 638 ire
821 607 1002 639 armatum
1028 606 1111 638 ante
1130 603 1254 650 prima
1280 603 1412 650 signa:

290 668 408 716 ecquis
425 672 628 716 sequeretur
651 679 786 710 eorum,
807 668 868 716 qui
894 667 998 703 modo
1016 667 1160 704 ducturi
1174 666 1344 716 suerint,·
1372 668 1412 703 in

293 730 584 780 castrisferoces,
605 733 643 768 in
661 732 738 767 acie
759 731 922 779 pavidi?
948 729 1049 766 Vera
1075 729 1301 767 audiebant:
1334 730 1410 767 ita·

294 809 367 845 que
396 801 524 833 tantos
555 795 678 846 pudor
707 794 880 832 stimulos
911 794 1091 838 admovit,
1114 801 1157 830 ut
1185 800 1338 831 ruerent
1366 795 1407 832 in

293 860 461 897 hostium
486 859 577 902 tela,
607 859 780 896 alienatis
810 872 833 895 a
862 859 1047 894 memoria
1074 857 1230 908 periculi
1260 859 1409 896 animis.

295 924 373 962 Hic
406 926 530 975 primo
563 925 712 974 inpetus
743 936 863 974 prope
891 935 1023 960 vecors
1051 922 1220 959 turbavit
1250 922 1405 960 hostes:

295 1001 409 1039 eques
424 988 558 1025 deinde
571 988 726 1024 emissus
743 988 916 1024 turbatos
933 988 1081 1025 avertit.
1127 986 1216 1038 Ipse
1231 987 1409 1033 dictator,

296 1059 500 1104 postquam
525 1051 718 1088 labantem
739 1064 814 1088 una
838 1058 945 1102 parte
965 1051 1058 1088 vidit
1084 1051 1218 1095 aciem,
1243 1052 1352 1101 signa
1369 1052 1410 1089 in

297 1117 433 1154 laevum
460 1129 578 1153 cornu
599 1116 760 1159 confert,
782 1129 857 1165 quo
883 1115 1035 1152 turbam
1059 1115 1227 1151 hostium
1249 1128 1410 1165 congre-

299 1182 381 1231 gari
406 1181 585 1218 cernebat
598 1197 608 1227 3
642 1187 680 1216 et
709 1181 768 1224 iis,
791 1182 854 1230 qui
877 1181 916 1216 in
942 1187 1073 1216 monte
1098 1186 1218 1223 erant,
1243 1181 1408 1229 signum,

297 1245 403 1294 quod
440 1251 683 1288 convenerat,
718 1244 832 1281 dedit.
880 1244 959 1281 Ubi
991 1244 1079 1280 inde
1108 1256 1258 1293 quoque
1293 1257 1414 1281 novus

295 1309 439 1346 clamor
469 1318 590 1352 ortus,
622 1315 659 1345 et
688 1309 844 1345 tendere
871 1308 1027 1358 obliquo
1058 1314 1188 1344 monte
1218 1308 1264 1344 ad
1287 1316 1411 1346 castra

291 1373 495 1412 Gallorum
523 1374 591 1410 visi
622 1379 732 1410 sunt:
765 1379 847 1409 tum
877 1379 995 1416 metu,
1029 1386 1076 1409 ne
1109 1372 1411 1417 excluderentur,

297 1439 439 1476 omissa
468 1451 597 1489 pugna
627 1445 697 1481 est,
728 1451 914 1487 cursuque
940 1437 1058 1474 effuso
1088 1437 1135 1473 ad
1165 1444 1288 1474 castra
1315 1438 1413 1475 fere—

298 1501 462 1540 bantur:
496 1503 560 1538 ubi
582 1515 694 1550 quum
718 1501 949 1537 obcurrisset
973 1501 1024 1536 eis
1043 1500 1101 1536 M.
1126 1499 1312 1544 Valerius,
1333 1514 1413 1538 ma-

300 1567 418 1616 gister
444 1566 627 1614 equitum,
652 1566 746 1614 (qui,
774 1564 978 1614 profligato
1005 1563 1139 1599 dextro
1167 1576 1299 1607 cornu,
1320 1565 1414 1602 obe-

299 1629 473 1679 quitabat
494 1629 662 1664 hostium
688 1628 951 1674 munimentis)
975 1627 1020 1663 ad
1050 1634 1199 1663 montes
1226 1627 1414 1678 silvasque

299 1700 454 1730 vertunt
489 1692 643 1741 fugam:
676 1692 903 1742 plurimique
940 1691 993 1727 ibi
1030 1704 1053 1727 a
1084 1691 1210 1728 fallaci
1245 1695 1414 1743 equitum

301 1758 427 1808 specie
453 1756 758 1806 agasonibusque
779 1755 927 1805 excepti
953 1762 1064 1792 sunt:
1097 1762 1135 1792 et
1154 1769 1299 1800 eorum,
1321 1770 1414 1807 quos

303 1834 422 1873 pavor
440 1819 647 1871 pertulerat
659 1820 706 1874 in
726 1819 851 1862 silvas,
869 1826 979 1855 atrox
1000 1819 1119 1856 caedes
1140 1827 1227 1869 post
1245 1821 1417 1858 sedatum

304 1885 481 1936 proelium
500 1884 585 1921 fuit.
640 1882 726 1919 Nec
745 1883 839 1919 alius
859 1890 948 1934 post
964 1883 1021 1919 M.
1048 1882 1219 1927 Furium,
1240 1897 1351 1934 quam
1372 1886 1417 1923 C.

307 1949 510 2000 Sulpicius,
524 1947 728 1998 justiorem
747 1947 792 1983 (le
812 1947 931 1984 Gallis
952 1949 1031 1996 egit
1049 1948 1305 1997 triumphum:
1337 1950 1419 1985 auri

306 2025 457 2064 quoque
491 2025 536 2047 ex
566 2010 721 2046 Gallicis
753 2010 883 2060 spoliis
916 2011 1008 2047 satis
1042 2023 1221 2060 magnum
1254 2012 1417 2061 pondus,

305 2089 399 2115 saxo
415 2075 599 2126 quadrato
619 2083 783 2125 septum,
799 2075 838 2110 in
855 2074 1048 2124 Capitolio
1067 2076 1240 2112 sacravit.
1270 2076 1417 2114 Eodem

307 2153 409 2178 anno
433 2145 471 2175 et
500 2153 522 2176 a
551 2138 768 2175 consulibus
797 2139 904 2175 vario
931 2145 1068 2175 eventu
1092 2138 1298 2176 bellatum:
1332 2153 1420 2178 nam

309 2191 467 2243 Hernici
488 2217 511 2240 a
527 2203 570 2240 C.
590 2203 741 2240 Plautio
755 2202 892 2239 devicti
909 2197 1129 2252 subactique
1146 2210 1246 2240 sunt.
1280 2203 1422 2242 Fabius

308 2268 456 2319 collega
474 2266 554 2320 ejus
573 2268 726 2307 incaute
745 2272 858 2320 atque
884 2266 1099 2306 inconsulte
1124 2267 1300 2306 adversus
1320 2267 1416 2307 Tar-
