<?xml version="1.0" encoding="UTF-8"?>
<!DOCTYPE html PUBLIC "-//W3C//DTD XHTML 1.0 Transitional//EN"
    "http://www.w3.org/TR/xhtml1/DTD/xhtml1-transitional.dtd">
<html xmlns="http://www.w3.org/1999/xhtml" xml:lang="en" lang="en">
 <head>
  <title>
</title>
<meta http-equiv="Content-Type" content="text/html;charset=utf-8" />
  <meta name='ocr-system' content='tesseract 3.04.00' />
  <meta name='ocr-capabilities' content='ocr_page ocr_carea ocr_par ocr_line ocrx_word'/>
</head>
<body>
  <div class='ocr_page' id='page_1' title='image "./historiarumquaes01livyuoft/historiarumquaes01livyuoft_0565.png"; bbox 0 0 1573 2598; ppageno 0'>
   <div class='ocr_carea' id='block_1_1' title="bbox 374 131 1188 177">
    <p class='ocr_par' dir='ltr' id='par_1_1' title="bbox 374 131 1188 177">
     <span class='ocr_line' id='line_1_1' title="bbox 374 131 1188 177; baseline -0.002 -15"><span class='ocrx_word' id='word_1_1' title='bbox 374 132 528 162; x_wconf 72' lang='lat' dir='ltr'>mni-:R</span> <span class='ocrx_word' id='word_1_2' title='bbox 550 132 670 161; x_wconf 68' lang='grc' dir='ltr'>ΠΗ.</span> <span class='ocrx_word' id='word_1_3' title='bbox 703 131 903 160; x_wconf 80' lang='lat' dir='ltr'>CAP.X1.</span> <span class='ocrx_word' id='word_1_4' title='bbox 1103 131 1188 177; x_wconf 85' lang='lat'>549</span> 
     </span>
    </p>
   </div>
   <div class='ocr_carea' id='block_1_2' title="bbox 78 217 1423 2261">
    <p class='ocr_par' dir='ltr' id='par_1_2' title="bbox 78 217 1386 1434">
     <span class='ocr_line' id='line_1_2' title="bbox 79 217 1385 271; baseline -0.007 -10"><span class='ocrx_word' id='word_1_5' title='bbox 79 222 230 261; x_wconf 83' lang='lat' dir='ltr'>demum</span> <span class='ocrx_word' id='word_1_6' title='bbox 247 222 336 259; x_wconf 83' lang='lat' dir='ltr'>ferri</span> <span class='ocrx_word' id='word_1_7' title='bbox 367 228 558 271; x_wconf 84' lang='lat' dir='ltr'>coeptum:</span> <span class='ocrx_word' id='word_1_8' title='bbox 590 226 641 264; x_wconf 89' lang='lat' dir='ltr'>et,</span> <span class='ocrx_word' id='word_1_9' title='bbox 672 232 787 269; x_wconf 89' lang='lat' dir='ltr'>quum</span> <span class='ocrx_word' id='word_1_10' title='bbox 809 217 893 270; x_wconf 82' lang='lat' dir='ltr'>jam</span> <span class='ocrx_word' id='word_1_11' title='bbox 921 220 1040 270; x_wconf 84' lang='lat' dir='ltr'>portis</span> <span class='ocrx_word' id='word_1_12' title='bbox 1069 221 1192 271; x_wconf 83' lang='lat' dir='ltr'>prima</span> <span class='ocrx_word' id='word_1_13' title='bbox 1204 220 1385 253; x_wconf 76' lang='lat' dir='ltr'>U-C.415‚</span> 
     </span>
     <span class='ocr_line' id='line_1_3' title="bbox 81 264 1386 336; baseline -0.002 -13"><span class='ocrx_word' id='word_1_14' title='bbox 81 288 190 336; x_wconf 83' lang='lat' dir='ltr'>signa</span> <span class='ocrx_word' id='word_1_15' title='bbox 210 293 247 322; x_wconf 79' lang='lat' dir='ltr'>et</span> <span class='ocrx_word' id='word_1_16' title='bbox 276 299 360 336; x_wconf 80' lang='lat' dir='ltr'>pars</span> <span class='ocrx_word' id='word_1_17' title='bbox 392 284 551 333; x_wconf 81' lang='lat' dir='ltr'>agminis</span> <span class='ocrx_word' id='word_1_18' title='bbox 582 290 680 320; x_wconf 85' lang='lat' dir='ltr'>esset</span> <span class='ocrx_word' id='word_1_19' title='bbox 709 295 873 332; x_wconf 85' lang='lat' dir='ltr'>egressa,</span> <span class='ocrx_word' id='word_1_20' title='bbox 892 283 1034 320; x_wconf 90' lang='lat' dir='ltr'>nuncio</span> <span class='ocrx_word' id='word_1_21' title='bbox 1063 284 1192 321; x_wconf 87' lang='lat' dir='ltr'>adlato</span> <span class='ocrx_word' id='word_1_22' title='bbox 1204 264 1294 296; x_wconf 69' lang='lat' dir='ltr'><strong>A&#39;C‘</strong></span> <span class='ocrx_word' id='word_1_23' title='bbox 1311 269 1386 298; x_wconf 68' lang='lat'>³3⁷⁸</span> 
     </span>
     <span class='ocr_line' id='line_1_4' title="bbox 78 347 1194 397; baseline -0.003 -9"><span class='ocrx_word' id='word_1_24' title='bbox 78 351 125 388; x_wconf 84' lang='lat' dir='ltr'>de</span> <span class='ocrx_word' id='word_1_25' title='bbox 146 350 250 387; x_wconf 82' lang='lat' dir='ltr'>clade</span> <span class='ocrx_word' id='word_1_26' title='bbox 269 350 510 391; x_wconf 72' lang='lat' dir='ltr'>Latinorum,</span> <span class='ocrx_word' id='word_1_27' title='bbox 533 360 648 397; x_wconf 88' lang='lat' dir='ltr'>quum</span> <span class='ocrx_word' id='word_1_28' title='bbox 667 347 857 383; x_wconf 84' lang='lat' dir='ltr'>conversis</span> <span class='ocrx_word' id='word_1_29' title='bbox 886 347 1003 396; x_wconf 86' lang='lat' dir='ltr'>signis</span> <span class='ocrx_word' id='word_1_30' title='bbox 1023 354 1126 385; x_wconf 88' lang='lat' dir='ltr'>retro</span> <span class='ocrx_word' id='word_1_31' title='bbox 1152 349 1194 385; x_wconf 87' lang='lat' dir='ltr'>in</span> 
     </span>
     <span class='ocr_line' id='line_1_5' title="bbox 82 412 1195 463; baseline -0.004 -11"><span class='ocrx_word' id='word_1_32' title='bbox 82 415 213 452; x_wconf 86' lang='lat' dir='ltr'>urbem</span> <span class='ocrx_word' id='word_1_33' title='bbox 245 415 443 456; x_wconf 77' lang='lat' dir='ltr'>rediretur,</span> <span class='ocrx_word' id='word_1_34' title='bbox 478 420 678 463; x_wconf 73' lang='lat' dir='ltr'>praetorem</span> <span class='ocrx_word' id='word_1_35' title='bbox 711 424 844 448; x_wconf 87' lang='lat' dir='ltr'>eorum</span> <span class='ocrx_word' id='word_1_36' title='bbox 874 413 1029 449; x_wconf 86' lang='lat' dir='ltr'>nomine</span> <span class='ocrx_word' id='word_1_37' title='bbox 1060 412 1195 449; x_wconf 85' lang='lat' dir='ltr'>Milio-</span> 
     </span>
     <span class='ocr_line' id='line_1_6' title="bbox 79 477 1194 526; baseline -0.002 -10"><span class='ocrx_word' id='word_1_38' title='bbox 79 480 185 517; x_wconf 86' lang='lat' dir='ltr'>nium</span> <span class='ocrx_word' id='word_1_39' title='bbox 215 479 353 515; x_wconf 54' lang='lat' dir='ltr'>dii-:isse¹</span> <span class='ocrx_word' id='word_1_40' title='bbox 372 479 513 521; x_wconf 80' lang='lat' dir='ltr'>serunt,</span> <span class='ocrx_word' id='word_1_41' title='bbox 531 490 600 526; x_wconf 83' lang='lat' dir='ltr'>pro</span> <span class='ocrx_word' id='word_1_42' title='bbox 626 477 798 526; x_wconf 75' lang='lat' dir='ltr'>paullzcla</span> <span class='ocrx_word' id='word_1_43' title='bbox 814 478 876 512; x_wconf 79' lang='lat' dir='ltr'>via</span> <span class='ocrx_word' id='word_1_44' title='bbox 903 489 1073 525; x_wconf 75' lang='lat' dir='ltr'>magnam</span> <span class='ocrx_word' id='word_1_45' title='bbox 1099 490 1194 514; x_wconf 84' lang='lat' dir='ltr'>mer-</span> 
     </span>
     <span class='ocr_line' id='line_1_7' title="bbox 78 541 1194 592; baseline -0.004 -10"><span class='ocrx_word' id='word_1_46' title='bbox 78 546 199 582; x_wconf 81' lang='lat' dir='ltr'><em>cedem</em></span> <span class='ocrx_word' id='word_1_47' title='bbox 214 543 388 580; x_wconf 73' lang='lat' dir='ltr'>Romanis</span> <span class='ocrx_word' id='word_1_48' title='bbox 405 555 476 579; x_wconf 85' lang='lat' dir='ltr'>esse</span> <span class='ocrx_word' id='word_1_49' title='bbox 493 543 712 579; x_wconf 71' lang='lat' dir='ltr'>solvendam.</span> <span class='ocrx_word' id='word_1_50' title='bbox 760 541 837 581; x_wconf 86' lang='lat' dir='ltr'>Qui</span> <span class='ocrx_word' id='word_1_51' title='bbox 849 541 1078 578; x_wconf 83' lang='lat' dir='ltr'>Latinorum</span> <span class='ocrx_word' id='word_1_52' title='bbox 1096 554 1194 592; x_wconf 86' lang='lat' dir='ltr'>pug-</span> 
     </span>
     <span class='ocr_line' id='line_1_8' title="bbox 83 604 1198 658; baseline -0.001 -14"><span class='ocrx_word' id='word_1_53' title='bbox 83 620 142 645; x_wconf 81' lang='lat' dir='ltr'>nae</span> <span class='ocrx_word' id='word_1_54' title='bbox 163 607 440 658; x_wconf 75' lang='lat' dir='ltr'>superfuerant,</span> <span class='ocrx_word' id='word_1_55' title='bbox 457 605 585 642; x_wconf 87' lang='lat' dir='ltr'>multis</span> <span class='ocrx_word' id='word_1_56' title='bbox 606 604 804 641; x_wconf 82' lang='lat' dir='ltr'>itineribus</span> <span class='ocrx_word' id='word_1_57' title='bbox 820 604 1006 655; x_wconf 82' lang='lat' dir='ltr'>dissipati,</span> <span class='ocrx_word' id='word_1_58' title='bbox 1023 618 1140 655; x_wconf 88' lang='lat' dir='ltr'>quum</span> <span class='ocrx_word' id='word_1_59' title='bbox 1159 619 1198 643; x_wconf 86' lang='lat' dir='ltr'>se</span> 
     </span>
     <span class='ocr_line' id='line_1_9' title="bbox 81 668 1200 720; baseline -0.002 -11"><span class='ocrx_word' id='word_1_60' title='bbox 81 673 122 709; x_wconf 88' lang='lat' dir='ltr'>in</span> <span class='ocrx_word' id='word_1_61' title='bbox 148 684 267 708; x_wconf 91' lang='lat' dir='ltr'>unum</span> <span class='ocrx_word' id='word_1_62' title='bbox 292 670 603 719; x_wconf 83' lang='lat' dir='ltr'>conglobassent,</span> <span class='ocrx_word' id='word_1_63' title='bbox 623 669 760 704; x_wconf 80' lang='lat' dir='ltr'>Vescia</span> <span class='ocrx_word' id='word_1_64' title='bbox 786 668 874 705; x_wconf 83' lang='lat' dir='ltr'>urbs</span> <span class='ocrx_word' id='word_1_65' title='bbox 902 669 954 705; x_wconf 81' lang='lat' dir='ltr'>eis</span> <span class='ocrx_word' id='word_1_66' title='bbox 979 675 1200 720; x_wconf 87' lang='lat' dir='ltr'>receptacu-</span> 
     </span>
     <span class='ocr_line' id='line_1_10' title="bbox 78 732 1199 783; baseline -0.002 -10"><span class='ocrx_word' id='word_1_67' title='bbox 78 736 159 773; x_wconf 82' lang='lat' dir='ltr'>lum</span> <span class='ocrx_word' id='word_1_68' title='bbox 176 735 262 772; x_wconf 89' lang='lat' dir='ltr'>fuit.</span> <span class='ocrx_word' id='word_1_69' title='bbox 291 734 353 771; x_wconf 87' lang='lat' dir='ltr'>Ibi</span> <span class='ocrx_word' id='word_1_70' title='bbox 367 735 406 770; x_wconf 90' lang='lat' dir='ltr'>in</span> <span class='ocrx_word' id='word_1_71' title='bbox 426 733 596 769; x_wconf 79' lang='lat' dir='ltr'>conciliis</span> <span class='ocrx_word' id='word_1_72' title='bbox 613 732 811 769; x_wconf 88' lang='lat' dir='ltr'>Numisius</span> <span class='ocrx_word' id='word_1_73' title='bbox 831 734 1038 783; x_wconf 84' lang='lat' dir='ltr'>imperator</span> <span class='ocrx_word' id='word_1_74' title='bbox 1051 746 1199 778; x_wconf 86' lang='lat' dir='ltr'>eorum,</span> 
     </span>
     <span class='ocr_line' id='line_1_11' title="bbox 81 796 1202 847; baseline -0.004 -8"><span class='ocrx_word' id='word_1_75' title='bbox 81 798 316 839; x_wconf 85' lang='lat' dir='ltr'>adfirmando</span> <span class='ocrx_word' id='word_1_76' title='bbox 350 809 570 835; x_wconf 83' lang='lat' dir='ltr'>communem</span> <span class='ocrx_word' id='word_1_77' title='bbox 601 808 682 833; x_wconf 80' lang='lat' dir='ltr'>vere</span> <span class='ocrx_word' id='word_1_78' title='bbox 713 796 874 832; x_wconf 83' lang='lat' dir='ltr'>Martem</span> <span class='ocrx_word' id='word_1_79' title='bbox 902 796 985 833; x_wconf 75' lang='lat' dir='ltr'>belli</span> <span class='ocrx_word' id='word_1_80' title='bbox 1012 802 1202 847; x_wconf 79' lang='lat' dir='ltr'>utramque</span> 
     </span>
     <span class='ocr_line' id='line_1_12' title="bbox 83 861 1200 914; baseline -0.005 -10"><span class='ocrx_word' id='word_1_81' title='bbox 83 868 196 904; x_wconf 72' lang='lat' dir='ltr'>aciem</span> <span class='ocrx_word' id='word_1_82' title='bbox 210 865 297 914; x_wconf 72' lang='lat' dir='ltr'>pari</span> <span class='ocrx_word' id='word_1_83' title='bbox 325 864 418 899; x_wconf 81' lang='lat' dir='ltr'><em>coede</em></span> <span class='ocrx_word' id='word_1_84' title='bbox 436 863 686 911; x_wconf 74' lang='lat' dir='ltr'>prostravisse,</span> <span class='ocrx_word' id='word_1_85' title='bbox 716 861 942 909; x_wconf 68' lang='lat' dir='ltr'>victoriaeque</span> <span class='ocrx_word' id='word_1_86' title='bbox 969 873 1098 898; x_wconf 76' lang='lat' dir='ltr'>nomen</span> <span class='ocrx_word' id='word_1_87' title='bbox 1118 866 1200 898; x_wconf 76' lang='lat' dir='ltr'>tau-</span> 
     </span>
     <span class='ocr_line' id='line_1_13' title="bbox 82 926 1203 980; baseline -0.005 -10"><span class='ocrx_word' id='word_1_88' title='bbox 82 938 160 970; x_wconf 76' lang='lat' dir='ltr'>tum</span> <span class='ocrx_word' id='word_1_89' title='bbox 175 941 284 980; x_wconf 83' lang='lat' dir='ltr'>penes</span> <span class='ocrx_word' id='word_1_90' title='bbox 303 929 486 965; x_wconf 78' lang='lat' dir='ltr'>Romanos</span> <span class='ocrx_word' id='word_1_91' title='bbox 512 939 595 970; x_wconf 84' lang='lat' dir='ltr'>esse,</span> <span class='ocrx_word' id='word_1_92' title='bbox 623 930 774 962; x_wconf 84' lang='lat' dir='ltr'><em>ceteram</em></span> <span class='ocrx_word' id='word_1_93' title='bbox 788 938 858 974; x_wconf 85' lang='lat' dir='ltr'>pro</span> <span class='ocrx_word' id='word_1_94' title='bbox 886 928 990 963; x_wconf 71' lang='lat' dir='ltr'>victis</span> <span class='ocrx_word' id='word_1_95' title='bbox 1004 926 1203 976; x_wconf 62' lang='lat' dir='ltr'>fortunavit</span> 
     </span>
     <span class='ocr_line' id='line_1_14' title="bbox 84 991 1201 1044; baseline -0.004 -10"><span class='ocrx_word' id='word_1_96' title='bbox 84 1002 120 1034; x_wconf 80' lang='lat' dir='ltr'>et</span> <span class='ocrx_word' id='word_1_97' title='bbox 147 997 230 1033; x_wconf 73' lang='lat' dir='ltr'>illos</span> <span class='ocrx_word' id='word_1_98' title='bbox 245 1007 393 1044; x_wconf 85' lang='lat' dir='ltr'><em>gerere:</em></span> <span class='ocrx_word' id='word_1_99' title='bbox 410 993 565 1042; x_wconf 82' lang='lat' dir='ltr'>funesta</span> <span class='ocrx_word' id='word_1_100' title='bbox 592 992 664 1028; x_wconf 74' lang='lat' dir='ltr'>duo</span> <span class='ocrx_word' id='word_1_101' title='bbox 693 991 876 1027; x_wconf 79' lang='lat' dir='ltr'>consulum</span> <span class='ocrx_word' id='word_1_102' title='bbox 900 994 1088 1040; x_wconf 65' lang='lat' dir='ltr'>praetoria,</span> <span class='ocrx_word' id='word_1_103' title='bbox 1109 994 1201 1029; x_wconf 72' lang='lat' dir='ltr'>alte-</span> 
     </span>
     <span class='ocr_line' id='line_1_15' title="bbox 82 1058 1201 1110; baseline -0.004 -11"><span class='ocrx_word' id='word_1_104' title='bbox 82 1074 165 1099; x_wconf 78' lang='lat' dir='ltr'>rum</span> <span class='ocrx_word' id='word_1_105' title='bbox 179 1061 379 1110; x_wconf 78' lang='lat' dir='ltr'>parricidio</span> <span class='ocrx_word' id='word_1_106' title='bbox 385 1059 478 1109; x_wconf 70' lang='lat' dir='ltr'>filii,</span> <span class='ocrx_word' id='word_1_107' title='bbox 499 1059 654 1095; x_wconf 80' lang='lat' dir='ltr'>alterum</span> <span class='ocrx_word' id='word_1_108' title='bbox 668 1058 820 1094; x_wconf 75' lang='lat' dir='ltr'>consulis</span> <span class='ocrx_word' id='word_1_109' title='bbox 839 1058 957 1093; x_wconf 79' lang='lat' dir='ltr'>devoti</span> <span class='ocrx_word' id='word_1_110' title='bbox 976 1059 1070 1094; x_wconf 74' lang='lat' dir='ltr'><em>caede</em></span> <span class='ocrx_word' id='word_1_111' title='bbox 1080 1075 1093 1102; x_wconf 86' lang='grc'>,-</span> <span class='ocrx_word' id='word_1_112' title='bbox 1124 1064 1201 1095; x_wconf 79' lang='lat' dir='ltr'>tru-</span> 
     </span>
     <span class='ocr_line' id='line_1_16' title="bbox 83 1121 1203 1172; baseline -0.004 -9"><span class='ocrx_word' id='word_1_113' title='bbox 83 1128 245 1163; x_wconf 81' lang='lat' dir='ltr'>cidatum</span> <span class='ocrx_word' id='word_1_114' title='bbox 259 1126 452 1162; x_wconf 73' lang='lat' dir='ltr'>exercitum</span> <span class='ocrx_word' id='word_1_115' title='bbox 467 1135 628 1168; x_wconf 80' lang='lat' dir='ltr'>omnem,·</span> <span class='ocrx_word' id='word_1_116' title='bbox 645 1134 749 1159; x_wconf 78' lang='lat' dir='ltr'>coesos</span> <span class='ocrx_word' id='word_1_117' title='bbox 760 1121 920 1158; x_wconf 72' lang='lat' dir='ltr'>hastatos</span> <span class='ocrx_word' id='word_1_118' title='bbox 929 1124 1178 1172; x_wconf 76' lang='lat' dir='ltr'>principesque</span> <span class='ocrx_word' id='word_1_119' title='bbox 1188 1140 1203 1168; x_wconf 90' lang='lat'>,-</span> 
     </span>
     <span class='ocr_line' id='line_1_17' title="bbox 85 1186 1203 1238; baseline -0.003 -11"><span class='ocrx_word' id='word_1_120' title='bbox 85 1195 243 1238; x_wconf 78' lang='lat' dir='ltr'>stragem</span> <span class='ocrx_word' id='word_1_121' title='bbox 271 1194 305 1225; x_wconf 81' lang='lat' dir='ltr'>et</span> <span class='ocrx_word' id='word_1_122' title='bbox 330 1193 415 1224; x_wconf 82' lang='lat' dir='ltr'>ante</span> <span class='ocrx_word' id='word_1_123' title='bbox 441 1190 544 1236; x_wconf 73' lang='lat' dir='ltr'>signa</span> <span class='ocrx_word' id='word_1_124' title='bbox 572 1192 705 1235; x_wconf 82' lang='lat' dir='ltr'>etpost</span> <span class='ocrx_word' id='word_1_125' title='bbox 731 1189 835 1234; x_wconf 77' lang='lat' dir='ltr'>signa</span> <span class='ocrx_word' id='word_1_126' title='bbox 853 1186 1027 1235; x_wconf 73' lang='lat' dir='ltr'>factam5</span> <span class='ocrx_word' id='word_1_127' title='bbox 1057 1189 1203 1224; x_wconf 76' lang='lat' dir='ltr'>triarios</span> 
     </span>
     <span class='ocr_line' id='line_1_18' title="bbox 79 1251 1202 1304; baseline -0.002 -14"><span class='ocrx_word' id='word_1_128' title='bbox 79 1259 259 1304; x_wconf 81' lang='lat' dir='ltr'>postremo</span> <span class='ocrx_word' id='word_1_129' title='bbox 287 1265 362 1288; x_wconf 82' lang='lat' dir='ltr'>rem</span> <span class='ocrx_word' id='word_1_130' title='bbox 389 1253 594 1288; x_wconf 73' lang='lat' dir='ltr'>restituisse.</span> <span class='ocrx_word' id='word_1_131' title='bbox 637 1251 854 1286; x_wconf 73' lang='lat' dir='ltr'>Latinorum</span> <span class='ocrx_word' id='word_1_132' title='bbox 883 1252 948 1286; x_wconf 79' lang='lat' dir='ltr'>etsi</span> <span class='ocrx_word' id='word_1_133' title='bbox 962 1252 1106 1299; x_wconf 78' lang='lat' dir='ltr'>pariter</span> <span class='ocrx_word' id='word_1_134' title='bbox 1133 1253 1202 1288; x_wconf 75' lang='lat' dir='ltr'>‹zd-</span> 
     </span>
     <span class='ocr_line' id='line_1_19' title="bbox 86 1316 1202 1366; baseline -0.002 -11"><span class='ocrx_word' id='word_1_135' title='bbox 86 1321 166 1355; x_wconf 82' lang='lat' dir='ltr'>cisae</span> <span class='ocrx_word' id='word_1_136' title='bbox 193 1319 302 1366; x_wconf 83' lang='lat' dir='ltr'>eopiae</span> <span class='ocrx_word' id='word_1_137' title='bbox 328 1318 414 1360; x_wconf 78' lang='lat' dir='ltr'>sint,</span> <span class='ocrx_word' id='word_1_138' title='bbox 446 1321 564 1352; x_wconf 78' lang='lat' dir='ltr'>tamen</span> <span class='ocrx_word' id='word_1_139' title='bbox 591 1316 836 1364; x_wconf 79' lang='lat' dir='ltr'>supplemento</span> <span class='ocrx_word' id='word_1_140' title='bbox 865 1316 921 1351; x_wconf 85' lang='lat' dir='ltr'>vel</span> <span class='ocrx_word' id='word_1_141' title='bbox 940 1316 1090 1352; x_wconf 78' lang='lat' dir='ltr'>Latium</span> <span class='ocrx_word' id='word_1_142' title='bbox 1114 1329 1202 1365; x_wconf 84' lang='lat' dir='ltr'>pro-</span> 
     </span>
     <span class='ocr_line' id='line_1_20' title="bbox 83 1380 1228 1434; baseline -0.003 -14"><span class='ocrx_word' id='word_1_143' title='bbox 83 1385 166 1434; x_wconf 82' lang='lat' dir='ltr'>pius</span> <span class='ocrx_word' id='word_1_144' title='bbox 183 1395 267 1425; x_wconf 82' lang='lat' dir='ltr'>esse,</span> <span class='ocrx_word' id='word_1_145' title='bbox 287 1383 345 1418; x_wconf 84' lang='lat' dir='ltr'>vel</span> <span class='ocrx_word' id='word_1_146' title='bbox 369 1382 521 1423; x_wconf 79' lang='lat' dir='ltr'>Volscos,</span> <span class='ocrx_word' id='word_1_147' title='bbox 547 1392 655 1428; x_wconf 81' lang='lat' dir='ltr'>quam</span> <span class='ocrx_word' id='word_1_148' title='bbox 675 1380 842 1416; x_wconf 83' lang='lat' dir='ltr'><em>Romam.</em></span> <span class='ocrx_word' id='word_1_149' title='bbox 884 1380 1026 1428; x_wconf 76' lang='lat' dir='ltr'>Itaque,</span> <span class='ocrx_word' id='word_1_150' title='bbox 1045 1382 1075 1416; x_wconf 80' lang='lat' dir='ltr'>si</span> <span class='ocrx_word' id='word_1_151' title='bbox 1103 1382 1204 1417; x_wconf 76' lang='lat' dir='ltr'>vide·</span> <span class='ocrx_word' id='word_1_152' title='bbox 1221 1428 1228 1433; x_wconf 26' lang='lat' dir='ltr'><strong><em>s</em></strong></span> 
     </span>
    </p>

    <p class='ocr_par' dir='ltr' id='par_1_3' title="bbox 84 1444 1206 1494">
     <span class='ocr_line' id='line_1_21' title="bbox 84 1444 1206 1494; baseline -0.003 -9"><span class='ocrx_word' id='word_1_153' title='bbox 84 1454 171 1485; x_wconf 81' lang='lat' dir='ltr'>atur</span> <span class='ocrx_word' id='word_1_154' title='bbox 198 1448 260 1490; x_wconf 82' lang='lat' dir='ltr'>eis,</span> <span class='ocrx_word' id='word_1_155' title='bbox 279 1459 329 1490; x_wconf 85' lang='lat' dir='ltr'>se,</span> <span class='ocrx_word' id='word_1_156' title='bbox 346 1458 388 1482; x_wconf 81' lang='lat' dir='ltr'>ex</span> <span class='ocrx_word' id='word_1_157' title='bbox 407 1446 550 1482; x_wconf 71' lang='lat' dir='ltr'>Latinis</span> <span class='ocrx_word' id='word_1_158' title='bbox 577 1450 611 1481; x_wconf 75' lang='lat' dir='ltr'>et</span> <span class='ocrx_word' id='word_1_159' title='bbox 630 1457 672 1481; x_wconf 80' lang='lat' dir='ltr'>ex</span> <span class='ocrx_word' id='word_1_160' title='bbox 696 1445 828 1481; x_wconf 78' lang='lat' dir='ltr'>Volscis</span> <span class='ocrx_word' id='word_1_161' title='bbox 843 1444 997 1494; x_wconf 50' lang='lat' dir='ltr'>‘populis</span> <span class='ocrx_word' id='word_1_162' title='bbox 1014 1444 1206 1491; x_wconf 77' lang='lat' dir='ltr'>juventute</span> 
     </span>
    </p>

    <p class='ocr_par' dir='ltr' id='par_1_4' title="bbox 85 1508 1206 1562">
     <span class='ocr_line' id='line_1_22' title="bbox 85 1508 1206 1562; baseline -0.004 -12"><span class='ocrx_word' id='word_1_163' title='bbox 85 1524 241 1562; x_wconf 79' lang='lat' dir='ltr'>propere</span> <span class='ocrx_word' id='word_1_164' title='bbox 275 1513 404 1553; x_wconf 65' lang='lat' dir='ltr'>excita,</span> <span class='ocrx_word' id='word_1_165' title='bbox 444 1511 645 1547; x_wconf 75' lang='lat' dir='ltr'>rediturum</span> <span class='ocrx_word' id='word_1_166' title='bbox 680 1508 813 1558; x_wconf 72' lang='lat' dir='ltr'>infesto</span> <span class='ocrx_word' id='word_1_167' title='bbox 847 1511 1003 1546; x_wconf 74' lang='lat' dir='ltr'>exercita</span> <span class='ocrx_word' id='word_1_168' title='bbox 1041 1510 1206 1559; x_wconf 82' lang='lat' dir='ltr'><em>Capuam</em></span> 
     </span>
    </p>

    <p class='ocr_par' dir='ltr' id='par_1_5' title="bbox 89 1575 1423 1879">
     <span class='ocr_line' id='line_1_23' title="bbox 89 1575 1205 1623; baseline -0.004 -9"><span class='ocrx_word' id='word_1_169' title='bbox 89 1589 162 1614; x_wconf 84' lang='lat' dir='ltr'>esse</span> <span class='ocrx_word' id='word_1_170' title='bbox 172 1594 186 1621; x_wconf 89' lang='lat'>‚-</span> <span class='ocrx_word' id='word_1_171' title='bbox 216 1577 475 1623; x_wconf 64' lang='lat' dir='ltr'>Romunoswe,</span> <span class='ocrx_word' id='word_1_172' title='bbox 495 1575 588 1611; x_wconf 67' lang='lat' dir='ltr'>nihil</span> <span class='ocrx_word' id='word_1_173' title='bbox 607 1579 684 1610; x_wconf 79' lang='lat' dir='ltr'>tum</span> <span class='ocrx_word' id='word_1_174' title='bbox 701 1575 819 1610; x_wconf 74' lang='lat' dir='ltr'>minus</span> <span class='ocrx_word' id='word_1_175' title='bbox 837 1586 946 1622; x_wconf 82' lang='lat' dir='ltr'>quam</span> <span class='ocrx_word' id='word_1_176' title='bbox 959 1575 1127 1622; x_wconf 77' lang='lat' dir='ltr'>proelium</span> <span class='ocrx_word' id='word_1_177' title='bbox 1146 1587 1205 1610; x_wconf 77' lang='lat' dir='ltr'>ex-</span> 
     </span>
     <span class='ocr_line' id='line_1_24' title="bbox 89 1637 1423 1690; baseline -0.003 -12"><span class='ocrx_word' id='word_1_178' title='bbox 89 1645 303 1690; x_wconf 76' lang='lat' dir='ltr'>spectante3‚</span> <span class='ocrx_word' id='word_1_179' title='bbox 329 1642 541 1688; x_wconf 81' lang='lat' dir='ltr'>necopinato</span> <span class='ocrx_word' id='word_1_180' title='bbox 567 1640 722 1675; x_wconf 69' lang='lat' dir='ltr'>adventu</span> <span class='ocrx_word' id='word_1_181' title='bbox 744 1639 1003 1686; x_wconf 70' lang='lat' dir='ltr'>perculsuram.</span> <span class='ocrx_word' id='word_1_182' title='bbox 1042 1637 1205 1675; x_wconf 85' lang='lat' dir='ltr'>Fallaci-</span> <span class='ocrx_word' id='word_1_183' title='bbox 1217 1643 1352 1673; x_wconf 89' lang='lat' dir='ltr'>Novum</span> <span class='ocrx_word' id='word_1_184' title='bbox 1366 1652 1423 1674; x_wconf 79' lang='lat' dir='ltr'>ex—</span> 
     </span>
     <span class='ocr_line' id='line_1_25' title="bbox 91 1693 1359 1760; baseline -0.003 -19"><span class='ocrx_word' id='word_1_185' title='bbox 91 1705 163 1742; x_wconf 90' lang='lat' dir='ltr'>bus</span> <span class='ocrx_word' id='word_1_186' title='bbox 182 1704 301 1740; x_wconf 88' lang='lat' dir='ltr'>literis</span> <span class='ocrx_word' id='word_1_187' title='bbox 328 1704 428 1739; x_wconf 86' lang='lat' dir='ltr'>circa</span> <span class='ocrx_word' id='word_1_188' title='bbox 445 1703 602 1739; x_wconf 89' lang='lat' dir='ltr'>Latium</span> <span class='ocrx_word' id='word_1_189' title='bbox 621 1714 838 1750; x_wconf 88' lang='lat' dir='ltr'>nomenque</span> <span class='ocrx_word' id='word_1_190' title='bbox 856 1701 1039 1738; x_wconf 85' lang='lat' dir='ltr'>Volscum</span> <span class='ocrx_word' id='word_1_191' title='bbox 1065 1703 1203 1746; x_wconf 87' lang='lat' dir='ltr'>missis,</span> <span class='ocrx_word' id='word_1_192' title='bbox 1219 1693 1359 1760; x_wconf 50' lang='grc' dir='ltr'>Ξὲᾞὲἓῐῗ</span> 
     </span>
     <span class='ocr_line' id='line_1_26' title="bbox 92 1766 1378 1820; baseline -0.003 -14"><span class='ocrx_word' id='word_1_193' title='bbox 92 1770 195 1820; x_wconf 86' lang='lat' dir='ltr'>quia,</span> <span class='ocrx_word' id='word_1_194' title='bbox 225 1768 290 1818; x_wconf 87' lang='lat' dir='ltr'>qui</span> <span class='ocrx_word' id='word_1_195' title='bbox 317 1779 396 1804; x_wconf 90' lang='lat' dir='ltr'>non</span> <span class='ocrx_word' id='word_1_196' title='bbox 424 1767 677 1803; x_wconf 76' lang='lat' dir='ltr'>interfuerant</span> <span class='ocrx_word' id='word_1_197' title='bbox 713 1779 865 1816; x_wconf 75' lang='lat' dir='ltr'>pugnae,</span> <span class='ocrx_word' id='word_1_198' title='bbox 896 1766 943 1802; x_wconf 86' lang='lat' dir='ltr'>ad</span> <span class='ocrx_word' id='word_1_199' title='bbox 980 1766 1207 1803; x_wconf 88' lang='lat' dir='ltr'>credendum</span> <span class='ocrx_word' id='word_1_200' title='bbox 1218 1773 1303 1802; x_wconf 84' lang='lat' dir='ltr'>bunt</span> <span class='ocrx_word' id='word_1_201' title='bbox 1317 1772 1378 1803; x_wconf 82' lang='lat' dir='ltr'>La-</span> 
     </span>
     <span class='ocr_line' id='line_1_27' title="bbox 92 1816 1290 1879; baseline -0.003 -9"><span class='ocrx_word' id='word_1_202' title='bbox 92 1841 236 1870; x_wconf 86' lang='lat' dir='ltr'>temere</span> <span class='ocrx_word' id='word_1_203' title='bbox 254 1831 443 1869; x_wconf 75' lang='lat' dir='ltr'>faciliores</span> <span class='ocrx_word' id='word_1_204' title='bbox 470 1837 591 1874; x_wconf 72' lang='lat' dir='ltr'>erant,</span> <span class='ocrx_word' id='word_1_205' title='bbox 611 1829 879 1867; x_wconf 81' lang='lat' dir='ltr'>tumultuarius</span> <span class='ocrx_word' id='word_1_206' title='bbox 908 1829 1073 1879; x_wconf 87' lang='lat' dir='ltr'>undique</span> <span class='ocrx_word' id='word_1_207' title='bbox 1100 1843 1207 1867; x_wconf 86' lang='lat' dir='ltr'>exer·</span> <span class='ocrx_word' id='word_1_208' title='bbox 1221 1816 1290 1845; x_wconf 57' lang='lat' dir='ltr'>‘ini&#39;</span> 
     </span>
    </p>

    <p class='ocr_par' dir='ltr' id='par_1_6' title="bbox 95 1893 1208 1948">
     <span class='ocr_line' id='line_1_28' title="bbox 95 1893 1208 1948; baseline -0.004 -13"><span class='ocrx_word' id='word_1_209' title='bbox 95 1899 192 1936; x_wconf 90' lang='lat' dir='ltr'>citus</span> <span class='ocrx_word' id='word_1_210' title='bbox 208 1897 346 1948; x_wconf 88' lang='lat' dir='ltr'>raptim</span> <span class='ocrx_word' id='word_1_211' title='bbox 362 1896 598 1946; x_wconf 87' lang='lat' dir='ltr'>conscriptus</span> <span class='ocrx_word' id='word_1_212' title='bbox 615 1894 805 1932; x_wconf 86' lang='lat' dir='ltr'>convenit.</span> <span class='ocrx_word' id='word_1_213' title='bbox 834 1893 939 1930; x_wconf 85' lang='lat' dir='ltr'>Huic</span> <span class='ocrx_word' id='word_1_214' title='bbox 954 1894 1097 1943; x_wconf 88' lang='lat' dir='ltr'>agmini</span> <span class='ocrx_word' id='word_1_215' title='bbox 1109 1894 1208 1931; x_wconf 90' lang='lat' dir='ltr'>Tor-</span> 
     </span>
    </p>

    <p class='ocr_par' dir='ltr' id='par_1_7' title="bbox 96 1957 1213 2075">
     <span class='ocr_line' id='line_1_29' title="bbox 99 1957 1211 2012; baseline -0.002 -14"><span class='ocrx_word' id='word_1_216' title='bbox 99 1968 235 2012; x_wconf 86' lang='lat' dir='ltr'>quatus</span> <span class='ocrx_word' id='word_1_217' title='bbox 256 1960 390 1997; x_wconf 85' lang='lat' dir='ltr'>consul</span> <span class='ocrx_word' id='word_1_218' title='bbox 418 1960 466 1996; x_wconf 90' lang='lat' dir='ltr'>ad</span> <span class='ocrx_word' id='word_1_219' title='bbox 492 1959 692 1996; x_wconf 85' lang='lat' dir='ltr'>Trifanum</span> <span class='ocrx_word' id='word_1_220' title='bbox 716 1959 832 2006; x_wconf 88' lang='lat' dir='ltr'>(inter</span> <span class='ocrx_word' id='word_1_221' title='bbox 861 1957 1078 1995; x_wconf 88' lang='lat' dir='ltr'>Sinuessam</span> <span class='ocrx_word' id='word_1_222' title='bbox 1104 1957 1211 1996; x_wconf 83' lang='lat' dir='ltr'>Min-</span> 
     </span>
     <span class='ocr_line' id='line_1_30' title="bbox 96 2022 1213 2075; baseline -0.004 -12"><span class='ocrx_word' id='word_1_223' title='bbox 96 2033 303 2075; x_wconf 87' lang='lat' dir='ltr'>turnasque</span> <span class='ocrx_word' id='word_1_224' title='bbox 331 2025 363 2061; x_wconf 89' lang='lat' dir='ltr'>is</span> <span class='ocrx_word' id='word_1_225' title='bbox 388 2024 494 2060; x_wconf 89' lang='lat' dir='ltr'>locus</span> <span class='ocrx_word' id='word_1_226' title='bbox 522 2023 595 2070; x_wconf 86' lang='lat' dir='ltr'>est)</span> <span class='ocrx_word' id='word_1_227' title='bbox 626 2022 818 2059; x_wconf 89' lang='lat' dir='ltr'>obcurrit:</span> <span class='ocrx_word' id='word_1_228' title='bbox 848 2023 968 2072; x_wconf 80' lang='lat' dir='ltr'>priuS,</span> <span class='ocrx_word' id='word_1_229' title='bbox 990 2034 1104 2071; x_wconf 84' lang='lat' dir='ltr'>quam</span> <span class='ocrx_word' id='word_1_230' title='bbox 1129 2035 1213 2059; x_wconf 84' lang='lat' dir='ltr'>cas-</span> 
     </span>
    </p>

    <p class='ocr_par' dir='ltr' id='par_1_8' title="bbox 96 2086 1369 2261">
     <span class='ocr_line' id='line_1_31' title="bbox 96 2086 1347 2139; baseline -0.003 -14"><span class='ocrx_word' id='word_1_231' title='bbox 96 2090 164 2126; x_wconf 83' lang='lat' dir='ltr'>tris</span> <span class='ocrx_word' id='word_1_232' title='bbox 190 2089 296 2126; x_wconf 80' lang='lat' dir='ltr'>l&#39;ocus</span> <span class='ocrx_word' id='word_1_233' title='bbox 322 2094 534 2139; x_wconf 84' lang='lat' dir='ltr'>caperetur,</span> <span class='ocrx_word' id='word_1_234' title='bbox 560 2087 717 2124; x_wconf 83' lang='lat' dir='ltr'>sarcinis</span> <span class='ocrx_word' id='word_1_235' title='bbox 746 2086 934 2136; x_wconf 86' lang='lat' dir='ltr'>utrimque</span> <span class='ocrx_word' id='word_1_236' title='bbox 966 2086 1007 2122; x_wconf 89' lang='lat' dir='ltr'>in</span> <span class='ocrx_word' id='word_1_237' title='bbox 1036 2099 1212 2123; x_wconf 82' lang='lat' dir='ltr'>acervum</span> <span class='ocrx_word' id='word_1_238' title='bbox 1224 2099 1347 2130; x_wconf 63' lang='lat' dir='ltr'>Rursus</span> 
     </span>
     <span class='ocr_line' id='line_1_32' title="bbox 99 2144 1369 2217; baseline -0.002 -26"><span class='ocrx_word' id='word_1_239' title='bbox 99 2146 297 2205; x_wconf 84' lang='lat' dir='ltr'>conjectis,</span> <span class='ocrx_word' id='word_1_240' title='bbox 324 2160 536 2205; x_wconf 87' lang='lat' dir='ltr'>pugnatum</span> <span class='ocrx_word' id='word_1_241' title='bbox 555 2152 858 2201; x_wconf 84' lang='lat' dir='ltr'>debellatumque</span> <span class='ocrx_word' id='word_1_242' title='bbox 878 2157 957 2188; x_wconf 85' lang='lat' dir='ltr'>est:</span> <span class='ocrx_word' id='word_1_243' title='bbox 990 2151 1085 2188; x_wconf 85' lang='lat' dir='ltr'>adeo</span> <span class='ocrx_word' id='word_1_244' title='bbox 1111 2152 1212 2189; x_wconf 88' lang='lat' dir='ltr'>enim</span> <span class='ocrx_word' id='word_1_245' title='bbox 1223 2144 1369 2217; x_wconf 43' lang='lat' dir='ltr'>{1:³12ss-</span> 
     </span>
     <span class='ocr_line' id='line_1_33' title="bbox 101 2205 1365 2261; baseline -0.002 -6"><span class='ocrx_word' id='word_1_246' title='bbox 101 2218 237 2255; x_wconf 80' lang='lat' dir='ltr'>adcisae</span> <span class='ocrx_word' id='word_1_247' title='bbox 262 2230 320 2254; x_wconf 89' lang='lat' dir='ltr'>res</span> <span class='ocrx_word' id='word_1_248' title='bbox 347 2223 449 2261; x_wconf 88' lang='lat' dir='ltr'>sunt,</span> <span class='ocrx_word' id='word_1_249' title='bbox 468 2223 512 2254; x_wconf 90' lang='lat' dir='ltr'>ut</span> <span class='ocrx_word' id='word_1_250' title='bbox 537 2216 698 2259; x_wconf 88' lang='lat' dir='ltr'>consuli,</span> <span class='ocrx_word' id='word_1_251' title='bbox 723 2216 908 2252; x_wconf 85' lang='lat' dir='ltr'>victorem</span> <span class='ocrx_word' id='word_1_252' title='bbox 934 2215 1214 2253; x_wconf 69' lang='lat' dir='ltr'>exercitumad</span> <span class='ocrx_word' id='word_1_253' title='bbox 1355 2205 1365 2216; x_wconf 59' lang='lat'><strong><em>⁹</em></strong></span> 
     </span>
    </p>
   </div>
   <div class='ocr_carea' id='block_1_3' title="bbox 103 2280 1214 2334">
    <p class='ocr_par' dir='ltr' id='par_1_9' title="bbox 103 2280 1214 2334">
     <span class='ocr_line' id='line_1_34' title="bbox 103 2280 1214 2334; baseline -0.002 -15"><span class='ocrx_word' id='word_1_254' title='bbox 103 2282 388 2334; x_wconf 81' lang='lat' dir='ltr'>depopulandos</span> <span class='ocrx_word' id='word_1_255' title='bbox 408 2294 519 2331; x_wconf 87' lang='lat' dir='ltr'>agros</span> <span class='ocrx_word' id='word_1_256' title='bbox 540 2293 670 2319; x_wconf 86' lang='lat' dir='ltr'>eorum</span> <span class='ocrx_word' id='word_1_257' title='bbox 689 2281 856 2325; x_wconf 85' lang='lat' dir='ltr'>ducenti,</span> <span class='ocrx_word' id='word_1_258' title='bbox 873 2280 1053 2318; x_wconf 85' lang='lat' dir='ltr'>dederent</span> <span class='ocrx_word' id='word_1_259' title='bbox 1072 2292 1112 2318; x_wconf 87' lang='lat' dir='ltr'>se</span> <span class='ocrx_word' id='word_1_260' title='bbox 1130 2293 1214 2317; x_wconf 86' lang='lat' dir='ltr'>om-</span> 
     </span>
    </p>
   </div>
  </div>
 </body>
</html>
