1573 2598
403 183 557 215 mmm
582 185 641 214 11.
674 185 781 215 cAr.
806 159 912 215 mix.
1148 175 1224 218 161

114 276 235 307 metus
266 272 476 310 coercebat.
534 273 573 310 Si
602 273 712 309 citius
741 274 802 322 agi
828 273 941 310 vellet
969 286 1120 323 agmen,
1149 280 1227 311 tar·
1239 273 1283 305 U·
1300 272 1336 304 C·
1353 279 1428 304 28³·

114 334 194 371 dius
221 335 350 372 sedulo
375 337 573 374 incedere:
605 339 636 373 si
662 339 885 375 adhortator
914 341 1037 390 operis
1068 341 1227 385 adesset,
1240 318 1280 348 A‘
1298 316 1334 347 θ’
1351 321 1427 349 469·

114 414 246 438 omnes
266 415 333 439 sua
348 409 483 453 sponte
502 410 645 439 motam
664 405 854 440 remittere
870 405 1111 442 industriam:
1132 419 1230 456 prae-

115 467 213 502 senti
233 466 355 502 vultus
375 467 583 509 demittere,
604 469 720 504 tacite
745 475 1034 517 praetereuntem
1059 482 1230 506 exsecra-

116 528 171 563 ri:
204 535 245 564 ut
277 529 437 564 invictus
470 529 533 565 ille
563 529 650 565 odio
682 529 832 578 plebeio
866 532 1011 567 animus
1042 531 1232 567 interdum

116 601 340 630 moveretur.
397 594 513 630 Omni
545 594 799 643 nequidquam
829 595 1035 631 acerbitate
1066 603 1230 646 promta,

116 656 211 694 nihil
219 656 302 706 jam
322 670 406 693 cum
425 657 608 693 militibus
629 670 740 706 agere
759 673 766 693 ε
799 671 822 694 a
841 659 1126 695 centurionibus
1146 672 1231 696 cor-

115 727 268 770 ruptum
305 722 512 758 exercitum
548 722 694 758 dicere:
728 723 881 759 tribunos
905 724 1021 771 plebei
1051 723 1231 760 cavillans

113 784 303 820 interdum
322 792 359 821 et
384 786 567 822 Volerones
583 799 731 823 vocare.

167 847 280 885 LIX.
308 849 418 885 Nihil
447 863 577 886 eorum
596 849 726 887 Volsci
755 850 988 894 nesciebant,
1018 850 1234 888 instabant-

117 924 190 961 que
218 925 264 949 eo
291 915 425 963 magis,
446 922 654 964 sperantes,
682 915 779 951 idem
805 922 995 951 certamen
1022 916 1234 951 animorum

119 976 290 1020 adversus
320 978 488 1027 Appium
516 978 734 1014 habiturum
764 980 971 1015 exercitum
999 979 1234 1023 Romanum,

119 1041 219 1089 quod
247 1042 422 1079 adversus
449 1042 607 1078 I‘abium
636 1042 830 1079 consulem
858 1044 1064 1080 habuisset.
1123 1044 1236 1079 Cete-

119 1116 202 1141 rum
245 1106 365 1142 multo
401 1107 543 1156 Appio,
582 1120 695 1156 quam
730 1107 866 1150 Fabio,
903 1108 1108 1144 violentior
1150 1108 1236 1146 fuit;

118 1167 210 1205 Non
232 1170 332 1206 enim
351 1171 499 1206 vincere
524 1178 674 1207 tantum
699 1172 837 1215 noluit,
859 1179 900 1207 ut
918 1172 1108 1207 Fabianus
1129 1184 1236 1208 exer—
1249 1177 1342 1208 Vinci
1358 1175 1442 1207 vuit.-

120 1233 231 1275 citus,
265 1235 328 1270 sed
360 1235 458 1270 vinci
488 1235 619 1271 voluit.
675 1235 886 1272 Productus
919 1237 959 1272 in
985 1237 1104 1272 aciem
1135 1236 1238 1285 turpi

118 1295 211 1346 fuga
232 1298 329 1347 petit
355 1306 502 1343 casti-213
536 1312 604 1335 nec
634 1307 722 1335 ante
741 1301 894 1342 restitit,
916 1313 1026 1348 quam
1047 1300 1155 1347 signa
1180 1300 1239 1335 in-

120 1361 305 1398 serentem
327 1363 508 1399 Volscum
537 1365 780 1400 munimentis
807 1364 901 1399 vidit
929 1364 1145 1412 foedamque
1175 1376 1239 1399 ex-

120 1427 232 1462 tremi
261 1428 420 1475 agminis
451 1429 601 1465 caedem.
656 1428 755 1464 Tum
786 1440 962 1477 expressa
986 1429 1040 1463 vis
1070 1429 1117 1464 ad
1144 1440 1240 1478 pug-

121 1491 302 1533 nandum,
323 1497 365 1526 ut
383 1492 505 1527 victor
517 1491 599 1541 jam
619 1504 642 1527 a
661 1491 759 1526 vallo
779 1491 1066 1526 submoveretur
1090 1491 1212 1526 hostis
1229 1504 1237 1526 ε

124 1555 214 1590 satis
244 1561 370 1590 tamen
400 1556 608 1605 adpareret,
637 1555 720 1604 capi
749 1561 899 1590 tantum
930 1561 1054 1590 castra
1082 1553 1241 1590 militem

126 1617 343 1655 Romanum
376 1620 567 1656 noluisse:
601 1620 663 1655 alii
698 1619 859 1668 gaudere
888 1631 957 1654 sua
990 1618 1095 1654 clade
1128 1618 1254 1667 atque

125 1683 347 1731 ignominia.
402 1683 552 1721 Quibus
572 1683 668 1719 nihil
690 1683 872 1719 infractus
892 1683 1001 1718 ferox
1018 1682 1134 1732 Appii
1162 1683 1244 1718 ani-

127 1758 224 1789 mus,
246 1759 361 1795 quum
385 1748 539 1797 insuper
561 1748 690 1783 saevire
710 1747 836 1792 vellet,
857 1748 1155 1795 concionemque
1180 1746 1244 1782 ada

127 1817 294 1853 vocaret,
322 1817 553 1847 concrurunt
578 1812 625 1847 ad
647 1824 732 1846 eum
760 1810 877 1859 legati
905 1810 1138 1859 tribunique,
1162 1823 1246 1846 mo·

129 1881 276 1916 nenteS,
297 1886 345 1909 ne
365 1875 494 1922 utique
514 1875 674 1923 experiri
695 1873 806 1909 vellet
831 1875 1044 1923 imperium,
1066 1871 1171 1923 cujus
1190 1873 1247 1908 vis

130 1937 252 1973 omnis
279 1938 318 1972 in
337 1949 525 1973 consensu
547 1936 805 1973 obedientium
828 1942 938 1972 esset.
994 1936 1148 1984 Negare
1166 1934 1249 1971 vul÷

129 2013 182 2049 go
208 2001 359 2044 milites,
380 2014 420 2037 se
444 2001 491 2037 ad
519 2002 744 2037 concionem
769 2001 917 2045 itui-083
948 2001 1163 2050 passimque
1183 1999 1249 2036 exss

133 2065 252 2102 audiri
272 2078 382 2102 voces
412 2066 701 2116 postulantium,
721 2070 764 2100 ut
787 2071 910 2100 castra
928 2076 975 2100 ex
994 2064 1136 2100 Volsco
1156 2076 1251 2112 agro

133 2138 369 2166 moveantur.
425 2130 590 2166 Hostem
610 2130 793 2165 victorem
818 2128 947 2179 paullo
967 2135 1054 2164 ante
1073 2140 1192 2178 prope
1210 2127 1250 2162 in

134 2193 254 2242 portis
278 2205 321 2229 ac
339 2193 438 2229 vasso
465 2193 604 2238 fuisse;
636 2193 876 2241 ingentisque
905 2191 994 2227 mali
1022 2204 1101 2227 non
1130 2191 1252 2240 suspi-

136 2257 288 2306 cionem
316 2258 442 2300 modo,
463 2258 526 2293 sed
555 2263 723 2307 apertam
751 2257 915 2306 speciem
944 2255 1136 2295 obversari
1165 2261 1254 2290 ante

137 2319 280 2357 oculos.
336 2320 468 2357 Victus
496 2321 661 2363 tandem,
684 2318 1006 2368 (quandoquidem
1033 2317 1128 2355 nihil
1156 2329 1252 2369 pra:-
