1573 2598
151 294 193 325 U.
205 294 241 324 C.
260 300 334 330 407.

150 339 187 371 A.
203 338 240 369 C.
258 345 332 370 345.

365 188 453 245 506
837 201 883 230 Τ.
907 200 1040 231 mvn

369 289 487 340 Cujus
507 289 637 340 populi
657 302 714 333 ea,
735 287 916 341 cujusque
935 290 1059 339 gentis
1089 287 1217 328 classis
1235 289 1364 336 fuerit,
1383 276 1480 330 nihil

367 355 461 392 certi
490 361 569 391 est:
601 354 765 391 maxime
794 354 932 391 Siciliae
959 355 1076 391 fuisse
1103 362 1285 405 tyrannos
1315 355 1478 394 credide-

366 419 460 455 rim:
493 431 582 455 nam
609 416 767 454 ulterior
786 418 948 461 Graecia,
969 431 1014 455 ea
1040 421 1266 470 tempestate
1295 414 1478 457 intestino

364 482 465 520 fessa
482 481 599 525 bello,
613 480 697 532 jam
715 481 972 519 Macedonum
991 495 1081 533 opes
1101 482 1294 521 horrebat.

418 546 594 584 XXVII.
624 545 866 583 Exercitibus
888 547 1064 591 dimissis,
1085 560 1201 597 quum
1226 553 1265 584 et
1284 546 1377 584 foris
1402 559 1479 598 pax

364 619 404 649 et
431 607 532 649 domi
561 611 766 648 concordia
794 611 969 648 ordinum
998 612 1119 648 otium
1149 617 1262 655 esset,
1287 624 1336 648 ne
1363 611 1476 648 nimis
1521 615 1526 619 ’

363 676 459 713 laetae
482 688 540 713 res
568 681 707 720 essent,
731 675 949 726 pestilentia
973 676 1166 713 civitatem
1194 676 1328 713 adorta
1353 676 1480 725 coegit

364 747 536 777 senatum
572 740 756 790 imperare
786 739 1019 783 decemviris,
1050 747 1092 776 ut
1123 739 1240 777 libros
1270 739 1476 790 Sibyllinos

361 805 616 854 inspicerent3
656 816 862 852 eorumque
896 805 1045 857 monitu
1081 803 1355 840 lectisternium
1389 803 1476 840 fuit.

360 867 508 906 Eodem
538 881 640 904 anno
677 868 865 904 Satricum
901 867 948 904 ab
978 867 1198 904 Antiatibus
1230 867 1381 904 colonia
1409 867 1475 904 de-

362 932 488 974 ducta,
509 932 759 980 restitutaque
781 931 885 973 urbs,
906 943 1020 979 quam
1037 930 1168 966 Latini
1188 930 1404 966 diruerant:
1436 936 1475 967 et

147 996 261 1028 Foedus
272 1005 349 1027 cum
363 1008 449 1032 cum
468 994 856 1043 Karthaginiensibus
884 993 1018 1043 legatis
1043 993 1180 1030 Romae
1199 994 1322 1031 foedus
1342 994 1474 1038 ictum,
1530 1028 1534 1032 .

147 1039 351 1078 Karthagini·

145 1083 288 1113 ensibus.

146 1138 188 1168 U.
202 1136 238 1166 C·
254 1144 328 1169 408.

147 1181 182 1211 Α.
200 1179 237 1211 C.
253 1187 329 1212 844.

146 1647 189 1677 t).
201 1647 236 1676 C.
256 1652 329 1678 409.

148 1693 186 1721 A.
200 1691 238 1721 C.
255 1694 328 1719 2343.

146 1911 274 1944 Bellum

144 1965 221 2004 cunm
238 1953 313 1987 Vol-

146 2009 218 2031 scis.

337 2158 457 2198 sent,
478 2151 582 2188 nulla
607 2164 714 2187 mora
742 2152 840 2188 inter
869 2151 1035 2191 infensos
1065 2151 1214 2188 diutino
1243 2149 1333 2187 odio
1361 2149 1472 2187 dimi·

363 1073 479 1110 quum
512 1059 718 1096 amicitiam
747 1071 790 1095 ac
820 1058 1042 1095 societatem
1070 1065 1240 1109 petentes
1270 1059 1474 1096 venisseut.

363 1124 470 1162 Idem
499 1124 619 1160 otium
647 1124 750 1160 domi
769 1123 936 1172 forisque
966 1124 1104 1160 mansit
1131 1123 1177 1160 T.
1205 1123 1357 1160 Manlio
1375 1123 1474 1160 Tor-

362 1196 493 1239 quato,
515 1189 557 1225 C.
578 1187 730 1225 Plautio
746 1187 962 1224 consulibus
979 1202 986 1223 z
1010 1187 1300 1225 semunciarium
1319 1194 1471 1225 tantum

360 1267 408 1290 ex
439 1253 610 1289 unciario
637 1252 762 1289 foenus
790 1251 949 1295 factum,
979 1258 1017 1288 et
1045 1253 1083 1289 in
1114 1253 1314 1303 pensiones
1346 1265 1470 1302 aequas

359 1318 528 1362 triennii,
558 1317 613 1353 ita
646 1323 689 1353 ut
721 1323 855 1366 quarta
884 1329 1047 1367 praesens
1077 1324 1187 1361 esset,
1219 1317 1359 1354 solutio
1389 1317 1471 1354 aeris
1527 1309 1529 1313 ¹

360 1382 472 1420 alieni
493 1382 710 1432 dispensata
728 1387 784 1417 est
801 1396 807 1416 :
840 1387 878 1417 et
897 1383 950 1417 sic
971 1394 1120 1431 quoque
1138 1388 1246 1432 parte
1265 1380 1384 1432 plebis
1405 1382 1472 1419 ad-

358 1447 473 1490 fecta,
511 1445 601 1482 fides
639 1451 765 1482 tamen
802 1445 955 1496 publica
997 1447 1151 1498 privatis
1189 1445 1472 1484 difficultatibus

357 1511 487 1561 potior
505 1509 552 1545 ad
575 1522 703 1545 curam
729 1510 877 1545 senatui
896 1508 979 1547 fuit.
1034 1510 1190 1547 Levatae
1216 1511 1379 1546 maxime
1397 1522 1470 1553 res,

359 1576 449 1626 quia
473 1575 617 1611 tributo
643 1588 686 1611 ac
707 1574 854 1611 delectu
883 1587 1150 1626 supersessum.
1205 1577 1339 1613 Tertio
1367 1588 1470 1612 anno

360 1646 449 1690 post
478 1640 665 1676 Satricum
703 1640 919 1676 restitutum
953 1654 974 1676 a
1010 1640 1173 1683 Volscis,
1210 1640 1267 1677 M.
1296 1639 1470 1677 Valerius

363 1704 524 1746 Corvus,
553 1703 759 1739 secundum
788 1703 921 1740 consul
951 1717 1034 1740 cum
1065 1704 1108 1741 C.
1138 1703 1302 1741 Poetelio
1330 1703 1468 1747 factus,

361 1782 476 1819 quum
503 1782 549 1805 ex
566 1768 683 1805 Latio
711 1769 931 1805 nunciatum
961 1775 1073 1812 esset,
1103 1767 1249 1817 legatos
1279 1767 1328 1804 ab
1347 1768 1467 1805 Antio

360 1833 557 1870 circumire
585 1831 745 1883 populos
766 1832 992 1869 Latinorum
1023 1832 1069 1869 ad
1090 1831 1360 1869 concitandum
1387 1830 1468 1868 bel-

359 1897 462 1943 lum5
495 1888 712 1948 priusquam
740 1896 822 1947 plus
852 1898 1019 1945 hostium
1050 1898 1168 1940 fieret,
1188 1896 1337 1932 Volscis
1366 1907 1472 1932 arma
1514 1894 1534 1906 ⁵

361 1959 656 2010 inferrejussus,
677 1961 723 1997 ad
749 1961 936 1997 Satricum
966 1962 1133 1997 exercitu
1159 1959 1298 1996 infesto
1322 1958 1470 2009 pergit:
1493 1954 1507 1971 ⁵

359 2037 435 2074 quo
465 2037 579 2074 quum
609 2025 783 2061 Antiates
814 2025 951 2074 aliique
980 2024 1110 2064 Volsci
1142 2024 1361 2074 praeparatis
1387 2021 1472 2072 jam

359 2094 461 2131 ante,
493 2089 523 2123 si
543 2088 632 2137 quid
652 2088 698 2124 ab
729 2088 858 2124 Roma
886 2094 1113 2130 moveretur,
1133 2087 1252 2137 copiis
1281 2086 1471 2123 obcurris·
1492 2124 1497 2131 a„

358 2215 468 2251 candi
498 2214 600 2251 facta
634 2220 703 2251 est.
759 2213 903 2257 Volsci,
930 2215 1094 2252 ferocior
1123 2213 1170 2250 ad
1198 2212 1470 2256 rebellandum,

357 2291 470 2328 quam
491 2278 538 2315 ad
563 2278 794 2323 bellandum,
815 2292 922 2328 gens,
943 2279 1149 2316 certamine
1177 2279 1281 2321 victi,
1301 2276 1394 2327 fuga
1411 2277 1466 2315 ef-
1503 2270 1506 2277 ¹

356 2342 441 2380 fusa
461 2343 598 2381 Satrici
617 2344 759 2381 moenia
778 2350 935 2396 petunt:
968 2351 1020 2389 et,
1042 2356 1089 2381 ne
1114 2344 1153 2380 in
1182 2343 1297 2380 muris
1317 2341 1467 2393 quidem
