1573 2598
400 195 555 224 mnan
581 194 650 223 Π.
681 192 793 222 eAr.
816 191 935 220 xcv.
1142 188 1225 232 315

160 285 286 322 XLV.
316 285 466 327 Annus,
486 282 669 319 felicitate
695 279 826 330 populi
850 278 1034 320 Romani,
1055 276 1225 327 periculo

104 352 232 402 potius
262 351 420 401 ingenti,
448 361 561 399 quam
590 346 707 388 clade,
734 345 908 393 insignis,
965 343 1141 385 Servitia,
1162 355 1225 378 ur-
1236 337 1408 388 Serisffl'unf

106 415 193 452 bem
219 422 260 451 ut
290 414 533 451 incenderent
561 409 790 447 distantibus
820 407 928 450 locis,
950 405 1223 457 conjurarunt3
1240 388 1430 422 ‘mmmmm'

107 478 325 529 populoque
344 477 390 514 ad
405 489 517 526 opem
539 474 680 525 passim
703 471 898 509 ferendam
924 471 1035 506 tectis
1060 469 1226 514 intento,

109 550 151 579 ut
171 554 295 579 arcem
313 538 620 591 Capitoliumque
636 537 779 573 armati
806 541 1051 585 occuparent.
1107 535 1226 572 Aver-

107 607 155 642 tit
192 605 356 649 nefanda
391 602 552 639 consilia
587 600 762 650 Jupiter:
806 599 1022 648 indicioque
1065 598 1227 636 duorum

108 669 371 719 comprehensi
390 673 517 703 sontes
537 677 670 715 poenas
691 663 888 699 dederunt.
944 661 1138 698 Indicibus
1162 662 1225 699 de-

107 745 158 769 na
175 732 294 768 millia
313 731 435 780 gravis
459 730 556 772 aeris,
578 741 661 777 quae
689 733 773 763 tum
801 727 942 762 divitiae
969 726 1224 770 habebantur,

109 809 154 832 ex
175 796 307 832 aerario
326 799 538 836 numerata,
559 799 598 828 et
616 790 771 827 libertas
792 790 989 840 praemium
1007 790 1093 827 fuit.
1135 789 1225 826 Bel-

108 859 186 895 lum
221 859 309 895 inde
338 858 389 895 ‘ab
422 857 560 907 AEquis
589 856 756 907 reparari
786 862 976 906 coeptum:
1019 862 1072 900 et,
1104 869 1224 895 novos

108 924 238 959 hostes
269 922 484 959 Lavicanos
518 920 678 956 consilia
709 932 795 955 cum
825 919 1015 956 veteribus
1046 920 1224 970 jungere,

110 985 212 1022 haud
224 986 377 1021 incertis
392 984 610 1020 auctoribus
623 983 790 1019 Romam
802 988 859 1018 est
870 982 1050 1020 adlatum.
1076 985 1226 1035 AEquo-

111 1061 195 1085 rum
216 1048 300 1099 jam
319 1047 421 1084 velut
443 1047 707 1084 anniversariis
735 1047 847 1082 armis
877 1046 1053 1084 adsuerat
1081 1049 1227 1087 civitas.

110 1113 273 1149 Lavieos
293 1112 407 1161 legati
422 1112 533 1148 missi
552 1124 668 1161 quum
686 1123 870 1161 responsa
891 1111 984 1148 'inde
1011 1112 1229 1155 1·e2ulissent

109 1178 237 1220 dubia,
266 1176 415 1226 quibus,
442 1188 512 1212 nec
537 1182 619 1211 tum
649 1175 791 1212 bellum
810 1177 955 1226 ‘parari,
982 1189 1053 1213 nec
1082 1177 1229 1214 diutur-

111 1255 199 1279 nam
227 1248 362 1292 pacem
389 1240 486 1283 fore,
514 1239 738 1289 adpareret:
774 1239 1001 1277 Tusculanis
1030 1243 1229 1291 negotium

109 1307 252 1348 datum,
273 1307 498 1342 adverterent
512 1306 662 1346 animos,
681 1315 726 1340 ne
744 1305 832 1353 quid
849 1307 931 1341 novi
960 1307 1134 1343 tumultus
1151 1307 1227 1343 La«

107 1373 192 1408 vicis
209 1372 372 1407 oriretur.
426 1368 490 1405 Ad
504 1368 737 1417 insequentis
748 1369 847 1405 anni
865 1369 1040 1406 tribunos
1063 1371 1228 1409 militum

109 1435 298 1472 consulari
317 1438 522 1484 potestate,
542 1432 639 1468 inito
666 1433 906 1482 magistratu,
928 1433 1043 1483 legati
1060 1435 1107 1472 ab
1126 1435 1225 1472 Tus·
1238 1443 1281 1474 U.
1295 1444 1331 1476 C.
1348 1449 1421 1483 337.

110 1500 196 1537 calo
221 1504 419 1542 venerunt,
439 1497 487 1535 L.
502 1497 681 1546 >Sergium
699 1497 935 1542 Fidenatem,
955 1498 1012 1535 M.
1031 1499 1227 1550 Papirium
1238 1487 1278 1518 A·
1293 1487 1329 1519 C·
1347 1496 1422 1522 ⁴¹⁵·

109 1564 380 1614 Mugillanum,
408 1563 451 1600 c,
473 1552 686 1606 sex-vilium,
702 1562 823 1599 Prisci
851 1562 984 1607 filium,
1001 1576 1077 1613 quo
1106 1565 1226 1602 dicta-
1251 1562 1257 1566 ’

109 1638 193 1667 tore
228 1629 382 1666 Fidenae
419 1635 538 1677 captae
575 1627 739 1664 fuerant.
808 1626 1057 1664 Nunciabant
1094 1629 1225 1678 legati,

109 1694 322 1731 Lavicanos
340 1705 447 1729 arma
469 1691 626 1742 cepisse,
647 1697 686 1727 et
713 1703 800 1727 cum
817 1691 1033 1740 AEquorum
1057 1695 1226 1731 exercitu
1236 1700 1369 1735 Bellum
1400 1710 1407 1716 ·

110 1757 360 1808 depopulatos
398 1769 531 1805 agrum
562 1755 822 1792 Tusculanum
854 1762 979 1793 castra
1011 1758 1051 1793 in
1083 1757 1224 1807 Algido
1236 1753 1314 1817 (ἔζη)
1331 1746 1422 1780 hm·

111 1823 295 1874 posuisse.
349 1820 385 1856 T
388 1833 450 1855 um
477 1819 679 1855 Lavicanis
698 1818 840 1855 bellum
861 1820 1070 1858 indictum:
1101 1822 1225 1859 facto·
1238 1796 1371 1872 AEzggi?

112 1899 184 1936 que
207 1882 552 1926 senatusconsulto,
571 1888 615 1918 ut
642 1882 717 1918 duo
743 1894 791 1918 ex
817 1882 980 1919 tribunis
1009 1884 1057 1920 ad
1084 1884 1227 1923 &llum

110 1950 451 2002 proficiscerentur,
470 1961 566 1984 unus
595 1959 653 1982 res
683 1946 819 1983 Romae
848 1954 1010 1991 curaret,
1035 1956 1227 1987 certamen

112 2013 239 2051 subito
258 2014 358 2050 inter
374 2013 548 2049 tribunos
568 2018 766 2048 exortum:
798 2024 837 2047 se
861 2013 1017 2061 quisque
1042 2013 1132 2050 belli
1159 2015 1228 2051 du-

112 2091 194 2114 cem
212 2078 401 2129 potiorem
418 2077 530 2120 ferre,
552 2089 680 2113 curam
699 2076 817 2118 urbis,
839 2082 881 2111 ut
903 2077 1092 2125 ingratam
1116 2079 1228 2127 igno-

111 2141 315 2191 bilemque,
336 2142 566 2192 adspernari.
621 2141 751 2180 Quum
770 2153 904 2190 parum
923 2141 1102 2178 decorum
1130 2140 1229 2179 inter

114 2205 277 2254 collegas
310 2212 500 2242 certamen
532 2205 748 2242 mirabundi
784 2205 916 2241 Patres
947 2207 1225 2257 conspicerent,

113 2270 161 2309 Q.
184 2269 376 2313 Servilius,
408 2271 561 2312 Quando
588 2283 653 2307 nec
679 2271 812 2306 ordinis
840 2270 943 2317 hujus
970 2272 1060 2314 ulla,
1088 2272 1224 2321 inquit,
1238 2279 1403 2315 Discordia

111 2347 174 2372 nec
197 2335 397 2385 reipublicoe
415 2341 466 2373 est
485 2337 709 2379 verecundia,
726 2337 852 2384 patria
878 2335 1043 2384 nmjestas
1070 2338 1226 2374 altercm-
1239 2331 1275 2356 Π·
1292 2325 1360 2357 ‘¹²³¹-

636 2399 668 2436 P
686 2400 710 2436 2
