1573 2598
303 208 385 253 174
754 214 799 246 Τ.
822 217 958 247 mvn
979 236 984 240 .

85 300 128 331 U.
145 300 181 333 C,
198 309 271 336 290.
300 310 372 347 que
400 298 506 335 miles
535 305 602 350 per
626 292 767 338 bellum
787 302 993 353 AEquicum
1011 304 1069 341 vel
1098 306 1299 344 acerrimus
1327 307 1414 346 fuit.

82 343 124 376 A.
141 344 177 377 C.
195 351 269 378 462.

78 938 192 970 Furius

78 981 152 1013 Cos.
168 980 254 1013 male

78 1034 146 1056 rem
159 1027 249 1065 gerit.

75 1473 249 1505 Obsidetur

75 1518 111 1549 in
125 1518 245 1549 castris.

300 362 515 413 Compulsis
535 362 670 400 deinde
688 365 727 401 in
746 367 886 416 oppida
897 367 1049 416 AEquiS‚
1071 381 1114 404 ea
1133 369 1337 407 multitudo
1356 371 1414 408 di-

297 425 405 477 lapsa
424 440 539 476 quum
557 429 716 465 Antium
735 430 906 475 redisset,
929 444 995 468 sua
1014 440 1152 482 sponte
1169 433 1252 484 jam
1275 435 1413 472 infidos

298 490 456 528 colonos
476 488 662 528 Romanis
683 493 923 532 abalienavit.
979 496 1154 533 Necdum
1182 487 1331 535 matura
1359 511 1413 542 re,

297 567 414 604 quum
433 553 686 592 defectionem
710 559 835 607 parari
854 559 1020 596 delatum
1040 560 1086 596 ad
1108 567 1281 597 senatum
1301 567 1413 605 esset,

297 618 428 654 datum
445 620 644 668 negotium
659 627 716 656 est
731 622 963 667 consulibus,
983 630 1039 667 ut,
1060 625 1293 676 principibus
1309 625 1416 662 colo-

295 683 369 719 niae
387 682 554 720 Romam
581 686 728 730 excitis,
750 694 974 736 quaererent,
998 689 1178 738 quidnam
1206 690 1261 726 rei
1289 695 1411 726 esset:

294 747 360 796 qui
381 760 498 797 quum
518 749 621 786 haud
649 752 794 799 gravati
813 752 1018 797 venissent,
1046 753 1253 790 introducti
1279 767 1301 790 a
1321 765 1412 790 con-

295 810 438 848 sulibus
459 813 506 849 ad
525 819 698 861 senatum
717 816 771 852 ita
788 817 1064 867 responderunt
1089 818 1136 854 ad
1159 819 1410 866 interrogata,

294 880 336 911 ut
372 877 492 925 magis
531 879 709 928 suspecti,
741 892 854 928 quam
885 887 1080 924 venerant,
1120 881 1412 918 dimitterentur.

292 939 443 977 Bellum
462 941 550 977 inde
568 943 670 979 haud
688 943 844 980 dubium
862 944 1008 988 haberi.
1066 945 1129 994 Sp.
1148 944 1298 988 Furius,
1321 958 1412 982 con-

293 1003 417 1041 sulum
439 1005 548 1049 alter,
569 1007 629 1042 cui
649 1020 694 1044 ea
718 1008 914 1058 provincia
936 1015 1126 1052 evenerat,
1156 1009 1347 1059 profectus
1373 1010 1413 1046 in

292 1068 457 1118 AEquOS,
491 1070 749 1108 Hernicorum
785 1073 825 1108 in
862 1085 955 1122 agro
992 1072 1306 1123 populabundum
1340 1073 1412 1110 hoss

293 1138 389 1169 stem
426 1134 597 1181 invenit;
639 1136 867 1186 ignarusque
899 1136 1167 1181 multitudinis,
1201 1138 1300 1187 quia·
1321 1150 1412 1174 nus-

293 1210 406 1248 quam
433 1199 607 1236 universa
629 1207 835 1252 conspecta
855 1201 993 1246 fuerat,
1015 1202 1185 1254 inparem
1205 1202 1324 1253 copiis
1345 1215 1412 1240 ex-

293 1264 453 1300 ercitum
480 1270 622 1302 temere
651 1278 789 1316 pugnae
819 1267 1037 1303 commisit:
1070 1266 1194 1316 primo
1223 1268 1412 1302 concursu

291 1327 420 1378 pulsus
447 1341 487 1365 se
513 1329 552 1365 in
579 1336 703 1366 castra
727 1331 895 1381 recepit:
928 1343 1050 1380 neque
1079 1332 1109 1366 is
1139 1330 1223 1367 finis
1253 1329 1412 1381 periculi

290 1391 365 1427 fuit
382 1407 390 1428 :
422 1404 587 1442 namque
606 1400 644 1429 et
662 1394 838 1443 proxima
855 1400 970 1430 nocte
990 1400 1028 1430 et
1049 1400 1204 1445 postero
1224 1393 1284 1430 die
1304 1399 1412 1430 tanta

291 1455 326 1490 vi
353 1461 477 1492 eastra
505 1462 594 1493 sunt
619 1457 865 1495 circumsessa
893 1464 1006 1506 atque
1035 1457 1270 1507 obpugnata,
1292 1463 1334 1492 ut
1362 1468 1411 1493 ne

290 1520 451 1556 nuncius
481 1521 633 1570 quidem
661 1522 749 1558 inde
778 1523 878 1559 mitti
907 1521 1074 1559 Romam
1110 1527 1251 1572 posset.
1308 1519 1410 1557 Her-

290 1584 380 1627 nici,
402 1592 441 1621 et
469 1585 565 1622 male
595 1592 819 1636 pugnatum,
845 1593 883 1624 et
909 1586 1104 1624 consulem
1129 1586 1411 1634 exercitumque

291 1647 471 1691 obsideri,
490 1649 791 1686 nunciaverunt:
824 1656 1049 1700 tantumque
1074 1656 1258 1686 terrorem
1282 1649 1409 1685 incus-

291 1724 373 1748 sere
387 1712 579 1756 Patribus,
602 1719 644 1750 ut
666 1717 765 1762 (qum
785 1714 908 1750 forma
928 1712 1248 1750 senatusconsulti
1266 1711 1409 1748 ultimae

291 1788 439 1828 semper
460 1779 695 1815 necessitatis
721 1779 854 1817 habita
873 1779 947 1826 est)
969 1778 1169 1815 Postumio
1189 1776 1297 1813 alteri
1318 1789 1409 1812 con-

291 1836 415 1879 sulum
446 1844 644 1892 negotium
678 1844 843 1887 daretur,
880 1844 1005 1880 Videre
1031 1855 1074 1879 ne
1103 1843 1188 1890 quid
1215 1841 1409 1888 respublica

291 1908 492 1944 ‘detrimenti
512 1914 663 1956 caperet.
720 1908 850 1958 Ipsum
877 1904 1072 1944 consuleni'
1095 1905 1231 1942 Romae
1256 1912 1409 1941 manere

290 1972 339 2008 'ad
372 1972 665 2008 conscribendos
697 1985 842 2015 omnes,
877 1973 940 2021 qui
973 1984 1078 2008 arma
1107 1970 1205 2006 ferre
1237 1974 1406 2019 possent,

293 2037 479 2087 optimum
494 2037 616 2073 visum
635 2042 712 2081 est3
745 2049 814 2087 pro
835 2035 989 2073 consule
1007 2035 1054 2072 T.
1075 2034 1298 2074 Quinctium
1319 2032 1407 2069 sub-

293 2101 390 2137 sidio
410 2101 540 2136 castris
562 2114 647 2136 cum
666 2100 797 2137 sociali
821 2100 987 2137 exercitu
1014 2099 1114 2135 mitti
1133 2112 1140 2133 :
1172 2097 1219 2134 ad
1238 2109 1324 2133 eum
1343 2109 1408 2132 ex-

292 2165 472 2215 plendum
485 2165 628 2208 Latini,
649 2164 896 2213 Hernicique,
913 2170 951 2199 et
971 2163 1123 2199 colonia
1142 2161 1301 2198 Antium
1320 2160 1409 2196 dare

293 2229 478 2268 Quinctio
499 2229 700 2266 subitarios
720 2228 857 2265 milites
881 2229 952 2276 (ita
977 2234 1059 2264 tum
1084 2226 1283 2278 repentina
1302 2224 1408 2261 auxi-

292 2290 344 2328 lia
362 2292 621 2342 adpellabant)
638 2291 748 2342 jussi.

346 2358 394 2396 V.
430 2358 546 2395 Multi
583 2370 648 2408 per
677 2368 740 2394 eos
771 2357 848 2393 dies
877 2361 1002 2393 motus
1038 2352 1222 2402 multique
1257 2351 1408 2402 inpetus
