1573 2598
93 1433 223 1464 Beuum

93 1487 172 1527 cum
189 1477 272 1507 Lati·

96 1529 156 1552 nis.

99 1824 278 1855 Aventinus

98 1877 192 1898 mons
208 1868 262 1898 ad-

95 1910 192 1942 ditus.

304 164 362 211 50
761 166 807 194 T.
831 167 965 196 L1V11

306 252 541 303 rogabantur
562 265 569 287 :
602 251 828 301 quandoque
853 265 938 302 pars
966 250 1092 302 major
1105 264 1250 297 eorum,
1271 254 1335 304 qui
1354 255 1421 292 ad‘

307 323 429 360 erant,
449 318 487 353 in
515 315 684 352 eamdem
703 316 930 351 sententiam
950 315 1044 358 ibat,
1063 314 1204 352 bellum
1230 324 1311 354 erat
1329 331 1420 355 con-

308 393 431 418 sensu.
487 380 588 416 Fieri
616 378 787 422 solitum,
817 385 860 415 ut
887 372 1030 415 fecialis
1064 380 1212 415 hastam
1243 380 1422 420 ferratam

306 451 374 481 aut
392 444 639 493 sanguineam
660 449 861 492 praeustam
883 443 931 479 ad
955 443 1047 479 fines
1068 457 1201 480 eorum
1220 444 1348 489 ferret,
1370 453 1422 490 et,

305 521 385 546 non
414 509 536 544 minus
565 506 685 543 tribus
718 506 922 556 puberibus
958 508 1221 557 praesentibus,
1252 509 1420 546 diceret:

309 575 413 616 Quod
444 574 571 622 populi
598 573 795 620 priscorum
824 572 1036 609 Latinorum
1065 573 1285 622 hominesque
1313 577 1425 623 prisci

307 639 434 676 Latini
469 639 633 674 adversus
665 638 837 685 populum
866 637 1069 674 Romanum
1100 639 1293 679 Quiritium
1318 639 1422 687 fece-

306 709 403 746 runt,
421 704 654 751 deliquerunt,
668 702 761 749 quod
776 702 928 750 populus
942 701 1124 738 Romanus
1142 703 1336 743 Quiritium
1351 704 1422 740 bel-

307 768 381 804 lum
413 780 491 804 cam
511 768 637 815 priscis
659 766 799 802 Latinis
821 765 930 813 jussit
958 778 1039 808 esse,
1069 771 1276 816 senatusque
1298 770 1426 816 populi

307 833 463 870 Romani
483 833 676 874 Quiritium
703 833 847 874 censuit,
875 833 1056 874 consensit,
1084 834 1261 876 conscivit,
1284 839 1325 870 ut
1352 834 1423 870 bel-

307 898 382 933 lum
409 909 489 934 cum
508 898 635 945 priscis
654 896 796 932 Latinis
811 896 919 945 fieret
930 913 942 939 ,·
972 895 1013 931 ob
1031 907 1110 931 eam
1127 908 1201 932 rem
1222 909 1286 945 ego
1309 910 1422 945 popu-

309 963 429 1011 lusque
447 962 629 999 Romanus
651 962 794 1010 populis
817 962 1014 1009 priscorum
1033 960 1246 997 Latinorum
1274 961 1424 998 homiui—

308 1027 436 1075 busque
456 1029 582 1075 priscis
601 1026 743 1062 Latinis
763 1025 890 1060 bellum
916 1025 1032 1060 indico
1046 1023 1230 1072 facioque.
1286 1025 1333 1061 Id
1360 1025 1425 1062 ubi

307 1090 478 1133 dixisset,
509 1091 658 1126 hastam
694 1090 734 1124 in
771 1089 863 1124 fines
902 1101 1032 1124 eorum
1069 1088 1279 1125 emittebat.
1335 1088 1424 1126 Hoc

308 1160 389 1191 ttun
417 1154 532 1191 modo
561 1153 608 1190 ab
637 1152 787 1189 Latinis
817 1153 987 1202 repetitae
1016 1165 1089 1195 reS‚
1120 1165 1163 1188 ac
1192 1152 1333 1188 bellum
1364 1153 1423 1189 in-

307 1219 451 1255 dictum
469 1233 476 1253 :
509 1230 728 1266 moremque
747 1229 834 1252 eum
852 1216 994 1266 posteri
1015 1222 1252 1266 acceperunt.

360 1281 565 1319 XXXIII.
595 1283 739 1324 Ancus,
763 1280 991 1316 demandata
1019 1292 1109 1316 cura
1137 1291 1330 1316 sacrorum
1357 1280 1425 1317 fla·

307 1346 473 1383 minibus
503 1344 837 1393 sacerdotibusque
873 1342 969 1386 aliis,
1000 1344 1168 1379 exercitu
1203 1357 1303 1380 novo
1333 1357 1424 1380 con-

309 1411 452 1462 scripto
473 1409 681 1461 profectus,
707 1407 949 1452 Politorium,
973 1407 1105 1444 urbem
1127 1407 1369 1452 Latinorum,
1389 1409 1426 1445 vi

310 1478 434 1528 cepit;
467 1483 691 1526 secutusque
718 1488 863 1512 morem
891 1488 1023 1524 regum
1051 1475 1233 1525 priorum,
1254 1475 1317 1524 qui
1347 1487 1426 1510 rem

310 1541 526 1579 Romanam
547 1547 732 1578 auxerant
752 1540 926 1577 hostibus
953 1541 992 1575 in
1017 1540 1208 1575 civitatem
1237 1539 1424 1588 accipien-

311 1607 382 1650 dis,
420 1606 702 1642 multitudinem
738 1616 891 1640 omnem
926 1603 1092 1639 Romam
1127 1603 1325 1639 traduxit:
1374 1610 1425 1646 et,

310 1684 427 1720 quum
456 1671 555 1706 circa
576 1668 780 1711 Palatium,
805 1668 931 1704 sedem
953 1674 1120 1703 veterum
1145 1666 1423 1709 Romanorum,

312 1735 444 1772 Sabini
475 1733 708 1784 Capitolium
745 1740 858 1781 atque
891 1744 1028 1775 arcem,
1060 1731 1225 1767 Coelium
1256 1737 1426 1767 montem

311 1799 453 1837 Albani
489 1798 728 1848 inplessent3
778 1797 1010 1833 Aventinum
1050 1809 1158 1832 novae
1194 1794 1428 1831 multitudini

312 1864 464 1900 datum:
497 1863 615 1899 additi
635 1861 767 1898 eodem
788 1860 891 1896 haud
919 1861 973 1896 ita
997 1859 1117 1895 multo
1139 1864 1240 1908 post,
1259 1857 1426 1893 Tellenis

311 1927 528 1975 Ficanaque
551 1925 684 1975 captiS‚
704 1924 794 1960 novi
816 1924 928 1960 cives.
983 1923 1210 1959 Politorium
1234 1921 1322 1957 inde
1346 1934 1428 1958 rur-

313 2003 374 2026 sus
417 1988 519 2026 bello
562 1988 779 2038 repetitum,
817 1986 918 2035 quod
953 1997 1113 2021 vacuum
1149 1991 1428 2035 occupaverant

312 2054 426 2104 prisci
444 2053 598 2090 Latini:
632 2065 748 2101 eaque
768 2063 900 2087 caussa
924 2050 1113 2086 diruendae
1134 2049 1234 2085 urbis
1255 2048 1334 2099 ejus
1354 2049 1428 2086 fuit

312 2118 514 2161 Romanis,
543 2130 592 2154 ne
628 2117 795 2153 hostium
832 2128 978 2165 semper
1010 2113 1288 2164 receptaculum
1317 2120 1428 2150 esset.

313 2182 528 2225 Postremo,
549 2181 653 2218 omni
678 2179 779 2216 bello
802 2179 944 2215 Latino
966 2177 1190 2214 Medulliam
1215 2176 1427 2227 compulso,

314 2246 542 2295 aliquamdiu
570 2244 622 2281 ibi
648 2251 768 2280 marte
787 2244 947 2285 incerto,
968 2242 1071 2278 varia
1090 2242 1261 2284 victoria,
1281 2253 1427 2291 pugna-

310 2316 394 2347 tum
414 2316 471 2346 est
489 2324 496 2344 ι
527 2321 616 2346 nam
642 2315 680 2344 et
706 2308 794 2345 urbs
817 2313 902 2343 tuta
922 2305 1211 2348 munitionibus,
1231 2305 1425 2356 praesidio-
