1573 2598
121 238 164 269 U.
177 237 213 269 C.
229 244 304 269 365.

118 283 158 314 A.
174 281 212 313 C.
229 287 303 318 387.

311 144 398 186 402
740 145 788 175 τ.
811 145 946 177 mvn

316 234 417 272 aliud
438 234 633 277 habuerim,
654 236 773 283 quoad
790 236 921 272 Ardeae
940 236 1027 278 viri,
1046 248 1155 284 quam
1182 237 1277 285 quod
1299 238 1428 286 procul

315 299 361 336 ab
388 299 442 335 his
469 299 718 335 certaminibus
743 311 843 336 eram
859 315 871 336 :
898 304 935 335 et
960 300 1002 336 ob
1029 301 1151 337 eadem
1179 300 1265 344 ἠως,
1289 312 1372 344 non,
1397 303 1428 337 si

313 376 370 401 me
389 364 688 400 senatusconsulto
705 365 901 412 populique
912 362 1017 410 jussu
1039 367 1263 407 revocaretis,
1288 365 1433 402 reditu·-

311 441 374 466 rus
399 440 570 477 umquam
586 427 740 476 fuerim.
796 429 873 465 Nec
893 441 989 465 nunc
1008 441 1078 472 me,
1103 434 1149 466 ut
1163 430 1333 473 redirem,
1350 440 1432 466 mea

311 494 477 531 voluntas
496 497 652 536 mutata,
671 493 733 529 sed
754 498 871 530 vestra
887 492 1046 542 fortuna
1069 494 1230 543 perpulit
1243 509 1255 531 :
1283 495 1426 543 quippe,

311 563 354 594 ut
371 559 407 594 in
425 570 491 594 sua
507 559 588 594 sede
605 562 764 595 maneret
777 558 916 607 patria,
936 560 976 595 id
994 559 1166 607 agebatur
1175 576 1189 604 ,-
1216 560 1286 595 no'n
1306 563 1347 594 ut
1363 570 1430 606 ego

313 624 437 670 utique
453 623 492 658 in
509 623 634 670 patria
653 633 758 658 essem
771 637 783 659 :
811 627 846 668 et
865 635 960 660 nunc
981 625 1189 671 quiescerem
1214 635 1257 660 ac
1278 627 1431 660 tacerem

315 685 473 729 libenter,
503 687 571 722 nisi
601 685 674 723 haec
705 699 842 736 quoque
867 699 934 736 pro
960 690 1082 736 putria
1110 689 1293 725 dimicatio
1320 691 1432 723 esset:

314 750 373 785 cui
400 750 525 791 deesse,
556 751 675 797 quoad
707 752 784 787 vita
810 751 987 800 subpetat,
1016 752 1099 788 aliis
1127 757 1244 802 turpe,
1276 747 1430 787 Camillo

314 814 425 850 etiam
453 812 554 862 nefas
583 819 646 851 est.
704 815 801 856 Quid
825 818 918 852 enim
943 814 1182 864 repetiimus?
1209 808 1296 865 quid
1319 815 1432 852 obses-

313 890 392 915 sam
416 890 459 914 ex
476 878 629 914 hostium
646 880 809 915 manibus
825 880 1033 928 eripuimus,
1052 882 1082 915 si
1100 883 1348 927 recuperatam
1363 879 1435 926 ipsi

316 944 541 980 deserimus?
568 949 604 980 et
631 955 751 992 quum,
771 945 960 980 victoribus
983 945 1112 988 Gallis,
1134 949 1243 993 capta
1268 948 1347 980 tota
1369 954 1434 979 ur-

314 1007 369 1051 be,
392 1008 611 1056 Capitolium
640 1013 760 1045 tamen
784 1013 892 1057 atque
915 1020 1034 1045 arcem
1052 1009 1191 1058 Diique
1218 1013 1254 1045 et
1281 1007 1437 1044 homines

316 1070 478 1108 Romani
509 1074 699 1116 tenuerint,
730 1073 968 1110 habitaverint
981 1090 995 1118 ,·
1029 1074 1219 1112 victoribus
1246 1072 1434 1115 Romanis,

313 1141 529 1185 recuperata
556 1137 653 1180 urbe,
677 1149 744 1173 arx
769 1149 903 1186 quoque
927 1143 963 1174 et
984 1137 1202 1187 Capitolium
1223 1138 1402 1174 deseretur
1415 1136 1437 1172 ,9

314 1204 352 1235 et
373 1201 457 1248 plus
469 1202 650 1237 vastitatis
667 1200 750 1237 huic
771 1201 849 1237 urbi
871 1202 1027 1238 secunda
1050 1206 1172 1238 nostra
1188 1200 1347 1250 fortuna
1363 1198 1436 1248 fa-

315 1264 398 1306 ciet,
419 1276 528 1312 quam
553 1265 700 1301 adversa
713 1264 810 1313 fecit
823 1266 845 1300 ,9
872 1265 1064 1313 Equidem,
1082 1266 1114 1301 si
1139 1265 1237 1301 nobis
1255 1275 1334 1300 cum
1351 1262 1436 1299 urbe

313 1329 422 1365 simul
443 1331 569 1377 positae
588 1330 800 1377 traditaeque
821 1341 887 1377 per
904 1341 1033 1365 manus
1049 1331 1238 1377 religiones
1254 1328 1363 1365 nulloe
1379 1339 1432 1364 es-

313 1397 405 1434 sent,
435 1397 555 1429 tamen
584 1397 659 1429 tam
686 1394 826 1429 evidens
851 1405 981 1429 numen
1009 1393 1077 1430 hac
1103 1396 1311 1442 tempestate
1332 1391 1436 1429 rebus
1500 1410 1504 1411 ⁷

316 1454 440 1503 adfuit
459 1455 646 1499 Romanis,
672 1461 713 1492 ut
736 1468 873 1492 omnem
899 1457 1153 1504 negligentiam
1181 1457 1294 1492 divini
1320 1456 1436 1492 cultus

315 1524 491 1555 exemtam
527 1519 723 1555 hominibus
753 1524 893 1567 putem.
950 1520 1145 1556 Intuemini
1180 1521 1273 1556 enim
1308 1519 1435 1555 horum

315 1584 480 1631 deinceps
507 1596 679 1619 annorum
706 1584 763 1620 vel
788 1585 957 1621 secundas
982 1596 1051 1628 res,
1074 1585 1131 1620 vel
1158 1585 1323 1620 adversas
1337 1599 1349 1618 .-
1377 1583 1434 1618 in-

314 1649 461 1683 venietis
482 1649 603 1684 omnia
626 1660 796 1696 prospere
819 1649 968 1684 evenisse
987 1648 1208 1697 sequentibus
1226 1649 1339 1690 Deos,
1367 1647 1434 1683 ad-

314 1722 418 1747 versa
435 1712 686 1759 spernentibus.
741 1712 829 1748 Jam
854 1713 1012 1748 omnium
1031 1714 1189 1760 primum
1214 1712 1334 1747 Veiens
1362 1710 1436 1746 bel·

317 1773 394 1810 lum
413 1776 500 1823 (per
519 1780 604 1823 quot
621 1787 743 1818 annos,
765 1780 897 1824 quanto
917 1775 1034 1811 labore
1049 1780 1186 1824 gestum
1199 1775 1229 1821 J)
1260 1787 1332 1811 non
1353 1778 1438 1810 ante

316 1839 412 1885 cepit
426 1839 557 1887 finem,
588 1851 696 1886 quam.
722 1840 861 1874 monitu
878 1839 1042 1875 Deorum
1071 1851 1167 1887 aqua
1194 1850 1237 1874 ex
1264 1839 1344 1874 lacu
1365 1837 1434 1873 Al-

315 1899 407 1936 bano
432 1902 558 1937 emissa
582 1892 644 1938 est.
704 1902 802 1943 Quid
831 1901 903 1938 haee
928 1903 1072 1938 tandem
1096 1902 1192 1938 urbis
1212 1906 1340 1938 nostrae
1358 1901 1434 1937 cla-

317 1963 377 1999 des
400 1976 492 2000 nova
507 1966 529 2001 ,9
555 1977 641 2001 num
666 1970 749 2002 ante
773 1970 896 2002 exorta
917 1971 982 2009 est,
1003 1978 1112 2014 quam
1128 1970 1249 2014 spreta
1265 1977 1333 2002 vox
1350 1965 1435 2001 coelo
1475 2001 1479 2004 ,

317 2028 445 2063 emissa
472 2029 515 2064 de
542 2029 694 2064 adventu
729 2029 952 2065 Gallorum?
986 2041 1093 2076 quam
1119 2031 1278 2076 gentium
1300 2027 1363 2075 jus
1389 2027 1434 2064 ab

319 2091 446 2138 legatis
474 2094 600 2128 nostris
626 2093 797 2129 violatum
812 2095 834 2129 ,9
861 2105 970 2141 quam
997 2106 1021 2129 a
1047 2093 1158 2136 nobis,
1183 2105 1292 2141 quum
1318 2094 1459 2129 vincli--

318 2157 396 2190 cari
431 2156 579 2199 deberet,
616 2157 738 2193 eadem
774 2157 990 2205 negligentia
1021 2157 1185 2193 Deorum
1217 2158 1435 2205 praetermis·

316 2219 430 2253 sumt>
458 2219 576 2265 Igitur
600 2221 685 2256 victi
706 2222 872 2269 captique
898 2233 941 2257 ac
965 2221 1115 2257 redemti
1144 2224 1285 2256 tantum
1309 2231 1434 2268 poena·

316 2292 398 2318 rum
417 2281 504 2319 Diis
528 2282 790 2334 hominibusque
814 2285 987 2328 dedimus,
1006 2289 1047 2322 ut
1071 2289 1249 2322 terrarum
1272 2283 1346 2320 orbi
1366 2283 1430 2320 do-
