1573 2598
355 161 413 206 94
809 161 855 191 r.
883 161 1013 191 mvn

141 244 184 276 U·
200 245 237 275 C.
254 236 327 277 245·
350 251 452 289 sules
481 251 520 288 in
552 249 679 286 sedem
713 261 929 300 processere
956 261 1077 292 suam,
1106 248 1284 299 missique
1310 248 1460 288 lictores

138 288 233 320 A,c‚
251 294 324 325 ⁵⁰7⁵
353 316 402 353 ad
437 314 660 352 sumendum
695 313 920 365 supplicium
956 313 1118 350 nudatos
1147 313 1261 363 virgis
1297 315 1460 359 caedunt,

350 380 546 429 securique
564 378 730 415 feriunt:
762 391 878 428 quum
905 379 1004 415 inter
1025 391 1138 415 omne
1161 384 1310 429 tempus
1337 385 1458 429 pater,

349 443 564 493 vultusque,
598 449 637 479 et
669 455 711 479 os
746 441 840 493 ejuS,
874 442 1090 493 spectaculo
1125 449 1237 487 esset,
1270 443 1460 480 eminente

350 508 479 545 animo
498 507 622 558 patrio
641 507 739 542 inter
757 505 917 556 publicae
936 519 1060 557 poenae
1077 506 1339 543 ministerium.
1389 506 1458 543 Se-

347 572 512 609 cundum
547 583 701 622 poenam
731 571 964 614 nocentium,
997 577 1040 607 ut
1071 571 1111 608 in
1140 577 1338 621 utramque
1368 583 1455 622 par-

339 641 424 671 ‘tem
444 635 612 672 arcendis
632 633 832 671 sceleribus
849 634 1062 685 exemplum
1079 634 1208 671 nobile
1227 641 1338 678 esset,
1358 647 1455 685 prae-

337 700 464 736 'mium
492 699 621 743 indici,
647 699 808 749 pecunia
832 711 879 735 ex
898 699 1042 742 aerario,
1063 698 1216 735 libertas
1243 705 1282 736 et
1306 699 1453 743 civitas,

332 763 444 801 data.
500 763 570 800 Ille
598 764 761 814 primum
789 763 926 800 dicitur
943 763 1109 799 vindicta
1131 762 1337 800 liberatus:
1369 763 1452 812 qui-

333 828 428 865 ·dam
456 829 630 865 vindictae
662 841 811 878 quoque
837 841 978 865 nomen
1009 833 1172 864 tractum
1204 826 1251 864 ab
1283 826 1349 864 illo
1382 840 1452 878 pu-

331 898 450 939 fflant3
483 893 659 930 Vindicio
687 894 758 943 ipsi
787 905 926 930 nomen
954 892 1081 929 fuisse.
1137 892 1231 929 Post
1254 891 1358 928 illum
1380 891 1449 929 ob-

328 964 544 1001 ¹‘sel-vatum,
574 965 629 1001 ut,
659 958 722 1007 qui
752 958 806 994 ita
836 957 986 994 liberati
1018 963 1156 1001 essent,
1185 958 1225 993 in
1257 956 1449 994 civitatem

326 1023 485 1072 -accepti
503 1023 729 1059 viderentur.

118 1084 285 1125 Tarquinii
327 1098 335 1102 ’
392 1086 462 1123 VI.
499 1086 586 1129 His,
621 1087 719 1122 sicut
753 1091 840 1122 acta
875 1090 996 1128 erant,
1033 1085 1236 1128 nunciatis,
1273 1084 1447 1122 incensus

121 1128 327 1203 fiffffiffifno‘
337 1150 565 1200 Tarquinius
594 1164 672 1187 non
703 1151 832 1187 dolore
861 1150 982 1187 sohun
1006 1155 1123 1186 tantae
1146 1150 1193 1186 ad
1217 1150 1364 1186 irritum
1383 1162 1445 1186 ca·

322 1215 458 1251 'dentis
488 1216 580 1266 spei,
602 1216 665 1251 sed
695 1216 809 1252 etiam
838 1215 926 1251 odio
954 1216 1097 1263 iraque,
1127 1220 1327 1264 postquam
1355 1212 1445 1250 dolo

331 1280 433 1316 viam
452 1279 649 1330 obseptam
668 1279 774 1322 vidit,
797 1277 937 1314 bellum
966 1285 1095 1327 aperte
1124 1277 1355 1314 moliendum
1383 1291 1443 1314 ra·

322 1351 407 1388 ·tus,
438 1345 633 1380 circumire
665 1342 822 1393 supplex
852 1342 1014 1378 Etruriae
1048 1342 1157 1378 urbes
1175 1358 1185 1387 3
1221 1355 1329 1378 orare
1361 1355 1441 1379 ma-

330 1411 432 1446 xime
450 1409 627 1446 Veientes
656 1408 1036 1457 Tarquiniensesque,
1061 1420 1105 1443 ne
1130 1419 1166 1443 se
1193 1412 1322 1451 ortum,
1352 1407 1443 1455 effus-

330 1476 409 1511 dem
425 1475 618 1522 sanguinis,
638 1479 810 1509 extorrem
830 1477 986 1520 egentem
1004 1484 1045 1507 ex
1071 1477 1169 1508 tanto
1194 1473 1296 1508 modo
1315 1485 1440 1520 regno,

329 1550 409 1575 cum
431 1537 545 1573 liberis
565 1536 837 1573 adolescentibus
859 1540 942 1571 ante
967 1536 1085 1571 oculos
1110 1548 1188 1571 suos
1208 1538 1326 1583 perire
1351 1538 1440 1573 sine·-

311 1605 418 1636 ·rent.
472 1601 574 1636 Alios
605 1611 751 1647 peregre
784 1601 821 1635 in
847 1611 994 1647 regnum
1021 1598 1173 1634 Romam
1210 1600 1372 1635 adcitos:
1406 1610 1443 1634 se

327 1675 458 1710 regem,
488 1667 673 1709 augentem
701 1662 789 1697 bello
814 1662 1015 1697 Romanum
1044 1663 1242 1709 imperium,
1272 1674 1294 1697 a
1318 1663 1440 1710 prm-i-

306 1727 395 1762 -mis
413 1726 584 1762 scelerata
606 1723 845 1771 conjuratione
864 1726 1020 1774 pulsum.
1077 1725 1149 1761 Eos
1170 1727 1260 1761 inter
1282 1737 1334 1768 se,
1355 1727 1439 1774 quia

324 1800 426 1824 nemo
444 1800 535 1824 unus
550 1790 637 1824 satis
655 1789 782 1836 dignus
798 1799 904 1835 regno
920 1788 1014 1823 visus
1029 1788 1089 1830 sit,
1112 1792 1234 1836 partes
1254 1789 1352 1834 regni
1375 1799 1437 1823 ra-

319 1855 464 1902 puisse‚·
500 1853 590 1889 bona
622 1865 688 1890 sua
719 1853 920 1901 diripienda
944 1853 1079 1901 populo
1110 1854 1253 1895 dedisse,
1285 1865 1329 1889 ne
1359 1855 1437 1902 quis

304 1925 444 1963 ‘expers
465 1915 604 1950 sceleris
625 1920 723 1951 esset.
779 1915 945 1951 Patriam
972 1927 1008 1951 se
1031 1926 1244 1963 regnumque
1258 1927 1359 1951 suum
1378 1927 1434 1952 re-

320 1982 453 2025 petere,
474 1982 509 2013 et
528 1979 691 2026 persequi
715 1979 873 2025 ingratos
894 1978 982 2013 cives
997 1978 1095 2013 velle.
1151 1977 1293 2014 Ferrent
1318 1989 1433 2026 opem,

318 2038 558 2086 afim-arent,-
585 2052 667 2076 suas
695 2052 830 2088 quoque
855 2045 984 2077 veteres
1012 2039 1158 2087 injurias
1185 2040 1299 2076 ultum
1327 2041 1433 2084 irent,

299 2103 424 2138 *toties
451 2113 555 2137 caesas
582 2103 743 2150 legiones,
773 2115 899 2152 agrum
927 2104 1117 2140 ademtam.
1174 2101 1270 2139 Haec
1305 2114 1433 2140 move-

300 2172 412 2202 frunt
429 2165 633 2203 Veientes:
666 2180 709 2203 ac
738 2180 806 2218 pro
831 2180 870 2204 se
899 2169 1069 2218 quisque,
1092 2167 1272 2205 Romano
1297 2168 1430 2208 saltem

300 2228 428 2271 .duce,
458 2228 683 2277 ignominias
713 2229 926 2275 demendas,
957 2230 1130 2281 belloque
1160 2232 1296 2269 amissa
1323 2243 1429 2283 repe-

301 2293 453 2340 reuda,
466 2294 665 2333 minaciter
686 2293 862 2334 fremunt,
918 2295 1208 2350 Tarquinienses
1228 2309 1366 2337 nomen
1385 2310 1429 2337 ac
