1573 2598
321 133 376 176 26
772 149 818 178 T.
840 150 973 181 mvn

319 231 433 269 landa
460 239 555 277 erat,
581 233 710 270 eadem
736 237 918 285 equestris
951 250 1080 288 pugna
1108 251 1279 278 caussam
1305 243 1429 280 minus

318 296 528 334 mirabilem
555 298 658 335 dedit
674 313 682 334 :
715 306 752 336 et
771 313 899 350 quum,
920 301 1022 339 velut
1039 303 1138 339 inter
1156 317 1293 354 pugnae
1311 307 1430 357 fugae-

319 373 393 410 que
411 361 611 399 consilium
635 363 849 414 trepidante
868 367 1051 415 equitatu,
1072 368 1183 418 pedes
1204 382 1353 419 quoque
1373 384 1432 408 re-

318 423 434 462 ferret
451 427 623 475 gradum,
644 427 762 478 plenis
783 438 936 479 repente
955 433 1073 481 portis
1090 432 1194 469 effusi
1220 434 1350 471 hostes
1375 436 1434 472 in-

319 489 429 540 pulsa
446 490 624 528 Romana
642 493 735 535 acie,
757 493 882 529 studio
898 494 1065 531 instandi
1083 498 1338 547 sequendique
1355 504 1433 535 tra·

318 555 463 593 huntur
478 557 524 593 ad
540 557 666 593 locum
685 558 915 594 insidiarum.
951 559 1045 596 Inde
1063 561 1190 598 subito
1210 564 1332 599 exorti
1351 562 1433 600 Ro-

321 624 423 659 mani
441 631 689 659 transversam
711 623 893 660 invadunt
913 625 1080 663 hostium
1099 628 1230 664 aciem.
1276 628 1434 665 Addunt

320 699 499 738 pavorem
515 693 620 723 mota
637 699 658 722 e
675 688 805 723 castris
826 688 935 736 signa
954 701 1098 733 eorum,
1117 691 1180 739 qui
1200 692 1239 727 in
1258 693 1434 741 praesidio

319 750 442 788 relicti
474 751 651 788 fuerant:
692 752 747 787 ita
773 752 972 803 multiplici
1001 759 1145 791 terrore
1181 755 1342 805 perculsi
1370 755 1436 792 Fi-

318 816 490 860 riennes,
508 817 610 866 prius
639 829 736 866 pene
764 829 876 866 quam
901 816 1104 863 Romulus,
1126 820 1264 869 quique
1286 833 1371 856 cum
1390 833 1437 857 eo

321 881 426 930 equis
455 882 590 924 ierant,
615 882 913 930 circumagerent
934 882 1049 919 frenis
1076 896 1207 933 equos,
1227 890 1337 933 terga
1353 897 1436 921 ver-

318 952 433 983 tunt:
465 946 662 996 multoque
684 948 849 991 effusius,
875 949 1031 998 (quippe
1051 962 1138 986 vera
1165 949 1274 998 fuga)
1298 951 1362 1000 qui
1387 951 1436 986 si-

318 1010 508 1048 mulantes
538 1011 666 1063 paullo
691 1018 779 1048 ante
804 1013 923 1048 secuti
945 1018 1067 1056 erant,
1087 1013 1268 1063 oppidum
1291 1020 1437 1064 repete-

319 1073 437 1111 bant:
469 1087 547 1112 non
566 1082 695 1111 tamen
714 1075 883 1125 eripuere
908 1087 947 1111 se
969 1075 1094 1111 hosti:
1126 1077 1271 1112 haerens
1298 1077 1337 1112 in
1361 1084 1438 1113 ter-

322 1151 372 1188 ga
387 1137 602 1182 Romanus,
620 1139 725 1189 :prius
746 1151 859 1188 quam
880 1138 980 1176 fores
1004 1146 1199 1190 portarum
1225 1139 1437 1191 objiceren-

321 1209 398 1247 tur,
417 1203 690 1259 velut-agmine
709 1217 786 1241 uno
805 1204 1000 1255 inrumpit.

105 1269 250 1318 Bellum.
376 1265 466 1305 XV.
485 1267 584 1305 Belli
602 1268 795 1305 Fidenatis
816 1269 1045 1318 contagione
1066 1269 1202 1305 irritati
1222 1269 1439 1307 Veientium

105 1312 312 1388 {gffifsfflen‘
323 1331 440 1368 animi
469 1338 507 1368 et
535 1332 881 1382 consanguinitate,
913 1334 1022 1380 (nam
1053 1332 1254 1369 Fidenates
1288 1346 1438 1384 quoque

322 1397 476 1435 Etrusci
500 1397 670 1446 fuerunt)
699 1403 737 1434 et
765 1397 867 1446 quod
894 1397 977 1448 ipsa
1003 1397 1264 1448 propinquitas
1294 1397 1382 1442 loci,
1409 1398 1441 1434 si

325 1461 504 1499 Romana
525 1474 630 1498 arma
654 1460 830 1498 omnibus
852 1460 992 1497 infesta
1013 1461 1182 1498 finitimis
1212 1468 1350 1505 essent,
1372 1463 1438 1498 sti-

325 1525 510 1570 mulabat,
535 1527 574 1563 in
602 1526 694 1562 fines
722 1526 920 1563 Romanos
946 1533 1253 1569 excucurrerunt,
1279 1526 1440 1577 popula-

324 1591 444 1629 bundi
469 1592 604 1640 magis,
639 1603 752 1641 quam
773 1589 871 1641 justi
902 1603 1008 1627 more
1034 1589 1136 1626 belli.
1193 1589 1327 1640 Itaque
1362 1603 1442 1628 non

326 1657 460 1693 castris
497 1656 645 1707 positiS‚
682 1669 761 1692 non
798 1662 1018 1706 exspectato
1053 1655 1223 1691 hostium
1259 1656 1441 1699 exercitu,

328 1727 477 1772 raptam
503 1734 550 1758 ex
575 1722 675 1770 agris
704 1721 869 1771 praedam
894 1726 1105 1771 portantes,
1125 1719 1241 1756 Veios
1270 1720 1439 1756 rediere:

327 1782 527 1824 Romanus
545 1792 692 1830 contra,
711 1792 914 1836 postquam
935 1785 1086 1822 hostem
1104 1785 1144 1820 in
1163 1784 1263 1833 agris
1284 1797 1362 1821 non
1384 1784 1445 1821 in-

329 1853 446 1895 venit,
486 1851 722 1888 dimicationi
757 1850 900 1887 ultimae
942 1851 1148 1886 instructus
1185 1850 1442 1898 intentusque,

328 1904 500 1953 Tiberim
524 1916 687 1952 transit:
719 1928 831 1964 quem
854 1921 1056 1965 postquam
1082 1919 1205 1950 castra
1229 1925 1385 1964 ponere,
1405 1919 1446 1950 et

331 1981 380 2018 ad
411 1980 543 2018 urbem
571 1991 809 2017 accessurum
839 1979 1014 2016 Veientes
1045 1979 1249 2023 audivere3
1293 1978 1445 2017 obviam

331 2046 487 2095 egressi,
520 2051 563 2082 ut
595 2045 722 2095 potius
756 2045 837 2081 acie
869 2044 1127 2086 deoemerent,
1165 2056 1278 2093 quam
1310 2043 1444 2081 inclusi

333 2111 380 2148 de
395 2110 506 2147 tectis
531 2109 795 2158 moenibusque
816 2108 1050 2145 dimicarent.
1106 2107 1181 2151 Ibi,
1201 2108 1341 2145 viribus
1361 2108 1447 2146 nul-

331 2173 371 2211 la
384 2181 466 2212 arte
481 2172 634 2225 adjutiS‚
653 2179 803 2210 tantum
819 2172 987 2213 veterani
1008 2170 1147 2208 robore
1168 2172 1354 2208 exercitus
1380 2185 1447 2210 rex

332 2238 530 2276 Romanus
549 2238 640 2275 vicit
657 2252 664 2273 :
696 2242 989 2289 persecutusque
1009 2235 1114 2273 fusos
1140 2235 1187 2273 ad
1211 2236 1354 2273 moenia
1374 2237 1446 2273 ho-

330 2308 422 2348 stes,
442 2301 535 2340 urbe
548 2301 673 2340 valida
687 2301 802 2340 muris
819 2314 862 2338 ac
879 2300 955 2338 situ
974 2299 1056 2353 ipso
1074 2300 1222 2338 munita
1236 2300 1443 2338 abstinuit:
