1573 2598
312 136 399 178 424
724 156 727 157 γ
770 136 815 165 Τ.
838 136 970 166 mvn

118 233 163 265 U.
176 235 213 265 C.
230 240 304 270 870·
317 227 417 262 illius
441 226 568 272 glorioe
592 237 681 272 pars
706 227 822 262 virilis
849 228 947 274 apud
976 238 1094 262 omnes
1122 227 1254 263 milites
1278 229 1338 270 sit,
1363 229 1424 275 qui

117 278 159 309 Α·
175 278 212 308 C·
229 284 302 308 33²·
314 291 425 326 simul
442 290 592 325 vicerint
604 305 617 332 ς
645 301 717 325 szcoe
738 291 897 326 victoriae
914 291 1091 340 neminem
1111 293 1269 326 omnium
1287 296 1423 326 morta-

317 354 408 390 lium
437 354 572 389 socium
600 363 682 389 esse.
739 353 812 389 His
843 353 1088 403 opinionibus
1119 353 1250 390 inflato
1280 355 1436 396 animo„

315 419 362 454 ad
381 418 455 454 hoc
473 418 567 453 vitio
587 429 737 466 quoque
763 418 907 466 ingenii
936 417 1137 453 vehemens
1167 424 1205 454 et
1233 419 1424 468 inpotens,

287 508 289 511 .
313 490 518 535 postquam
538 483 637 518 inter
656 483 787 518 Patres
806 495 899 525 non,
921 488 1105 531 quantum
1128 494 1276 531 aequum
1295 493 1425 518 cense-

313 548 395 591 bat,
416 546 599 584 excellere
619 558 704 582 suas
725 558 814 596 opes
835 546 1102 582 animadvertit
1118 562 1128 591 3
1161 546 1324 596 primum
1343 555 1426 581 om-

314 612 419 648 nium
440 624 485 647 ex
501 610 678 646 Patribus
698 609 890 660 popularis
909 609 1047 652 factus,
1065 622 1149 645 cum
1169 609 1324 659 plebeiis
1345 616 1426 645 ma—'

316 674 537 723 gistratibus
561 672 720 709 consilia
748 673 1028 709 communicare
1044 689 1055 718 3
1088 672 1322 708 criminando
1351 672 1428 708 Pa-

315 744 407 781 tres,
428 736 640 773 adliciendo
660 736 707 772 ad
726 738 766 772 s'e
788 736 952 786 plebem,
975 735 1059 785 jam
1078 748 1182 778 aura,
1203 747 1280 785 non
1300 735 1435 774 consi-,

315 801 384 845 lio,
404 801 509 844 ferri,
529 800 714 848 famaeque
740 811 887 848 magnae
910 799 1036 842 malle,
1057 812 1170 848 quam
1188 799 1299 836 bonae
1319 811 1424 836 esse:

316 870 377 908 et,¹
404 876 487 900 non
521 868 724 898 contentus
758 863 915 910 agrariis
953 862 1116 910 legibus,
1150 875 1232 910 quae
1269 863 1429 898 materia

317 939 466 977 semper
490 926 653 962 tribunis
676 924 777 975 plebi
801 925 1030 961 seditionum
1049 925 1195 968 fuisset,
1216 925 1328 962 fidem
1345 938 1428 962 mo-

316 989 376 1026 liri
397 989 539 1039 coepit:
572 990 728 1025 acriores
756 990 887 1036 quippe
915 990 994 1024 oerz's
1018 989 1131 1024 alieni.
1157 990 1319 1025 stimulos
1343 989 1428 1032 esse}

317 1054 379 1102 qui
396 1065 467 1089 non
485 1057 677 1100 egestatem
703 1053 808 1088 modo
837 1056 946 1100 atque
973 1053 1208 1099 ignominiam
1233 1053 1428 1097 minentur,

316 1117 380 1153 sed
396 1128 505 1153 nervo
527 1128 571 1152 ac
592 1116 744 1151 vinculis
763 1127 890 1163 corpus
909 1115 1056 1150 liberum
1078 1117 1265 1152 territent:
1293 1122 1330 1152 et
1349 1122 1431 1152 erat

319 1181 401 1218 aeris
422 1180 535 1217 alieni
554 1193 695 1229 magna
713 1181 783 1224 vis,
804 1193 844 1216 re
863 1180 1151 1217 damnosissima
1170 1182 1284 1217 etiam
1303 1181 1429 1218 diviti-

319 1245 404 1289 bus,
425 1244 645 1281 aedificando
665 1250 873 1280 contracta.
916 1244 1066 1280 Bellum
1085 1245 1213 1293 itaque
1231 1245 1428 1288 Volscum,

321 1320 435 1357 grave
453 1320 520 1357 per
543 1320 596 1350 se,
617 1313 814 1344 oneratum
845 1307 1072 1343 Latinorum
1099 1312 1211 1356 atque
1239 1307 1431 1345 Hernico-‘-

320 1386 405 1410 rum
425 1373 651 1416 defectione,
674 1374 711 1408 in
729 1374 892 1423 speciem
909 1386 1049 1409 caussae
1066 1372 1268 1424 jactatum,
1291 1381 1331 1410 ut
1349 1386 1430 1412 ma*

315 1427 383 1487 jor
410 1442 580 1487 potestas
608 1443 850 1485 quaereretur.
907 1436 980 1472 Sed
999 1449 1098 1472 nova
1117 1437 1275 1474 consilia
1293 1436 1431 1474 Manlii

108 1516 147 1545 Α,
164 1514 284 1544 Come-
323 1501 443 1549 magis
464 1500 680 1550 compulere
700 1506 873 1535 senatum
903 1499 949 1535 ad
972 1500 1195 1536 dictatorem
1216 1502 1430 1539 creandum.

106 1556 302 1630 gssiaffgfsus
325 1564 484 1600 Creatus
521 1564 568 1599 A.
598 1563 797 1599 Cornelius
832 1563 972 1598 Cossus
1009 1563 1232 1611 magistrum
1264 1565 1432 1613 equitum

243 1622 250 1630 ’
324 1628 420 1664 dixit
439 1627 485 1664 T.
502 1628 727 1666 Quinctium
747 1626 1018 1676 Capitolinum.

379 1690 476 1727 XII.
505 1690 698 1733 Dictator,
730 1690 800 1725 etsi
825 1688 1009 1739 majorem
1034 1689 1316 1727 dimicationem
1344 1703 1434 1742 pro-

324 1755 489 1805 positam
518 1754 635 1796 domi,
666 1765 778 1802 quam
810 1752 917 1795 foris,
952 1752 1155 1798 cernebat3
1195 1762 1336 1797 tamen,
1367 1767 1433 1792 seu

325 1819 415 1867 qnia
434 1817 625 1854 celeritate
645 1817 692 1853 ad
710 1816 850 1853 bellum
871 1829 965 1866 opus
989 1822 1082 1859 erat,
1104 1829 1169 1853 sen
1188 1818 1346 1854 victoria
1364 1820 1432 1854 tri-

326 1882 543 1931 umphoque
572 1881 767 1917 dictaturae
794 1881 866 1930 ipsi
891 1881 987 1916 vires
1011 1893 1050 1916 se
1075 1881 1288 1917 additurum
1314 1890 1430 1925 ratus,

327 1945 476 1981 delectu
494 1945 627 1981 habito
654 1946 692 1980 in
719 1957 850 1993 agrum
871 1945 1130 1994 Pomptinum,
1151 1957 1226 1993 quo
1245 1958 1266 1981 a
1286 1945 1432 1982 Volscis

327 2008 534 2044 exercitum
558 2008 742 2043 indictum
769 2007 951 2049 audierat,
982 2008 1117 2055 pergit.
1174 2007 1264 2043 Nou
1285 2008 1433 2052 dubito,

327 2078 463 2122 praeter
483 2072 710 2114 satietatem,
738 2077 797 2107 tot
819 2070 901 2120 jam
929 2070 1033 2106 libris
1058 2071 1212 2107 adsidua
1231 2070 1329 2108 bella
1348 2085 1435 2110 cum

326 2134 475 2170 Volscis
502 2141 610 2183 gesta
633 2134 845 2183 legentibus
872 2133 962 2169 illud
983 2146 1131 2183 quoqne
1151 2133 1433 2180 subcnrsurum,

330 2193 447 2248 (quod
467 2201 561 2237 mihi
580 2201 815 2251 percensenti
836 2199 1032 2250 propiores
1048 2198 1280 2248 temporibus
1300 2199 1435 2235 harum

326 2276 452 2301 rerum
486 2271 660 2302 auctores
693 2264 876 2302 miraculo
909 2263 1000 2312 fuit)
1041 2263 1140 2300 unde
1177 2263 1289 2300 toties
1325 2263 1433 2303 victis
