1573 2598
309 162 394 213 468
765 172 811 204 τ.
834 173 969 205 mvn

120 263 211 296 U.C.
228 262 549 299 ass.exercituum
568 274 706 300 eaesum
723 267 861 314 torque
879 261 1072 312 spoliavit,
1097 267 1179 299 tum
1198 265 1421 313 pugnatamss

119 309 160 339 Α·
174 307 212 338 C'
229 313 491 363 ³⁶⁴·Pluribus
511 325 733 364 auctoribus
761 327 882 377 magis
912 326 1093 370 adducor,
1114 332 1156 362 ut
1174 326 1337 370 credam,
1357 327 1421 364 de-

316 401 398 426 cem
426 390 529 426 haud
557 390 681 427 minus
711 397 800 441 post
827 403 949 428 annos
980 403 1026 426 ea
1053 396 1162 427 acta:
1192 390 1267 426 hoc
1295 396 1423 428 autem

317 465 419 490 anno
437 454 475 491 in
496 454 650 492 Albano
674 467 768 504 agro
796 468 882 492 cum
909 454 1044 498 Gallis,
1072 454 1258 491 dictatore
1274 453 1332 491 M.
1348 454 1426 491 Fu-

317 518 388 562 rio,
419 519 528 567 signa
553 519 704 557 collata.
759 520 843 557 Nec
863 519 993 563 dubia,
1012 531 1082 555 nec
1101 517 1260 555 difficilis
1279 518 1426 556 Roma-

318 582 377 617 nis
410 584 652 632 (quamquam
682 584 877 633 ingentem
906 583 1008 621 Galli
1035 590 1218 620 terrorem
1246 582 1429 619 memoria

318 646 487 694 pristinae
508 646 624 683 cladis
644 646 877 694 adtulerant)
899 647 1057 683 victoria
1075 646 1148 682 fuit
1166 660 1173 681 :
1205 645 1325 682 multa
1342 644 1429 682 mil-

318 708 371 744 lia
398 709 647 747 barbarorum
674 712 714 747 in
743 712 838 755 acie,
862 710 983 747 multa
1005 711 1124 760 captis
1151 710 1282 746 castris
1301 722 1424 746 caesa:

320 773 436 822 palati
457 774 520 810 alii
542 774 722 825 Apuliam
747 776 910 811 maxime
933 781 1120 825 petentes,
1141 787 1256 823 quum
1277 773 1370 822 fuga
1387 785 1427 809 se

306 834 541 886 longinqua,
562 844 643 873 tum
664 838 764 886 quod
784 839 923 887 passim
939 850 1002 873 eos
1023 837 1134 873 simul
1153 849 1271 887 pavor
1287 844 1430 872 terror·

323 913 395 949 que
423 900 660 943 distulerant,
692 900 739 936 ab
768 901 879 936 hoste
905 913 985 937 sese
1011 901 1126 936 tutati
1149 905 1249 936 sunt.
1294 899 1430 935 Dicta-

339 965 409 1006 ori‚
437 977 623 1000 consensu
652 964 809 1000 Patrum
832 964 1043 1014 plebisque,
1066 963 1279 1013 triumphus
1300 962 1430 998 decre-

320 1036 394 1064 tus.
453 1027 615 1063 Vixdum
643 1027 885 1077 perfunctum
911 1041 996 1064 eum
1022 1027 1123 1064 bello
1143 1027 1309 1063 atrocior
1327 1025 1430 1062 domi

322 1091 458 1127 seditio
478 1091 649 1140 excepit:
683 1096 721 1126 et
749 1104 816 1141 per
845 1092 1015 1140 ingentia
1045 1091 1252 1127 certamina
1270 1089 1434 1126 dictator

102 1164 181 1197 ΒΜ
200 1165 300 1196 tiones
323 1161 551 1204 senatusque
579 1156 716 1199 victus,
743 1162 785 1191 ut
811 1156 1030 1205 rogationes
1056 1154 1267 1191 tribuniciae
1286 1155 1434 1204 accipe·

99 1208 311 1291 ἑὲξὲὲηὲωη
324 1225 478 1266 rentur3
511 1225 548 1256 et
568 1219 724 1256 comitia
742 1220 942 1256 consulum
968 1220 1124 1257 adversa
1145 1218 1344 1255 nobilitate
1363 1218 1432 1254 ha·

252 1275 261 1282 ⁸
317 1282 419 1327 bita,
440 1282 576 1332 quibus
600 1283 650 1320 L.
669 1283 819 1319 Sextius
839 1284 884 1320 de
906 1283 1017 1334 plebe
1042 1283 1182 1333 primus
1203 1281 1335 1318 consul
1353 1281 1433 1318 fac-

342 1359 397 1384 us.
453 1347 507 1383 Et
531 1360 580 1383 ne
608 1347 640 1383 is
666 1347 817 1397 quidem
841 1347 925 1384 finis
950 1348 1196 1384 certaminum
1215 1346 1313 1382 fuit:
1345 1346 1435 1395 quia

326 1411 475 1462 patricii
504 1424 544 1447 se
573 1418 745 1449 auctores
772 1411 921 1449 futuros
950 1412 1155 1461 negabant,
1175 1423 1294 1461 prope
1312 1422 1435 1446 seces·

342 1475 470 1511 ionem
499 1475 619 1525 plebis
648 1488 707 1512 res
736 1476 999 1526 terribilesque
1019 1476 1109 1512 alias
1128 1476 1249 1512 minas
1269 1474 1435 1511 civilium

327 1539 577 1575 certaminum
614 1539 742 1575 venit:
793 1552 909 1588 quum
945 1546 1073 1577 tamen
1108 1552 1178 1590 per
1211 1539 1434 1575 dictatorem

327 1602 609 1638 conditionibus
630 1602 767 1638 sedatae
787 1603 985 1640 discordiae
1011 1609 1112 1646 sunt,
1140 1614 1436 1651 concessumque

328 1665 374 1702 ab
393 1665 595 1703 nobilitate
613 1665 716 1716 plebi
735 1666 780 1703 de
800 1666 955 1703 consule
973 1665 1121 1717 plebeio
1135 1682 1145 1712 3
1178 1679 1198 1702 a
1226 1665 1337 1716 plebe
1362 1678 1436 1702 no-

326 1729 467 1766 bilitati
488 1730 534 1766 de
553 1735 716 1780 praetore
741 1742 840 1774 uno,
857 1731 923 1780 qui
941 1729 1007 1781 jus
1033 1731 1072 1767 in
1098 1730 1190 1766 urbe
1215 1730 1368 1774 diceret,
1390 1742 1437 1766 ex

327 1793 504 1831 Patribus
521 1795 697 1831 creando.
727 1794 790 1831 Ita
808 1794 855 1831 ab
873 1795 1022 1832 diutina
1039 1795 1096 1831 ira
1113 1795 1265 1831 tandem
1283 1794 1322 1830 in
1342 1806 1435 1830 con·

330 1858 496 1895 cordiam
515 1859 676 1895 redactis
704 1858 917 1904 ordinibus,
935 1872 1051 1908 quum
1073 1859 1224 1907 dignam
1248 1870 1330 1894 eam
1356 1871 1435 1894 rem

327 1927 480 1958 senatus
501 1928 671 1958 censeret
696 1935 793 1967 esse,
823 1924 1034 1972 meritoque
1053 1923 1104 1966 id,
1132 1923 1162 1958 si
1183 1922 1337 1971 quando·
1352 1934 1435 1958 um-

328 1997 441 2035 quam
470 1985 576 2030 alias‚
597 1985 724 2023 Deum
749 1986 1008 2023 inmortalium
1027 1998 1158 2022 caussa
1176 1985 1337 2021 libenter
1355 1985 1437 2022 fac-

327 2057 433 2086 turos
462 2049 558 2094 fore,
590 2056 632 2087 ut
660 2050 738 2087 ludi
767 2051 923 2087 maximi
947 2050 1095 2094 fierent,
1117 2056 1154 2086 et
1172 2049 1250 2086 dies
1270 2061 1366 2085 unus
1386 2049 1434 2086 ad

327 2115 494 2152 triduum
521 2114 770 2166 adjiceretur-5
802 2115 1068 2152 recusantibus
1092 2115 1131 2151 id
1158 2127 1293 2151 munus
1317 2114 1432 2151 aedili·

327 2178 397 2216 bus
426 2178 561 2230 plebis,
592 2179 872 2217 conclamatum
899 2192 922 2216 a
946 2179 1113 2229 patriciis
1133 2184 1190 2215 est
1211 2177 1434 2228 juvenibus,
1456 2205 1463 2210 -

327 2254 367 2279 se
397 2244 435 2279 id
467 2244 623 2281 honoris
652 2244 780 2282 Deum
811 2243 1069 2281 inmortalium
1102 2254 1234 2279 caussa
1269 2242 1436 2279 libenter

330 2312 492 2353 acturos,
524 2315 566 2346 ut
594 2309 718 2348 aediles
746 2309 891 2348 fierent.
947 2306 1095 2349 Quibus
1126 2319 1241 2359 quum
1269 2305 1317 2343 ab
1346 2305 1436 2343 uni·
