1573 2598
279 138 365 195 496
749 145 797 174 T.
822 144 956 175 mvn

280 242 428 291 inopes,
451 248 666 286 nexumque
690 235 864 272 inibant:
896 247 942 271 eo
967 246 1039 271 nec
1068 235 1251 285 patricios
1285 235 1398 273 ambo

282 304 469 346 consules,
490 313 613 351 neque
633 301 873 338 comitiorum
895 312 1038 343 curam,
1057 299 1257 350 publicave
1277 301 1403 338 studia

282 383 361 421 prae
379 367 534 419 privatis
556 365 804 402 incommodis
830 363 937 414 plebs
958 364 1004 401 ad
1031 365 1200 401 animum
1226 365 1404 402 admitte·
1427 379 1429 381 ¹

284 434 364 471 bat.
395 430 626 468 Consulatus
645 435 803 478 uterque
823 429 922 478 apud
942 429 1122 478 patricios
1138 435 1278 465 manet.
1299 429 1405 465 Con-

91 501 183 533 U-C·
202 506 276 532 402·
289 483 387 535 sules
415 496 530 533 creati
551 495 595 532 C.
617 493 804 543 Sulpicius
831 493 984 529 Peticus
1005 499 1195 543 quartum,
1214 493 1271 531 M.
1291 491 1407 530 Vale·

92 547 134 577 Α·
149 545 185 575 C‘
202 549 366 600 3‘'’O'rius
387 555 587 600 Publicola
611 559 760 598 iterum.
817 557 864 594 In
890 557 1031 594 bellum
1048 557 1254 594 Etruscum
1280 558 1407 594 inten-

290 635 369 666 tam
393 627 600 668 civitatem,
621 624 709 673 quia
737 623 915 659 Caeritem
940 623 1123 673 populum
1150 622 1410 660 misericordia

291 690 634 740 consanguinitatis
670 687 1010 738 Tarquiniensibus
1049 687 1272 738 adjunctum
1304 687 1408 725 fama

287 756 453 806 ferebat,
474 754 590 802 legati
614 753 746 789 Latini
773 753 819 788 ad
838 751 998 788 Volscos
1019 758 1253 796 convertere,
1273 753 1409 789 nunci-

296 826 419 864 antes,
441 819 649 855 exercitum
672 819 929 867 conscriptum
953 817 1310 868 armatumquejam
1335 820 1411 856 suis

300 884 441 922 finibus
453 882 638 919 inminere
650 896 657 917 ε
679 881 764 918 inde
775 882 1065 933 populabundos
1074 883 1111 918 in
1123 894 1255 931 agrum
1268 882 1412 920 Roma-

294 962 385 986 num
404 954 583 983 venturos
605 959 697 982 esse.
739 947 899 982 Censuit
920 947 1036 996 igitur
1052 952 1218 990 senatus,
1237 953 1412 985 neutram

293 1012 560 1063 negligendam
580 1023 658 1047 rem
679 1023 781 1047 esse:
805 1018 966 1060 utroque
981 1011 1150 1060 legiones
1171 1011 1299 1055 scribi,
1320 1025 1412 1050 con-

295 1078 468 1126 sulesque
489 1076 615 1112 sortiri
637 1076 852 1125 provincias
871 1075 999 1126 jussit.
1058 1075 1262 1113 Inclinavit
1279 1077 1414 1115 'deinde

295 1155 382 1194 pars
410 1140 533 1190 major
567 1153 665 1176 cura-v
702 1140 741 1176 in
774 1140 980 1176 Etruscum
1011 1141 1176 1186 bellum3
1209 1147 1412 1192 postquam

295 1206 414 1244 literis
436 1205 590 1255 Sulpicii
614 1204 795 1248 consulis,
817 1205 875 1241 cui
895 1205 1093 1254 Tarquinii
1113 1206 1309 1256 provincia
1327 1218 1413 1243 eve-

296 1276 420 1312 nerat,
443 1269 639 1318 cognitum
666 1274 736 1311 est,
758 1268 1030 1318 depopulatum
1056 1281 1188 1318 agrum
1208 1269 1307 1307 circa
1331 1269 1415 1307 Ro-

297 1346 428 1370 manas
459 1332 611 1375 salinas,
643 1331 855 1381 praedaeque
879 1338 1025 1382 partem
1049 1332 1086 1368 in
1114 1332 1295 1369 Caeritum
1321 1333 1414 1371 fines

299 1403 484 1439 avectam,
499 1402 535 1432 et
554 1395 655 1431 haud
675 1395 787 1431 dubie
800 1394 1043 1445 juventutem
1064 1395 1145 1446 ejus
1166 1397 1297 1446 populi
1315 1397 1415 1434 inter

299 1461 528 1512 praedatores
548 1460 676 1496 fuisse.
717 1459 852 1508 Itaque
871 1459 1065 1495 Valerium
1092 1461 1300 1504 consulem,
1322 1461 1415 1498 Vol-

299 1526 371 1561 scis
392 1524 624 1574 obpositum,
646 1529 843 1571 castraque
863 1523 910 1559 ad
929 1523 1041 1559 finem
1060 1523 1320 1561 Tusculanum
1345 1526 1413 1562 ha-

297 1589 466 1631 bentem,
496 1593 715 1624 revocatum
748 1587 834 1623 inde
863 1594 1015 1623 senatus
1042 1587 1267 1624 dictatorem
1292 1589 1416 1626 dicere

83 1666 125 1697 T.
139 1662 284 1694 Manlius
294 1653 423 1704 jussit.
470 1653 516 1688 T.
537 1651 727 1688 Manlium
756 1651 802 1688 L.
825 1651 942 1687 filium
962 1652 1069 1688 dixit.
1127 1651 1181 1695 Is,
1203 1665 1317 1701 quum
1343 1652 1415 1690 sibi

79 1709 223 1740 dictator.
301 1719 524 1768 magistrum
549 1716 718 1766 equitum
745 1717 792 1752 A.
813 1715 1033 1752 Cornelium
1060 1716 1221 1753 Cossum
1247 1717 1416 1761 dixisset,

301 1782 490 1820 consulari
510 1781 677 1817 exercitu
698 1786 915 1823 contentuS,
938 1794 982 1815 ex
1011 1781 1239 1818 auctoritate
1259 1781 1416 1818 Patrum

301 1860 344 1883 ac
365 1845 495 1897 populi
508 1845 620 1895 jussu
641 1844 844 1881 Caeritibus
865 1844 1006 1880 bellum
1028 1845 1175 1881 indixit.

353 1908 448 1946 XX.
477 1908 577 1945 Tum
606 1909 768 1957 primum
798 1908 970 1952 Caerites,
1001 1914 1194 1957 tamquam
1223 1909 1262 1944 in
1290 1909 1415 1946 verbis

300 1974 468 2010 hostium
497 1974 552 2009 vis
583 1972 705 2022 major
731 1973 777 2008 ad
803 1972 943 2009 bellum
973 1973 1276 2022 significandum,
1303 1986 1417 2022 quam

303 2039 341 2074 in
364 2038 440 2074 suis
469 2036 594 2077 factis,
626 2022 699 2085 qui
718 2048 785 2085 per
814 2036 1101 2086 populationem
1130 2036 1329 2074 Romanos
1359 2038 1415 2074 la-

303 2102 522 2145 cessierant,
543 2107 655 2144 esset,
677 2113 784 2137 verus
804 2100 893 2137 belli
913 2107 1034 2137 terror
1053 2101 1213 2137 invasit:
1237 2108 1288 2145 et,
1306 2115 1422 2152 quarn

304 2179 381 2202 non
409 2178 559 2202 suarum
586 2165 720 2201 virium
750 2177 793 2201 ea
825 2165 1020 2201 dimicatio
1054 2171 1166 2209 esset,
1198 2166 1420 2205 cernebant.

303 2229 597 2279 Poenitebatque
625 2228 898 2280 populationis,
925 2235 963 2266 et
987 2228 1281 2279 Tarquinienses
1312 2243 1420 2268 exse-

305 2293 510 2332 crabantur
535 2294 758 2332 defectionis
786 2300 983 2332 auctores:
1014 2306 1086 2333 nec
1112 2307 1230 2339 arma,
1249 2301 1315 2332 aut
1339 2293 1422 2333 bel-
