1573 2598
116 886 206 919 (Le.
222 893 299 920 389.

115 930 156 961 A.
170 930 207 962 C.
224 935 299 962 363.

119 1137 244 1169 Primus
260 1139 298 1168 de

118 1181 211 1221 plebe
225 1191 303 1212 con·

118 1224 182 1255 sul.

119 1291 235 1322 Praetor
250 1297 281 1321 et

118 1334 225 1365 aediles
241 1343 299 1364 cu-

119 1376 205 1407 rules
218 1377 282 1415 pri-

120 1428 217 1449 mum
239 1427 324 1449 crea-

120 1462 154 1492 ti.

492 442 556 494 T.
598 442 808 495 LIVII
857 441 1274 497 PATAVINI

720 607 914 644 LIBER
949 606 1038 644 VII.

709 757 1064 784 ...ψ-..-

442 886 609 925 NNUS
634 885 700 922 hic
729 883 800 920 erit
823 883 980 932 insignis
1002 885 1092 920 novi
1113 883 1278 921 hominis
1304 898 1445 923 consu-

450 953 544 995 latu,
561 949 719 998 insignis
739 948 846 984 novis
867 947 1013 984 duobus
1030 948 1329 997 magistratibus,
1346 962 1444 1000 prae-

331 1026 418 1057 tura
447 1023 485 1055 et
511 1013 631 1052 curuli
662 1011 852 1049 aedilitate.
909 1011 994 1048 Hos
1026 1011 1098 1048 sibi
1130 1013 1279 1062 patricii
1310 1015 1448 1063 quaesi-

331 1096 419 1120 vere
446 1082 610 1119 honores
639 1090 709 1128 pro
739 1088 921 1112 concesso
950 1075 1054 1125 plebi
1082 1075 1202 1112 altero
1232 1078 1448 1115 consulatu.

332 1145 466 1183 Plebes
505 1140 744 1179 consulatum
780 1139 826 1175 L.
858 1139 1004 1182 Sextio,
1043 1138 1148 1188 cujus
1189 1139 1273 1188 lege
1316 1149 1446 1191 partus

334 1216 428 1253 erat,
449 1207 569 1246 dedit:
604 1205 733 1241 Patres
754 1210 956 1253 praeturam
976 1203 1038 1253 Sp.
1059 1202 1176 1239 Furio
1195 1203 1249 1240 M.
1272 1204 1350 1241 filio
1370 1206 1450 1242 Ca·

333 1273 462 1318 millo;
503 1270 721 1307 aedilitatem
753 1267 823 1303 Cn.
851 1267 1034 1306 Quinctio
1069 1267 1290 1317 Capitolino
1327 1275 1364 1304 et
1397 1269 1444 1307 P.

336 1335 516 1374 Cornelio
561 1332 744 1382 Scipioni,
784 1343 936 1366 suarum
978 1332 1148 1379 gentium
1185 1333 1287 1375 viris,
1326 1334 1446 1382 gratia

336 1399 538 1451 campestri
566 1402 758 1447 ceperunt.
814 1395 861 1432 L.
883 1396 1012 1431 Sextio
1034 1395 1180 1444 collega
1203 1408 1248 1432 ex
1268 1396 1446 1434 Patribus

336 1466 444 1503 datus
466 1463 513 1501 L.
533 1461 711 1499 AEmilius
739 1460 1009 1495 Mamercinus.
1067 1460 1261 1510 Principio
1290 1462 1380 1498 anni
1409 1468 1446 1498 et

335 1530 380 1567 de
400 1528 534 1570 Gallis,
559 1537 653 1575 quos
680 1525 802 1573 primo
827 1523 973 1572 palatos
998 1536 1062 1573 per
1081 1524 1258 1573 Apuliam
1287 1538 1449 1574 congre·

336 1594 417 1643 gari
438 1592 522 1642 jam
550 1590 654 1626 fama
680 1594 775 1630 erat,
806 1594 843 1623 et
873 1588 918 1623 de
948 1588 1205 1623 Hernicorum
1235 1588 1447 1626 defectione

337 1658 482 1707 agitata
499 1654 657 1691 mentio.
714 1652 843 1691 Quum
863 1652 908 1687 de
930 1652 1114 1687 industria
1133 1653 1274 1695 omnia,
1291 1666 1338 1689 ne
1358 1654 1449 1702 quid

335 1734 403 1772 per
430 1719 621 1770 plebeium
649 1715 844 1752 consulem
874 1722 1062 1763 ageretur,
1093 1716 1365 1765 proferrentur,
1396 1719 1448 1754 si-

338 1784 497 1821 lentium
533 1781 704 1817 omnium
741 1792 866 1815 rerum
904 1792 947 1815 ac
978 1779 1132 1829 justitio
1170 1780 1291 1816 simile
1327 1783 1449 1818 otium

337 1847 433 1886 fuit:
473 1846 547 1882 nisi
575 1845 675 1894 quod
701 1856 780 1880 non
818 1843 1049 1893 patientibus
1082 1845 1241 1880 tacitum
1269 1845 1447 1889 tribunis,

339 1911 443 1960 quod
476 1921 546 1959 pro
574 1907 729 1944 consule
758 1920 835 1943 uno
864 1907 1012 1957 plebeio
1043 1914 1117 1943 tres
1155 1909 1333 1957 patricios
1368 1922 1449 1945 ma-

341 1975 534 2026 gistratuS,
577 1971 770 2007 curulibus
813 1971 912 2007 sellis
961 1978 1209 2021 praetextatos
1255 1980 1447 2021 tamquam

340 2038 512 2076 consules
541 2038 728 2080 sedentes,
757 2037 939 2073 nobilitas
968 2037 1037 2073 sibi
1074 2038 1279 2081 sumsisset,
1310 2046 1449 2088 praeto·

340 2115 421 2140 rem
440 2102 591 2151 quidem
608 2102 723 2138 etiam
740 2101 830 2152 jura
846 2102 1074 2144 reddentem,
1096 2108 1133 2138 et
1153 2101 1337 2151 collegam
1357 2116 1450 2140 con-

342 2167 501 2210 sulibus,
521 2173 634 2216 atque
660 2166 793 2202 iisdem
822 2167 996 2216 auspiciis
1021 2173 1201 2209 creatum,
1226 2167 1450 2205 verecundia

341 2230 429 2266 inde
447 2231 613 2281 inposita
630 2236 686 2267 est
705 2231 852 2267 senatui
875 2243 919 2266 cx
940 2230 1115 2267 Patribus
1139 2230 1300 2280 jubendi
1324 2231 1448 2268 aediles

344 2292 491 2332 curules
525 2295 667 2332 creari:
706 2295 846 2346 primo,
876 2300 918 2331 ut
945 2293 1099 2332 alteruis
1129 2295 1237 2333 annis
1267 2307 1313 2332 ex
1340 2293 1460 2346 plebe-
