1573 2598
106 279 266 333 inpubes
302 278 462 316 dicitur·
503 276 606 327 quod
639 280 679 312 et
709 273 919 325 virginitati
954 273 1146 319 decorum,
1182 280 1223 313 et
1236 272 1277 304 U.
1293 272 1331 304 C.
1345 277 1420 306 246.

104 357 292 384 consensu
310 342 484 381 obsidum
508 341 677 392 ipsorum
697 339 897 392 probabile
915 349 1009 385 erat,
1026 352 1112 378 eam
1131 347 1222 379 aeta-
1233 318 1277 349 A'
1290 316 1327 348 ε’
1345 321 1418 350 ⁵⁰⁵⁹

103 417 181 447 tem
207 407 445 460 potissimum
466 403 619 442 liberari
644 403 692 441 ab
719 404 845 448 hoste,
868 418 951 454 quae
970 405 1133 442 maxime
1151 417 1222 457 op-

102 480 268 525 portuna
296 471 442 522 injuriae
468 476 579 507 esset.
634 468 734 506 Pace
760 469 1029 519 redintegrata,
1052 468 1223 507 Romani

102 549 240 574 novam
259 536 298 572 in
316 534 458 571 femina
475 533 654 569 virtutem
673 545 775 570 novo
795 545 931 582 genere
950 533 1122 578 honoris,
1142 540 1221 571 sta·

102 608 169 638 tua
200 598 378 650 equestri,
411 597 623 634 donavere:
660 596 698 632 in
729 608 876 633 summa
906 597 1023 634 Sacra
1055 597 1116 635 via
1145 597 1221 635 fuit

103 665 229 717 posita
246 663 353 712 virgo
373 661 538 698 insidens
558 673 669 710 equo.

155 726 268 765 XIV.
297 725 400 763 Huic
418 731 497 762 tam
522 731 667 775 pacatae
686 723 916 775 profectioni
937 723 985 760 ab
1005 723 1099 761 urbe
1118 725 1219 774 regis

102 791 256 830 Etrusci
285 789 493 826 abhorrens
518 801 617 832 mos,
642 788 803 824 traditus
830 786 878 824 ab
898 787 1080 837 antiquis,
1100 799 1221 837 usque

103 856 151 893 ad
185 860 357 893 nostram
386 859 538 890 aetatem
573 853 673 889 inter
702 858 828 889 cetera
855 851 1056 889 sollemnia
1088 857 1220 890 manet

102 920 213 958 bonis
232 918 452 962 vendendis,
471 918 576 954 bona
594 917 772 954 Porsenae
791 917 890 966 regis
910 917 1109 955 vendendi.
1140 917 1218 954 Cu·

96 983 162 1035 jus
191 984 379 1033 originem
405 983 540 1026 moris,
568 994 722 1019 necesse
751 987 823 1025 est,
853 987 919 1018 aut
947 982 1048 1018 inter
1075 980 1218 1019 bellum

103 1056 232 1087 natam
251 1061 346 1092 esse,
365 1060 488 1099 neque
514 1047 693 1084 omissam
718 1047 758 1083 in
786 1060 879 1098 pace
894 1063 905 1093 3
937 1054 1005 1084 aut
1024 1061 1047 1084 a
1065 1046 1219 1084 mitiore

104 1113 265 1150 crevisse
282 1112 484 1163 principio,
504 1124 618 1161 quam
638 1111 702 1148 hic
724 1123 800 1161 prae
820 1124 859 1147 se
878 1111 976 1148 ferat
994 1110 1128 1148 titulus
1147 1110 1218 1148 bo-

100 1190 152 1217 na
178 1176 370 1214 hostiliter
387 1176 587 1213 vendendi.
641 1175 864 1213 Proximum
882 1188 973 1212 vero
999 1181 1056 1212 est
1081 1188 1127 1212 ex
1156 1175 1218 1220 iis,

101 1254 184 1291 quae
201 1241 417 1284 traduntur,
438 1239 661 1283 Porsenam,
682 1240 939 1276 discedentem
958 1239 1004 1275 ab
1021 1239 1047 1275 J
1049 1238 1216 1283 aniculo,

102 1312 227 1343 castra
251 1304 447 1356 opulenta,
471 1309 656 1341 convecto
680 1316 728 1341 ex
756 1305 979 1355 propinquis
1008 1316 1053 1340 ac
1080 1302 1219 1340 fertili·

100 1370 171 1406 bus
199 1368 363 1406 Etruriae
399 1368 497 1404 arvis
527 1374 756 1411 commeatu,
785 1366 973 1405 Romanis
1012 1367 1116 1403 dono
1152 1367 1231 1404 de-

99 1434 211 1478 disse,
231 1432 341 1484 inopi
367 1438 450 1468 tum
479 1431 571 1468 urbe
600 1431 648 1469 ab
677 1431 890 1483 longinqua
914 1432 1142 1469 obsidione:
1173 1444 1220 1469 ea

99 1497 248 1541 deinde,
285 1509 335 1533 ne
365 1495 509 1547 populo
542 1496 701 1532 inmisso
732 1496 984 1547 diriperentur
1011 1494 1232 1542 hostiliter,

98 1564 259 1607 venisse,
288 1561 468 1612 bonaque
497 1561 678 1598 Porsenae
710 1561 913 1612 adpellata,
942 1563 1106 1611 gratiam
1133 1573 1219 1599 mu·

98 1629 198 1666 neris
217 1628 338 1676 magis
358 1625 598 1676 significante
615 1625 746 1670 titulo,
765 1638 880 1675 quam
899 1627 1118 1663 auctionem
1136 1625 1219 1663 for·
1248 1615 1254 1619 *⁷

98 1697 202 1730 tunae
229 1691 359 1740 regiae,
388 1703 472 1741 quae
499 1703 549 1727 ne
576 1691 617 1727 in
645 1697 876 1741 potestatem
904 1691 1057 1741 quidem
1085 1689 1219 1741 populi

98 1755 268 1793 Romani
287 1761 398 1792 esset.
452 1754 607 1792 Omisso
625 1753 806 1791 Romano
824 1754 942 1799 bello,
963 1755 1147 1799 Porsena,
1167 1766 1220 1792 ue

96 1820 239 1858 frustra
263 1819 303 1856 in
322 1832 367 1857 ea
390 1819 477 1857 loca
494 1819 681 1857 exercitus
702 1819 884 1856 adductus
903 1819 1108 1862 videretur,
1128 1830 1218 1857 cum

96 1890 204 1937 parte
232 1884 428 1936 copiarum
456 1883 576 1921 filium
603 1883 791 1920 Aruntem
815 1882 986 1919 Ariciam
1014 1881 1233 1933 obpugnat

97 1955 179 1986 tum
206 1948 338 1986 mittit.
393 1947 524 1985 Primo
543 1947 720 1984 Aricinos
747 1959 805 1983 res
825 1946 1056 1996 necopinata
1079 1957 1216 1996 percu·

94 2011 191 2050 lerat
208 2026 216 2049 ε
249 2012 429 2049 arcessita
447 2011 582 2048 deinde
601 2010 756 2055 auxilia,
777 2015 815 2047 et
835 2023 858 2047 a
874 2009 1026 2046 Latinis
1045 2009 1213 2060 populis,

95 2083 136 2114 et
162 2089 185 2114 a
203 2076 349 2121 Cumis,
378 2082 529 2114 tantum
556 2076 637 2127 spei
664 2075 802 2119 fecere,
831 2080 874 2112 ut
902 2074 983 2111 acie
1011 2073 1231 2112 decen-nme

97 2140 291 2179 auderent.
345 2140 489 2179 Proelio
514 2141 626 2185 inito,
656 2140 752 2177 adeo
784 2140 979 2177 concitato
1008 2138 1140 2188 inpetu
1172 2148 1214 2175 se

95 2203 305 2241 intulerant
321 2204 489 2250 Etrusci,
509 2211 553 2242 ut
575 2203 779 2242 funderent
804 2204 889 2254 ipso
914 2204 1069 2239 incursu
1086 2198 1214 2238 Arici-

94 2279 179 2305 nos,
229 2267 416 2306 Cumanae
435 2269 628 2313 cohortes,
649 2274 730 2305 arte
748 2267 925 2305 adversus
941 2266 1018 2303 vim
1035 2277 1127 2309 usae,
1140 2262 1229 2301 .de-›
1247 2258 1253 2265 ⁴

95 2331 281 2372 clinavere
298 2333 507 2387 paullulum
517 2350 532 2385 5
562 2334 753 2385 effuseque
771 2332 948 2387 praelatos
967 2330 1099 2371 hostes
1118 2340 1213 2369 con·

609 2397 700 2438 Fs

0 0 8 456 Ι
395 189 550 220 mmm
575 187 636 218 ιι.
668 185 777 217 οΑΡ.
799 185 906 218 xxv.
1143 180 1231 230 ως
