<?xml version="1.0" encoding="UTF-8"?>
<!DOCTYPE html PUBLIC "-//W3C//DTD XHTML 1.0 Transitional//EN"
    "http://www.w3.org/TR/xhtml1/DTD/xhtml1-transitional.dtd">
<html xmlns="http://www.w3.org/1999/xhtml" xml:lang="en" lang="en">
 <head>
  <title>
</title>
<meta http-equiv="Content-Type" content="text/html;charset=utf-8" />
  <meta name='ocr-system' content='tesseract 3.04.00' />
  <meta name='ocr-capabilities' content='ocr_page ocr_carea ocr_par ocr_line ocrx_word'/>
</head>
<body>
  <div class='ocr_page' id='page_1' title='image "./historiarumquaes01livyuoft/historiarumquaes01livyuoft_0146.png"; bbox 0 0 1573 2598; ppageno 0'>
   <div class='ocr_carea' id='block_1_1' title="bbox 330 180 988 236">
    <p class='ocr_par' dir='ltr' id='par_1_1' title="bbox 330 180 988 236">
     <span class='ocr_line' id='line_1_1' title="bbox 330 180 988 236; baseline 0 -14"><span class='ocrx_word' id='word_1_1' title='bbox 330 180 410 236; x_wconf 83' lang='lat'><strong>136</strong></span> <span class='ocrx_word' id='word_1_2' title='bbox 781 191 828 222; x_wconf 79' lang='grc' dir='ltr'><strong>τ.</strong></span> <span class='ocrx_word' id='word_1_3' title='bbox 853 192 988 223; x_wconf 76' lang='lat' dir='ltr'><strong>mvn</strong></span> 
     </span>
    </p>
   </div>
   <div class='ocr_carea' id='block_1_2' title="bbox 97 278 1442 2372">
    <p class='ocr_par' dir='ltr' id='par_1_2' title="bbox 97 278 1442 2372">
     <span class='ocr_line' id='line_1_2' title="bbox 110 278 1442 329; baseline 0.005 -15"><span class='ocrx_word' id='word_1_4' title='bbox 110 283 155 315; x_wconf 82' lang='lat' dir='ltr'><strong>U.</strong></span> <span class='ocrx_word' id='word_1_5' title='bbox 171 283 208 314; x_wconf 87' lang='lat' dir='ltr'><strong>C.</strong></span> <span class='ocrx_word' id='word_1_6' title='bbox 226 289 300 315; x_wconf 80' lang='lat'><strong>266.</strong></span> <span class='ocrx_word' id='word_1_7' title='bbox 326 281 417 324; x_wconf 88' lang='lat' dir='ltr'><strong>lani,</strong></span> <span class='ocrx_word' id='word_1_8' title='bbox 436 278 756 327; x_wconf 89' lang='lat' dir='ltr'>Volumniamque</span> <span class='ocrx_word' id='word_1_9' title='bbox 776 292 931 316; x_wconf 86' lang='lat' dir='ltr'><strong>uxorem</strong></span> <span class='ocrx_word' id='word_1_10' title='bbox 954 279 1169 329; x_wconf 82' lang='lat' dir='ltr'><strong>frequentes</strong></span> <span class='ocrx_word' id='word_1_11' title='bbox 1189 287 1338 321; x_wconf 68' lang='lat' dir='ltr'><strong>coeunt.</strong></span> <span class='ocrx_word' id='word_1_12' title='bbox 1395 282 1442 320; x_wconf 85' lang='lat' dir='ltr'><strong>Id</strong></span> 
     </span>
     <span class='ocr_line' id='line_1_3' title="bbox 108 327 1440 398; baseline 0.002 -17"><span class='ocrx_word' id='word_1_13' title='bbox 108 327 151 358; x_wconf 63' lang='grc' dir='ltr'><strong>Α·</strong></span> <span class='ocrx_word' id='word_1_14' title='bbox 168 327 205 357; x_wconf 74' lang='lat' dir='ltr'><strong>C·</strong></span> <span class='ocrx_word' id='word_1_15' title='bbox 222 333 296 359; x_wconf 80' lang='lat'>⁴⁸⁶·</span> <span class='ocrx_word' id='word_1_16' title='bbox 325 344 519 396; x_wconf 83' lang='lat' dir='ltr'><strong>publicum</strong></span> <span class='ocrx_word' id='word_1_17' title='bbox 541 340 754 385; x_wconf 86' lang='lat' dir='ltr'><strong>consilium,</strong></span> <span class='ocrx_word' id='word_1_18' title='bbox 784 355 831 379; x_wconf 90' lang='lat' dir='ltr'><strong>an</strong></span> <span class='ocrx_word' id='word_1_19' title='bbox 857 342 1050 380; x_wconf 90' lang='lat' dir='ltr'><strong>muliebris</strong></span> <span class='ocrx_word' id='word_1_20' title='bbox 1077 345 1192 381; x_wconf 91' lang='lat' dir='ltr'><strong>timor</strong></span> <span class='ocrx_word' id='word_1_21' title='bbox 1215 336 1343 390; x_wconf 82' lang='lat' dir='ltr'><strong>fuerit,</strong></span> <span class='ocrx_word' id='word_1_22' title='bbox 1372 359 1440 398; x_wconf 85' lang='lat' dir='ltr'><strong>pa-</strong></span> 
     </span>
     <span class='ocr_line' id='line_1_4' title="bbox 323 404 1440 460; baseline 0.002 -15"><span class='ocrx_word' id='word_1_23' title='bbox 323 420 407 445; x_wconf 89' lang='lat' dir='ltr'><strong>rum</strong></span> <span class='ocrx_word' id='word_1_24' title='bbox 435 405 600 443; x_wconf 86' lang='lat' dir='ltr'><strong>invenio.</strong></span> <span class='ocrx_word' id='word_1_25' title='bbox 654 404 851 442; x_wconf 82' lang='lat' dir='ltr'><strong>Pervicere</strong></span> <span class='ocrx_word' id='word_1_26' title='bbox 873 413 988 460; x_wconf 82' lang='lat' dir='ltr'><strong>certe,</strong></span> <span class='ocrx_word' id='word_1_27' title='bbox 1014 413 1057 443; x_wconf 91' lang='lat' dir='ltr'><strong>ut</strong></span> <span class='ocrx_word' id='word_1_28' title='bbox 1082 414 1119 443; x_wconf 88' lang='lat' dir='ltr'><strong>et</strong></span> <span class='ocrx_word' id='word_1_29' title='bbox 1139 408 1309 453; x_wconf 86' lang='lat' dir='ltr'><strong>Veturia,</strong></span> <span class='ocrx_word' id='word_1_30' title='bbox 1333 422 1440 459; x_wconf 87' lang='lat' dir='ltr'><strong>mag-</strong></span> 
     </span>
     <span class='ocr_line' id='line_1_5' title="bbox 322 468 1442 522; baseline 0.002 -13"><span class='ocrx_word' id='word_1_31' title='bbox 322 485 375 509; x_wconf 84' lang='lat' dir='ltr'><strong>no</strong></span> <span class='ocrx_word' id='word_1_32' title='bbox 399 477 494 507; x_wconf 88' lang='lat' dir='ltr'><strong>natu</strong></span> <span class='ocrx_word' id='word_1_33' title='bbox 517 468 667 512; x_wconf 84' lang='lat' dir='ltr'><strong>mulier,</strong></span> <span class='ocrx_word' id='word_1_34' title='bbox 689 475 727 505; x_wconf 85' lang='lat' dir='ltr'><strong>et</strong></span> <span class='ocrx_word' id='word_1_35' title='bbox 746 469 964 514; x_wconf 85' lang='lat' dir='ltr'><strong>Volumnia,</strong></span> <span class='ocrx_word' id='word_1_36' title='bbox 989 471 1082 508; x_wconf 84' lang='lat' dir='ltr'><strong>duos</strong></span> <span class='ocrx_word' id='word_1_37' title='bbox 1105 485 1240 522; x_wconf 88' lang='lat' dir='ltr'><strong>parvos</strong></span> <span class='ocrx_word' id='word_1_38' title='bbox 1267 486 1315 510; x_wconf 83' lang='lat' dir='ltr'><strong>ex</strong></span> <span class='ocrx_word' id='word_1_39' title='bbox 1331 473 1442 511; x_wconf 73' lang='lat' dir='ltr'><strong>Mar-</strong></span> 
     </span>
     <span class='ocr_line' id='line_1_6' title="bbox 323 533 1437 582; baseline 0.003 -10"><span class='ocrx_word' id='word_1_40' title='bbox 323 536 384 572; x_wconf 87' lang='lat' dir='ltr'><strong>cio</strong></span> <span class='ocrx_word' id='word_1_41' title='bbox 403 535 526 571; x_wconf 89' lang='lat' dir='ltr'><strong>ferens</strong></span> <span class='ocrx_word' id='word_1_42' title='bbox 549 533 661 577; x_wconf 85' lang='lat' dir='ltr'><strong>filios,</strong></span> <span class='ocrx_word' id='word_1_43' title='bbox 681 545 808 570; x_wconf 90' lang='lat' dir='ltr'><strong>secum</strong></span> <span class='ocrx_word' id='word_1_44' title='bbox 830 534 869 570; x_wconf 94' lang='lat' dir='ltr'><strong>in</strong></span> <span class='ocrx_word' id='word_1_45' title='bbox 895 541 1019 571; x_wconf 88' lang='lat' dir='ltr'><strong>castra</strong></span> <span class='ocrx_word' id='word_1_46' title='bbox 1040 535 1209 573; x_wconf 89' lang='lat' dir='ltr'><strong>hostium</strong></span> <span class='ocrx_word' id='word_1_47' title='bbox 1231 538 1353 575; x_wconf 87' lang='lat' dir='ltr'><strong>irent:</strong></span> <span class='ocrx_word' id='word_1_48' title='bbox 1385 544 1437 582; x_wconf 89' lang='lat' dir='ltr'><strong>et,</strong></span> 
     </span>
     <span class='ocr_line' id='line_1_7' title="bbox 322 597 1439 652; baseline 0.002 -16"><span class='ocrx_word' id='word_1_49' title='bbox 322 613 436 650; x_wconf 91' lang='lat' dir='ltr'><strong>quam</strong></span> <span class='ocrx_word' id='word_1_50' title='bbox 461 598 573 635; x_wconf 88' lang='lat' dir='ltr'><strong>armis</strong></span> <span class='ocrx_word' id='word_1_51' title='bbox 594 598 663 633; x_wconf 85' lang='lat' dir='ltr'><strong>viri</strong></span> <span class='ocrx_word' id='word_1_52' title='bbox 688 597 887 635; x_wconf 88' lang='lat' dir='ltr'><strong>defendere</strong></span> <span class='ocrx_word' id='word_1_53' title='bbox 911 598 1041 636; x_wconf 85' lang='lat' dir='ltr'><strong>urbem</strong></span> <span class='ocrx_word' id='word_1_54' title='bbox 1061 613 1138 637; x_wconf 90' lang='lat' dir='ltr'><strong>non</strong></span> <span class='ocrx_word' id='word_1_55' title='bbox 1163 608 1334 652; x_wconf 89' lang='lat' dir='ltr'><strong>possent,</strong></span> <span class='ocrx_word' id='word_1_56' title='bbox 1354 615 1439 638; x_wconf 90' lang='lat' dir='ltr'><strong>mu-</strong></span> 
     </span>
     <span class='ocr_line' id='line_1_8' title="bbox 319 661 1437 714; baseline 0.003 -14"><span class='ocrx_word' id='word_1_57' title='bbox 319 664 429 701; x_wconf 83' lang='lat' dir='ltr'><strong>lieres</strong></span> <span class='ocrx_word' id='word_1_58' title='bbox 448 661 621 714; x_wconf 86' lang='lat' dir='ltr'><strong>precibus</strong></span> <span class='ocrx_word' id='word_1_59' title='bbox 640 661 877 712; x_wconf 83' lang='lat' dir='ltr'><strong>lacrimisque</strong></span> <span class='ocrx_word' id='word_1_60' title='bbox 896 662 1152 702; x_wconf 83' lang='lat' dir='ltr'><strong>defenderent.</strong></span> <span class='ocrx_word' id='word_1_61' title='bbox 1211 665 1288 703; x_wconf 85' lang='lat' dir='ltr'><strong>Ubi</strong></span> <span class='ocrx_word' id='word_1_62' title='bbox 1308 666 1354 703; x_wconf 88' lang='lat' dir='ltr'><strong>ad</strong></span> <span class='ocrx_word' id='word_1_63' title='bbox 1374 679 1437 702; x_wconf 91' lang='lat' dir='ltr'><strong>ca-</strong></span> 
     </span>
     <span class='ocr_line' id='line_1_9' title="bbox 321 726 1437 776; baseline 0.003 -13"><span class='ocrx_word' id='word_1_64' title='bbox 321 734 401 764; x_wconf 77' lang='lat' dir='ltr'><strong>stra</strong></span> <span class='ocrx_word' id='word_1_65' title='bbox 427 733 581 763; x_wconf 85' lang='lat' dir='ltr'><strong>ventum</strong></span> <span class='ocrx_word' id='word_1_66' title='bbox 618 731 689 768; x_wconf 90' lang='lat' dir='ltr'><strong>est,</strong></span> <span class='ocrx_word' id='word_1_67' title='bbox 719 726 1015 776; x_wconf 84' lang='lat' dir='ltr'><strong>nunciatumque</strong></span> <span class='ocrx_word' id='word_1_68' title='bbox 1044 728 1267 772; x_wconf 92' lang='lat' dir='ltr'><strong>Coriolano,</strong></span> <span class='ocrx_word' id='word_1_69' title='bbox 1305 730 1437 766; x_wconf 87' lang='lat' dir='ltr'><strong>adesse</strong></span> 
     </span>
     <span class='ocr_line' id='line_1_10' title="bbox 321 789 1436 843; baseline 0.002 -16"><span class='ocrx_word' id='word_1_70' title='bbox 321 791 456 841; x_wconf 78' lang='lat' dir='ltr'><strong>ingens</strong></span> <span class='ocrx_word' id='word_1_71' title='bbox 475 789 675 826; x_wconf 89' lang='lat' dir='ltr'><strong>mulierum</strong></span> <span class='ocrx_word' id='word_1_72' title='bbox 693 802 844 838; x_wconf 87' lang='lat' dir='ltr'><strong>agmen,</strong></span> <span class='ocrx_word' id='word_1_73' title='bbox 864 790 903 826; x_wconf 90' lang='lat' dir='ltr'><strong>in</strong></span> <span class='ocrx_word' id='word_1_74' title='bbox 922 792 1045 840; x_wconf 91' lang='lat' dir='ltr'><strong>primo</strong></span> <span class='ocrx_word' id='word_1_75' title='bbox 1068 793 1127 839; x_wconf 91' lang='lat' dir='ltr'><strong>(ut</strong></span> <span class='ocrx_word' id='word_1_76' title='bbox 1149 793 1212 841; x_wconf 92' lang='lat' dir='ltr'><strong>qui</strong></span> <span class='ocrx_word' id='word_1_77' title='bbox 1241 805 1311 829; x_wconf 91' lang='lat' dir='ltr'><strong>nec</strong></span> <span class='ocrx_word' id='word_1_78' title='bbox 1339 793 1436 843; x_wconf 92' lang='lat' dir='ltr'><strong>pub-</strong></span> 
     </span>
     <span class='ocr_line' id='line_1_11' title="bbox 319 853 1436 904; baseline 0.002 -13"><span class='ocrx_word' id='word_1_79' title='bbox 319 853 394 892; x_wconf 90' lang='lat' dir='ltr'><strong>lica</strong></span> <span class='ocrx_word' id='word_1_80' title='bbox 420 853 620 904; x_wconf 86' lang='lat' dir='ltr'><strong>majestate</strong></span> <span class='ocrx_word' id='word_1_81' title='bbox 644 854 683 890; x_wconf 89' lang='lat' dir='ltr'><strong>in</strong></span> <span class='ocrx_word' id='word_1_82' title='bbox 708 853 858 902; x_wconf 83' lang='lat' dir='ltr'><strong>legatis,</strong></span> <span class='ocrx_word' id='word_1_83' title='bbox 884 867 955 890; x_wconf 91' lang='lat' dir='ltr'><strong>nec</strong></span> <span class='ocrx_word' id='word_1_84' title='bbox 980 856 1019 891; x_wconf 89' lang='lat' dir='ltr'><strong>in</strong></span> <span class='ocrx_word' id='word_1_85' title='bbox 1042 856 1300 893; x_wconf 84' lang='lat' dir='ltr'><strong>sacerdotibus</strong></span> <span class='ocrx_word' id='word_1_86' title='bbox 1325 863 1436 894; x_wconf 84' lang='lat' dir='ltr'><strong>tanta</strong></span> 
     </span>
     <span class='ocr_line' id='line_1_12' title="bbox 319 917 1434 968; baseline 0.001 -12"><span class='ocrx_word' id='word_1_87' title='bbox 319 919 457 956; x_wconf 87' lang='lat' dir='ltr'><strong>obfusa</strong></span> <span class='ocrx_word' id='word_1_88' title='bbox 481 917 600 954; x_wconf 85' lang='lat' dir='ltr'><strong>oculis</strong></span> <span class='ocrx_word' id='word_1_89' title='bbox 623 918 825 967; x_wconf 82' lang='lat' dir='ltr'><strong>animoque</strong></span> <span class='ocrx_word' id='word_1_90' title='bbox 847 918 1032 967; x_wconf 84' lang='lat' dir='ltr'><strong>religione</strong></span> <span class='ocrx_word' id='word_1_91' title='bbox 1054 927 1179 956; x_wconf 85' lang='lat' dir='ltr'><strong>motus</strong></span> <span class='ocrx_word' id='word_1_92' title='bbox 1201 922 1316 968; x_wconf 87' lang='lat' dir='ltr'><strong>esset)</strong></span> <span class='ocrx_word' id='word_1_93' title='bbox 1337 919 1434 957; x_wconf 84' lang='lat' dir='ltr'><strong>mul-</strong></span> 
     </span>
     <span class='ocr_line' id='line_1_13' title="bbox 317 981 1433 1022; baseline 0.001 -2"><span class='ocrx_word' id='word_1_94' title='bbox 317 990 360 1020; x_wconf 89' lang='lat' dir='ltr'><strong>to</strong></span> <span class='ocrx_word' id='word_1_95' title='bbox 397 983 626 1019; x_wconf 81' lang='lat' dir='ltr'><strong>obstinatior</strong></span> <span class='ocrx_word' id='word_1_96' title='bbox 665 981 840 1018; x_wconf 80' lang='lat' dir='ltr'><strong>adversus</strong></span> <span class='ocrx_word' id='word_1_97' title='bbox 884 981 1056 1019; x_wconf 84' lang='lat' dir='ltr'><strong>lacrimas</strong></span> <span class='ocrx_word' id='word_1_98' title='bbox 1102 984 1302 1020; x_wconf 86' lang='lat' dir='ltr'><strong>muliebres</strong></span> <span class='ocrx_word' id='word_1_99' title='bbox 1340 993 1433 1022; x_wconf 86' lang='lat' dir='ltr'><strong>erat.</strong></span> 
     </span>
     <span class='ocr_line' id='line_1_14' title="bbox 317 1041 1438 1096; baseline 0 -12"><span class='ocrx_word' id='word_1_100' title='bbox 317 1047 419 1084; x_wconf 88' lang='lat' dir='ltr'><strong>Dein</strong></span> <span class='ocrx_word' id='word_1_101' title='bbox 451 1044 694 1083; x_wconf 83' lang='lat' dir='ltr'><strong>familiarium</strong></span> <span class='ocrx_word' id='word_1_102' title='bbox 728 1046 894 1094; x_wconf 86' lang='lat' dir='ltr'><strong>quidam,</strong></span> <span class='ocrx_word' id='word_1_103' title='bbox 925 1047 989 1095; x_wconf 89' lang='lat' dir='ltr'><strong>qui</strong></span> <span class='ocrx_word' id='word_1_104' title='bbox 1026 1048 1213 1096; x_wconf 80' lang='lat' dir='ltr'><strong>insignem</strong></span> <span class='ocrx_word' id='word_1_105' title='bbox 1249 1041 1438 1084; x_wconf 46' lang='lat' dir='ltr'><strong>moestitia&#39;</strong></span> 
     </span>
     <span class='ocr_line' id='line_1_15' title="bbox 316 1110 1432 1157; baseline 0.002 -11"><span class='ocrx_word' id='word_1_106' title='bbox 316 1111 415 1147; x_wconf 86' lang='lat' dir='ltr'><strong>inter</strong></span> <span class='ocrx_word' id='word_1_107' title='bbox 434 1116 576 1145; x_wconf 83' lang='lat' dir='ltr'><strong>ceteras</strong></span> <span class='ocrx_word' id='word_1_108' title='bbox 600 1116 832 1157; x_wconf 80' lang='lat' dir='ltr'><strong>cognoverat</strong></span> <span class='ocrx_word' id='word_1_109' title='bbox 851 1110 1061 1153; x_wconf 86' lang='lat' dir='ltr'><strong>Veturiam,</strong></span> <span class='ocrx_word' id='word_1_110' title='bbox 1086 1112 1184 1148; x_wconf 87' lang='lat' dir='ltr'><strong>inter</strong></span> <span class='ocrx_word' id='word_1_111' title='bbox 1205 1125 1340 1148; x_wconf 86' lang='lat' dir='ltr'><strong>nurum</strong></span> <span class='ocrx_word' id='word_1_112' title='bbox 1365 1125 1432 1148; x_wconf 90' lang='lat' dir='ltr'><strong>ne-</strong></span> 
     </span>
     <span class='ocr_line' id='line_1_16' title="bbox 101 1173 1429 1224; baseline 0.001 -13"><span class='ocrx_word' id='word_1_113' title='bbox 101 1185 241 1220; x_wconf 78' lang='lat' dir='ltr'><strong>Veturiae</strong></span> <span class='ocrx_word' id='word_1_114' title='bbox 315 1181 500 1224; x_wconf 85' lang='lat' dir='ltr'><strong>potesque</strong></span> <span class='ocrx_word' id='word_1_115' title='bbox 528 1179 705 1215; x_wconf 84' lang='lat' dir='ltr'><strong>stantem,</strong></span> <span class='ocrx_word' id='word_1_116' title='bbox 727 1174 808 1210; x_wconf 80' lang='lat' dir='ltr'><strong>Nisi</strong></span> <span class='ocrx_word' id='word_1_117' title='bbox 828 1186 884 1210; x_wconf 86' lang='lat' dir='ltr'><strong>me</strong></span> <span class='ocrx_word' id='word_1_118' title='bbox 899 1173 1144 1222; x_wconf 77' lang='lat' dir='ltr'><strong>frustrantur,</strong></span> <span class='ocrx_word' id='word_1_119' title='bbox 1165 1175 1302 1224; x_wconf 85' lang='lat' dir='ltr'><strong>inquit,</strong></span> <span class='ocrx_word' id='word_1_120' title='bbox 1323 1177 1429 1219; x_wconf 85' lang='lat' dir='ltr'><strong>oculi,</strong></span> 
     </span>
     <span class='ocr_line' id='line_1_17' title="bbox 99 1231 1428 1306; baseline 0 -31"><span class='ocrx_word' id='word_1_121' title='bbox 99 1231 301 1306; x_wconf 48' lang='grc' dir='ltr'><strong>ἓῖῐξοὲῑιῖὲζ</strong></span> <span class='ocrx_word' id='word_1_122' title='bbox 314 1243 427 1275; x_wconf 82' lang='lat' dir='ltr'><strong>mater</strong></span> <span class='ocrx_word' id='word_1_123' title='bbox 459 1238 521 1273; x_wconf 83' lang='lat' dir='ltr'><strong>tibi</strong></span> <span class='ocrx_word' id='word_1_124' title='bbox 557 1235 750 1285; x_wconf 75' lang='lat' dir='ltr'><strong>conjuxque</strong></span> <span class='ocrx_word' id='word_1_125' title='bbox 784 1242 819 1273; x_wconf 87' lang='lat' dir='ltr'><strong>et</strong></span> <span class='ocrx_word' id='word_1_126' title='bbox 855 1238 954 1278; x_wconf 78' lang='lat' dir='ltr'><strong>liberi</strong></span> <span class='ocrx_word' id='word_1_127' title='bbox 988 1240 1129 1275; x_wconf 76' lang='lat' dir='ltr'><strong>adsunt.</strong></span> <span class='ocrx_word' id='word_1_128' title='bbox 1187 1238 1428 1283; x_wconf 85' lang='lat' dir='ltr'><strong>Coriolanus,</strong></span> 
     </span>
     <span class='ocr_line' id='line_1_18' title="bbox 97 1303 1428 1353; baseline 0.002 -15"><span class='ocrx_word' id='word_1_129' title='bbox 97 1317 209 1348; x_wconf 80' lang='lat' dir='ltr'><strong>oratio.</strong></span> <span class='ocrx_word' id='word_1_130' title='bbox 313 1315 433 1353; x_wconf 86' lang='lat' dir='ltr'><strong>prope</strong></span> <span class='ocrx_word' id='word_1_131' title='bbox 461 1310 501 1337; x_wconf 90' lang='lat' dir='ltr'><strong>ut</strong></span> <span class='ocrx_word' id='word_1_132' title='bbox 531 1313 659 1337; x_wconf 88' lang='lat' dir='ltr'><strong>amens</strong></span> <span class='ocrx_word' id='word_1_133' title='bbox 689 1307 967 1345; x_wconf 85' lang='lat' dir='ltr'><strong>consternatus,</strong></span> <span class='ocrx_word' id='word_1_134' title='bbox 998 1303 1045 1339; x_wconf 91' lang='lat' dir='ltr'><strong>ab</strong></span> <span class='ocrx_word' id='word_1_135' title='bbox 1083 1303 1170 1339; x_wconf 89' lang='lat' dir='ltr'><strong>sede</strong></span> <span class='ocrx_word' id='word_1_136' title='bbox 1208 1316 1276 1339; x_wconf 90' lang='lat' dir='ltr'><strong>sua</strong></span> <span class='ocrx_word' id='word_1_137' title='bbox 1311 1316 1428 1352; x_wconf 90' lang='lat' dir='ltr'><strong>quum</strong></span> 
     </span>
     <span class='ocr_line' id='line_1_19' title="bbox 311 1363 1427 1414; baseline -0.001 -11"><span class='ocrx_word' id='word_1_138' title='bbox 311 1366 429 1403; x_wconf 84' lang='lat' dir='ltr'><strong>ferret</strong></span> <span class='ocrx_word' id='word_1_139' title='bbox 455 1365 567 1401; x_wconf 78' lang='lat' dir='ltr'><strong>matri</strong></span> <span class='ocrx_word' id='word_1_140' title='bbox 594 1363 714 1400; x_wconf 79' lang='lat' dir='ltr'><strong>obviae</strong></span> <span class='ocrx_word' id='word_1_141' title='bbox 744 1364 997 1414; x_wconf 85' lang='lat' dir='ltr'><strong>complexum,</strong></span> <span class='ocrx_word' id='word_1_142' title='bbox 1024 1365 1158 1402; x_wconf 87' lang='lat' dir='ltr'><strong>mulier</strong></span> <span class='ocrx_word' id='word_1_143' title='bbox 1186 1367 1225 1402; x_wconf 90' lang='lat' dir='ltr'><strong>in</strong></span> <span class='ocrx_word' id='word_1_144' title='bbox 1255 1366 1350 1402; x_wconf 89' lang='lat' dir='ltr'><strong>iram</strong></span> <span class='ocrx_word' id='word_1_145' title='bbox 1380 1378 1427 1402; x_wconf 84' lang='lat' dir='ltr'><strong>ex</strong></span> 
     </span>
     <span class='ocr_line' id='line_1_20' title="bbox 311 1428 1426 1481; baseline -0.001 -14"><span class='ocrx_word' id='word_1_146' title='bbox 311 1429 484 1481; x_wconf 85' lang='lat' dir='ltr'><strong>precibus</strong></span> <span class='ocrx_word' id='word_1_147' title='bbox 514 1441 633 1471; x_wconf 69' lang='lat' dir='ltr'><strong>versa,</strong></span> <span class='ocrx_word' id='word_1_148' title='bbox 664 1428 762 1470; x_wconf 78' lang='lat' dir='ltr'><strong>Sine,</strong></span> <span class='ocrx_word' id='word_1_149' title='bbox 788 1431 999 1476; x_wconf 75' lang='lat' dir='ltr'><strong>priusquam</strong></span> <span class='ocrx_word' id='word_1_150' title='bbox 1031 1431 1250 1478; x_wconf 73' lang='lat' dir='ltr'><strong>complexum</strong></span> <span class='ocrx_word' id='word_1_151' title='bbox 1277 1431 1426 1479; x_wconf 85' lang='lat' dir='ltr'><strong>accipio,</strong></span> 
     </span>
     <span class='ocr_line' id='line_1_21' title="bbox 309 1492 1426 1541; baseline 0 -11"><span class='ocrx_word' id='word_1_152' title='bbox 309 1496 433 1537; x_wconf 68' lang='lat' dir='ltr'><strong>sciam,</strong></span> <span class='ocrx_word' id='word_1_153' title='bbox 460 1493 596 1541; x_wconf 83' lang='lat' dir='ltr'><strong>inquit,</strong></span> <span class='ocrx_word' id='word_1_154' title='bbox 619 1493 668 1528; x_wconf 83' lang='lat' dir='ltr'><strong>ad</strong></span> <span class='ocrx_word' id='word_1_155' title='bbox 690 1492 834 1534; x_wconf 78' lang='lat' dir='ltr'><strong>hostem,</strong></span> <span class='ocrx_word' id='word_1_156' title='bbox 855 1505 902 1528; x_wconf 78' lang='lat' dir='ltr'><strong>(m</strong></span> <span class='ocrx_word' id='word_1_157' title='bbox 920 1494 1112 1541; x_wconf 80' lang='lat' dir='ltr'><strong>aclfllium,</strong></span> <span class='ocrx_word' id='word_1_158' title='bbox 1132 1495 1312 1530; x_wconf 82' lang='lat' dir='ltr'><strong>venerim:</strong></span> <span class='ocrx_word' id='word_1_159' title='bbox 1339 1506 1426 1541; x_wconf 82' lang='lat' dir='ltr'><strong>cap-</strong></span> 
     </span>
     <span class='ocr_line' id='line_1_22' title="bbox 311 1557 1426 1605; baseline -0.001 -11"><span class='ocrx_word' id='word_1_160' title='bbox 311 1561 382 1595; x_wconf 75' lang='lat' dir='ltr'><strong>tiva</strong></span> <span class='ocrx_word' id='word_1_161' title='bbox 403 1562 579 1593; x_wconf 81' lang='lat' dir='ltr'><strong>mater-ne</strong></span> <span class='ocrx_word' id='word_1_162' title='bbox 600 1558 723 1592; x_wconf 79' lang='lat' dir='ltr'><strong>castris</strong></span> <span class='ocrx_word' id='word_1_163' title='bbox 748 1558 817 1592; x_wconf 68' lang='lat' dir='ltr'><strong>tuis</strong></span> <span class='ocrx_word' id='word_1_164' title='bbox 839 1558 906 1592; x_wconf 81' lang='lat' dir='ltr'><strong>sim</strong></span> <span class='ocrx_word' id='word_1_165' title='bbox 922 1558 944 1592; x_wconf 81' lang='lat'><strong>.9</strong></span> <span class='ocrx_word' id='word_1_166' title='bbox 976 1557 1016 1592; x_wconf 82' lang='lat' dir='ltr'><strong>ln</strong></span> <span class='ocrx_word' id='word_1_167' title='bbox 1044 1557 1108 1593; x_wconf 79' lang='lat' dir='ltr'><strong>hoc</strong></span> <span class='ocrx_word' id='word_1_168' title='bbox 1135 1569 1190 1592; x_wconf 85' lang='lat' dir='ltr'><strong>me</strong></span> <span class='ocrx_word' id='word_1_169' title='bbox 1218 1558 1325 1605; x_wconf 83' lang='lat' dir='ltr'><em>longa</em></span> <span class='ocrx_word' id='word_1_170' title='bbox 1350 1559 1426 1594; x_wconf 84' lang='lat' dir='ltr'><strong>vita</strong></span> 
     </span>
     <span class='ocr_line' id='line_1_23' title="bbox 308 1621 1425 1670; baseline -0.002 -11"><span class='ocrx_word' id='word_1_171' title='bbox 308 1627 342 1659; x_wconf 78' lang='lat' dir='ltr'><strong>et</strong></span> <span class='ocrx_word' id='word_1_172' title='bbox 366 1621 490 1670; x_wconf 72' lang='lat' dir='ltr'><strong>infelice</strong></span> <span class='ocrx_word' id='word_1_173' title='bbox 509 1625 645 1656; x_wconf 66' lang='lat' dir='ltr'><strong>senecta</strong></span> <span class='ocrx_word' id='word_1_174' title='bbox 671 1622 794 1663; x_wconf 74' lang='lat' dir='ltr'><strong>traxit,</strong></span> <span class='ocrx_word' id='word_1_175' title='bbox 824 1625 865 1655; x_wconf 81' lang='lat' dir='ltr'><strong>ut</strong></span> <span class='ocrx_word' id='word_1_176' title='bbox 891 1622 1044 1657; x_wconf 70' lang='lat' dir='ltr'><strong>exsulem</strong></span> <span class='ocrx_word' id='word_1_177' title='bbox 1067 1625 1112 1663; x_wconf 86' lang='lat' dir='ltr'><strong>te,</strong></span> <span class='ocrx_word' id='word_1_178' title='bbox 1145 1622 1269 1656; x_wconf 82' lang='lat' dir='ltr'><strong>deinde</strong></span> <span class='ocrx_word' id='word_1_179' title='bbox 1293 1621 1425 1657; x_wconf 72' lang='lat' dir='ltr'><strong>hostem</strong></span> 
     </span>
     <span class='ocr_line' id='line_1_24' title="bbox 306 1684 1424 1732; baseline -0.003 -9"><span class='ocrx_word' id='word_1_180' title='bbox 306 1688 459 1723; x_wconf 66' lang='lat' dir='ltr'><strong>uiderem</strong></span> <span class='ocrx_word' id='word_1_181' title='bbox 476 1687 497 1721; x_wconf 70' lang='grc'><strong>,9</strong></span> <span class='ocrx_word' id='word_1_182' title='bbox 525 1685 682 1721; x_wconf 73' lang='lat' dir='ltr'><strong>Potuisti</strong></span> <span class='ocrx_word' id='word_1_183' title='bbox 707 1684 877 1732; x_wconf 81' lang='lat' dir='ltr'><strong>populari</strong></span> <span class='ocrx_word' id='word_1_184' title='bbox 905 1684 996 1720; x_wconf 78' lang='lat' dir='ltr'><strong>hanc</strong></span> <span class='ocrx_word' id='word_1_185' title='bbox 1024 1689 1168 1726; x_wconf 80' lang='lat' dir='ltr'><strong>terram,</strong></span> <span class='ocrx_word' id='word_1_186' title='bbox 1199 1697 1275 1732; x_wconf 80' lang='lat' dir='ltr'><strong>quae</strong></span> <span class='ocrx_word' id='word_1_187' title='bbox 1303 1689 1337 1720; x_wconf 76' lang='lat' dir='ltr'><strong>te</strong></span> <span class='ocrx_word' id='word_1_188' title='bbox 1360 1697 1424 1732; x_wconf 86' lang='lat' dir='ltr'><strong>ge-</strong></span> 
     </span>
     <span class='ocr_line' id='line_1_25' title="bbox 306 1736 1426 1798; baseline -0.002 -12"><span class='ocrx_word' id='word_1_189' title='bbox 306 1752 386 1787; x_wconf 72' lang='lat' dir='ltr'><strong>nuit</strong></span> <span class='ocrx_word' id='word_1_190' title='bbox 413 1755 520 1798; x_wconf 79' lang='lat' dir='ltr'><strong>atque</strong></span> <span class='ocrx_word' id='word_1_191' title='bbox 544 1749 637 1784; x_wconf 79' lang='lat' dir='ltr'><strong>aluit</strong></span> <span class='ocrx_word' id='word_1_192' title='bbox 649 1750 670 1784; x_wconf 69' lang='grc' dir='ltr'><strong>ἶ)</strong></span> <span class='ocrx_word' id='word_1_193' title='bbox 697 1736 781 1784; x_wconf 64' lang='lat' dir='ltr'><strong>Nori</strong></span> <span class='ocrx_word' id='word_1_194' title='bbox 808 1748 884 1791; x_wconf 81' lang='lat' dir='ltr'><strong>tibi,</strong></span> <span class='ocrx_word' id='word_1_195' title='bbox 915 1750 1074 1796; x_wconf 78' lang='lat' dir='ltr'><strong>quamvis</strong></span> <span class='ocrx_word' id='word_1_196' title='bbox 1098 1748 1224 1798; x_wconf 66' lang='lat' dir='ltr'><strong>infesto</strong></span> <span class='ocrx_word' id='word_1_197' title='bbox 1249 1750 1367 1785; x_wconf 80' lang='lat' dir='ltr'><strong>animo</strong></span> <span class='ocrx_word' id='word_1_198' title='bbox 1390 1753 1426 1785; x_wconf 76' lang='lat' dir='ltr'><strong>et</strong></span> 
     </span>
     <span class='ocr_line' id='line_1_26' title="bbox 307 1813 1421 1862; baseline -0.001 -11"><span class='ocrx_word' id='word_1_199' title='bbox 307 1817 436 1852; x_wconf 77' lang='lat' dir='ltr'><strong>minaci</strong></span> <span class='ocrx_word' id='word_1_200' title='bbox 461 1825 682 1862; x_wconf 72' lang='lat' dir='ltr'><strong>perveneras,</strong></span> <span class='ocrx_word' id='word_1_201' title='bbox 711 1813 922 1860; x_wconf 79' lang='lat' dir='ltr'><strong>ingredienti</strong></span> <span class='ocrx_word' id='word_1_202' title='bbox 939 1813 1034 1861; x_wconf 73' lang='lat' dir='ltr'><strong>fines</strong></span> <span class='ocrx_word' id='word_1_203' title='bbox 1067 1815 1122 1849; x_wconf 86' lang='lat' dir='ltr'><strong>ira</strong></span> <span class='ocrx_word' id='word_1_204' title='bbox 1154 1814 1312 1849; x_wconf 75' lang='lat' dir='ltr'><strong>cecidit?</strong></span> <span class='ocrx_word' id='word_1_205' title='bbox 1337 1825 1421 1856; x_wconf 84' lang='lat' dir='ltr'><strong>non,</strong></span> 
     </span>
     <span class='ocr_line' id='line_1_27' title="bbox 304 1876 1421 1928; baseline -0.003 -13"><span class='ocrx_word' id='word_1_206' title='bbox 304 1892 410 1928; x_wconf 73' lang='lat' dir='ltr'><strong>quum</strong></span> <span class='ocrx_word' id='word_1_207' title='bbox 431 1880 465 1914; x_wconf 86' lang='lat' dir='ltr'><strong>in</strong></span> <span class='ocrx_word' id='word_1_208' title='bbox 486 1883 670 1925; x_wconf 69' lang='lat' dir='ltr'><strong>conspectu</strong></span> <span class='ocrx_word' id='word_1_209' title='bbox 688 1877 806 1914; x_wconf 84' lang='lat' dir='ltr'><em>Roma</em></span> <span class='ocrx_word' id='word_1_210' title='bbox 820 1876 916 1926; x_wconf 81' lang='lat' dir='ltr'><strong>fuit,</strong></span> <span class='ocrx_word' id='word_1_211' title='bbox 936 1879 1121 1920; x_wconf 80' lang='lat' dir='ltr'><strong>succurrit,</strong></span> <span class='ocrx_word' id='word_1_212' title='bbox 1142 1879 1236 1913; x_wconf 72' lang='lat' dir='ltr'><strong>intra</strong></span> <span class='ocrx_word' id='word_1_213' title='bbox 1255 1877 1320 1913; x_wconf 73' lang='lat' dir='ltr'><strong>illa</strong></span> <span class='ocrx_word' id='word_1_214' title='bbox 1337 1889 1421 1913; x_wconf 86' lang='lat' dir='ltr'><strong>moe-</strong></span> 
     </span>
     <span class='ocr_line' id='line_1_28' title="bbox 304 1939 1421 1989; baseline 0 -12"><span class='ocrx_word' id='word_1_215' title='bbox 304 1945 364 1978; x_wconf 75' lang='lat' dir='ltr'><strong>nia</strong></span> <span class='ocrx_word' id='word_1_216' title='bbox 384 1943 506 1977; x_wconf 80' lang='lat' dir='ltr'><strong>domus</strong></span> <span class='ocrx_word' id='word_1_217' title='bbox 530 1954 572 1977; x_wconf 82' lang='lat' dir='ltr'><strong>ac</strong></span> <span class='ocrx_word' id='word_1_218' title='bbox 596 1946 739 1989; x_wconf 70' lang='lat' dir='ltr'><strong>penates</strong></span> <span class='ocrx_word' id='word_1_219' title='bbox 764 1943 831 1976; x_wconf 83' lang='lat' dir='ltr'><strong>mei</strong></span> <span class='ocrx_word' id='word_1_220' title='bbox 853 1946 948 1982; x_wconf 83' lang='lat' dir='ltr'><strong>sunt,</strong></span> <span class='ocrx_word' id='word_1_221' title='bbox 977 1945 1106 1983; x_wconf 81' lang='lat' dir='ltr'><strong>mater,</strong></span> <span class='ocrx_word' id='word_1_222' title='bbox 1135 1939 1272 1986; x_wconf 76' lang='lat' dir='ltr'><strong>conjux,</strong></span> <span class='ocrx_word' id='word_1_223' title='bbox 1303 1941 1421 1977; x_wconf 76' lang='lat' dir='ltr'><strong>liberi·</strong></span> 
     </span>
     <span class='ocr_line' id='line_1_29' title="bbox 303 2004 1419 2053; baseline -0.001 -12"><span class='ocrx_word' id='word_1_224' title='bbox 303 2018 369 2053; x_wconf 77' lang='lat' dir='ltr'><strong>que</strong></span> <span class='ocrx_word' id='word_1_225' title='bbox 383 2007 403 2041; x_wconf 67' lang='grc'><em>2</em></span> <span class='ocrx_word' id='word_1_226' title='bbox 433 2006 529 2053; x_wconf 83' lang='lat' dir='ltr'><strong>Ergo</strong></span> <span class='ocrx_word' id='word_1_227' title='bbox 554 2017 616 2052; x_wconf 78' lang='lat' dir='ltr'><strong>ego</strong></span> <span class='ocrx_word' id='word_1_228' title='bbox 642 2006 707 2040; x_wconf 65' lang='lat' dir='ltr'><strong>nisi</strong></span> <span class='ocrx_word' id='word_1_229' title='bbox 726 2005 950 2052; x_wconf 81' lang='lat' dir='ltr'><strong>peperissem,</strong></span> <span class='ocrx_word' id='word_1_230' title='bbox 973 2004 1088 2039; x_wconf 80' lang='lat' dir='ltr'><strong>Roma</strong></span> <span class='ocrx_word' id='word_1_231' title='bbox 1107 2016 1175 2039; x_wconf 86' lang='lat' dir='ltr'><strong>non</strong></span> <span class='ocrx_word' id='word_1_232' title='bbox 1200 2004 1419 2052; x_wconf 71' lang='lat' dir='ltr'><strong>obpugnare-</strong></span> 
     </span>
     <span class='ocr_line' id='line_1_30' title="bbox 305 2067 1420 2116; baseline -0.001 -12"><span class='ocrx_word' id='word_1_233' title='bbox 305 2073 386 2111; x_wconf 67' lang='grc' dir='ltr'><em>τευ-,-</em></span> <span class='ocrx_word' id='word_1_234' title='bbox 414 2069 482 2103; x_wconf 80' lang='lat' dir='ltr'><strong>nisi</strong></span> <span class='ocrx_word' id='word_1_235' title='bbox 497 2068 621 2116; x_wconf 81' lang='lat' dir='ltr'><strong>filium</strong></span> <span class='ocrx_word' id='word_1_236' title='bbox 643 2067 816 2110; x_wconf 76' lang='lat' dir='ltr'><strong>haberem,</strong></span> <span class='ocrx_word' id='word_1_237' title='bbox 844 2067 953 2103; x_wconf 84' lang='lat' dir='ltr'><strong>libera</strong></span> <span class='ocrx_word' id='word_1_238' title='bbox 976 2068 1013 2102; x_wconf 82' lang='lat' dir='ltr'><strong>in</strong></span> <span class='ocrx_word' id='word_1_239' title='bbox 1039 2067 1148 2103; x_wconf 82' lang='lat' dir='ltr'><strong>libera</strong></span> <span class='ocrx_word' id='word_1_240' title='bbox 1171 2069 1298 2116; x_wconf 84' lang='lat' dir='ltr'><strong>patria</strong></span> <span class='ocrx_word' id='word_1_241' title='bbox 1323 2079 1420 2103; x_wconf 82' lang='lat' dir='ltr'><strong>mor-</strong></span> 
     </span>
     <span class='ocr_line' id='line_1_31' title="bbox 305 2131 1422 2182; baseline -0.002 -11"><span class='ocrx_word' id='word_1_242' title='bbox 305 2141 368 2171; x_wconf 70' lang='lat' dir='ltr'><strong>tua</strong></span> <span class='ocrx_word' id='word_1_243' title='bbox 395 2147 511 2170; x_wconf 83' lang='lat' dir='ltr'><strong>essem.</strong></span> <span class='ocrx_word' id='word_1_244' title='bbox 568 2134 640 2170; x_wconf 80' lang='lat' dir='ltr'><strong>Sed</strong></span> <span class='ocrx_word' id='word_1_245' title='bbox 667 2146 731 2180; x_wconf 80' lang='lat' dir='ltr'><strong>ego</strong></span> <span class='ocrx_word' id='word_1_246' title='bbox 754 2133 845 2169; x_wconf 81' lang='lat' dir='ltr'><strong>nihil</strong></span> <span class='ocrx_word' id='word_1_247' title='bbox 863 2131 946 2179; x_wconf 88' lang='lat' dir='ltr'><strong>jam</strong></span> <span class='ocrx_word' id='word_1_248' title='bbox 970 2135 1064 2180; x_wconf 73' lang='lat' dir='ltr'><strong>pati,</strong></span> <span class='ocrx_word' id='word_1_249' title='bbox 1094 2145 1157 2169; x_wconf 83' lang='lat' dir='ltr'><strong>nec</strong></span> <span class='ocrx_word' id='word_1_250' title='bbox 1187 2133 1249 2169; x_wconf 83' lang='lat' dir='ltr'><strong>tibi</strong></span> <span class='ocrx_word' id='word_1_251' title='bbox 1281 2134 1422 2182; x_wconf 76' lang='lat' dir='ltr'><strong>turpius</strong></span> 
     </span>
     <span class='ocr_line' id='line_1_32' title="bbox 303 2196 1418 2244; baseline 0.002 -13"><span class='ocrx_word' id='word_1_252' title='bbox 303 2209 411 2243; x_wconf 80' lang='lat' dir='ltr'><strong>quam</strong></span> <span class='ocrx_word' id='word_1_253' title='bbox 438 2196 526 2233; x_wconf 81' lang='lat' dir='ltr'><strong>mihi</strong></span> <span class='ocrx_word' id='word_1_254' title='bbox 553 2199 721 2239; x_wconf 72' lang='lat' dir='ltr'><strong>miserius,</strong></span> <span class='ocrx_word' id='word_1_255' title='bbox 749 2208 913 2244; x_wconf 72' lang='lat' dir='ltr'><strong>possum:</strong></span> <span class='ocrx_word' id='word_1_256' title='bbox 941 2207 1016 2238; x_wconf 82' lang='lat' dir='ltr'><strong>nec,</strong></span> <span class='ocrx_word' id='word_1_257' title='bbox 1045 2200 1088 2231; x_wconf 77' lang='lat' dir='ltr'><strong>ut</strong></span> <span class='ocrx_word' id='word_1_258' title='bbox 1113 2198 1180 2232; x_wconf 85' lang='lat' dir='ltr'><strong>sim</strong></span> <span class='ocrx_word' id='word_1_259' title='bbox 1206 2198 1418 2240; x_wconf 81' lang='lat' dir='ltr'><strong>miserrima,</strong></span> 
     </span>
     <span class='ocr_line' id='line_1_33' title="bbox 303 2261 1423 2311; baseline 0.002 -14"><span class='ocrx_word' id='word_1_260' title='bbox 303 2263 365 2297; x_wconf 80' lang='lat' dir='ltr'><strong>diu</strong></span> <span class='ocrx_word' id='word_1_261' title='bbox 383 2261 519 2310; x_wconf 80' lang='lat' dir='ltr'><strong>futura</strong></span> <span class='ocrx_word' id='word_1_262' title='bbox 544 2274 633 2298; x_wconf 82' lang='lat' dir='ltr'><strong>sum.</strong></span> <span class='ocrx_word' id='word_1_263' title='bbox 689 2262 752 2297; x_wconf 88' lang='lat' dir='ltr'><strong>De</strong></span> <span class='ocrx_word' id='word_1_264' title='bbox 776 2261 828 2297; x_wconf 75' lang='lat' dir='ltr'><strong>his</strong></span> <span class='ocrx_word' id='word_1_265' title='bbox 852 2261 1007 2297; x_wconf 84' lang='lat' dir='ltr'><strong>videris:</strong></span> <span class='ocrx_word' id='word_1_266' title='bbox 1035 2273 1132 2309; x_wconf 83' lang='lat' dir='ltr'><strong>quos,</strong></span> <span class='ocrx_word' id='word_1_267' title='bbox 1154 2263 1185 2298; x_wconf 86' lang='lat' dir='ltr'><strong>si</strong></span> <span class='ocrx_word' id='word_1_268' title='bbox 1201 2264 1334 2311; x_wconf 71' lang='lat' dir='ltr'><strong>pergis,</strong></span> <span class='ocrx_word' id='word_1_269' title='bbox 1354 2267 1423 2299; x_wconf 68' lang='lat' dir='ltr'><strong>aut</strong></span> 
     </span>
     <span class='ocr_line' id='line_1_34' title="bbox 301 2323 1418 2372; baseline 0.003 -13"><span class='ocrx_word' id='word_1_270' title='bbox 301 2326 484 2360; x_wconf 72' lang='lat' dir='ltr'><strong>inmatura</strong></span> <span class='ocrx_word' id='word_1_271' title='bbox 511 2337 613 2368; x_wconf 73' lang='lat' dir='ltr'><strong>mors,</strong></span> <span class='ocrx_word' id='word_1_272' title='bbox 637 2329 700 2360; x_wconf 76' lang='lat' dir='ltr'><strong>aut</strong></span> <span class='ocrx_word' id='word_1_273' title='bbox 730 2324 835 2372; x_wconf 80' lang='lat' dir='ltr'><em>longa</em></span> <span class='ocrx_word' id='word_1_274' title='bbox 857 2325 1003 2360; x_wconf 76' lang='lat' dir='ltr'><strong>servitus</strong></span> <span class='ocrx_word' id='word_1_275' title='bbox 1028 2328 1157 2361; x_wconf 75' lang='lat' dir='ltr'><strong>manet.</strong></span> <span class='ocrx_word' id='word_1_276' title='bbox 1214 2323 1325 2363; x_wconf 79' lang='lat' dir='ltr'><strong>Uxor</strong></span> <span class='ocrx_word' id='word_1_277' title='bbox 1351 2324 1418 2362; x_wconf 81' lang='lat' dir='ltr'><strong>de·</strong></span> 
     </span>
    </p>
   </div>
   <div class='ocr_carea' id='block_1_3' title="bbox 1534 0 1573 1668">
    <p class='ocr_par' dir='ltr' id='par_1_3' title="bbox 1534 0 1573 1668">
     <span class='ocr_line' id='line_1_35' title="bbox 1534 0 1573 1668; baseline 0 0"><span class='ocrx_word' id='word_1_278' title='bbox 1534 0 1573 1668; x_wconf 95' lang='lat' dir='ltr'><strong> </strong></span> 
     </span>
    </p>
   </div>
  </div>
 </body>
</html>
