1573 2598
416 153 571 182 LIBER
595 150 669 182 1v.
700 151 808 182 CAP.
831 153 914 182 xv.
1159 151 1240 197 279

128 241 205 278 dux
223 250 355 278 eorum
377 242 415 277 in
438 253 477 277 se
499 241 685 277 intentam
705 240 780 276 vim
808 241 907 277 tanti
936 241 1083 292 imperii
1109 255 1239 279 cerne-
1253 241 1296 271 U.
1310 241 1346 271 C·
1358 248 1435 274 316·

126 312 230 351 rent;
260 312 432 356 expertes
453 304 700 341 consiliorum
719 305 841 353 regni,
862 307 923 353 qui
943 307 1129 350 tumultus,
1147 285 1294 356 qaodA'
1308 285 1345 317 ε’
1360 292 1436 318 43⁶⁰

127 369 255 407 bellum
273 383 408 419 repens,
428 375 493 407 aut
512 371 739 406 dictatoriam
764 368 999 415 majestatem,
1020 375 1085 407 aut
1105 372 1239 412 Quinc-

127 434 215 470 tium
232 439 314 482 post
332 436 579 482 octogesimam
598 444 729 469 annam
743 438 914 469 rectorem
928 435 1130 482 reipublic-ce
1145 448 1241 484 qaae-

125 500 237 540 sisset,
258 490 493 546 rogitarent3
526 498 658 533 missus
680 497 726 533 ab
747 497 934 534 dictatore
955 498 1132 534 Servilius
1160 511 1240 536 ma-

125 561 243 609 gister
271 561 439 610 equitum
469 561 515 597 ad
543 560 729 603 Maelium,
756 561 867 597 Vocat
895 567 940 603 te,
965 562 1102 611 inquit,
1123 564 1239 599 dicta-

126 629 191 660 tor.
248 624 376 663 Quum
395 624 550 674 pavidus
572 623 648 667 ille,
667 626 754 672 qaid
771 626 888 667 vellet,
911 634 1094 674 qnaereret
1107 642 1117 672 3
1151 628 1237 663 Ser-

123 688 309 738 viliusque
334 701 493 725 caussam
517 690 701 725 dicendam
727 701 795 725 esse
817 696 1061 739 proponeret,
1089 693 1239 728 crimen-

125 765 203 801 que,
225 766 248 789 a
266 754 426 789 Minucio
445 755 604 789 delatum
623 755 671 789 ad
689 758 862 796 senatum,
885 755 1114 801 diluendum3
1146 762 1238 793 tunc
1252 759 1382 809 Maeli-us
1397 769 1453 792 oc-

123 815 274 852 Maelius
294 817 459 866 recipere
480 829 518 852 se
538 817 576 852 in
604 824 793 852 catervam
819 830 987 860 suorum,
1009 824 1047 854 et
1075 820 1239 869 primum
1251 805 1376 836 ‘mmm‘

126 881 441 931 circumspectans
478 881 741 929 tergiversari:
782 888 991 931 postremo,
1023 896 1138 932 quum
1172 885 1239 920 ad-

125 945 270 994 paritor
292 943 402 993 jussu
437 945 607 992 magistri
638 945 808 993 equitum
838 945 1005 988 duceret,
1038 954 1186 996 ereptus
1218 960 1240 983 a

126 1008 471 1049 circumstantibus,
501 1008 740 1057 fugiensque,
772 1009 883 1044 fidem
908 1009 1028 1058 plebis
1054 1010 1238 1047 Romanae

125 1071 337 1121 inplorare:
371 1077 407 1106 et
434 1071 597 1121 obprimi
627 1084 666 1107 se
700 1084 886 1108 consensu
910 1073 1067 1109 Patrum
1100 1074 1237 1118 dicere,

125 1135 227 1183 quod
258 1135 359 1184 plebi
391 1135 555 1183 benigne
584 1135 762 1172 fecisset:
795 1149 918 1179 orare,
953 1144 994 1172 nt
1021 1149 1133 1186 opem
1166 1139 1238 1175 sibi

125 1197 259 1234 ultimo
281 1199 321 1233 in
348 1198 561 1234 discrimine
586 1199 743 1242 ferrent,
764 1212 858 1235 neve
885 1207 973 1236 ante
995 1201 1125 1237 oculos
1150 1215 1238 1238 suos

123 1263 302 1298 trucidari
321 1263 499 1299 sinerent.
556 1263 652 1299 Haec
675 1277 760 1299 eum
779 1264 1051 1300 vociferantem
1081 1265 1237 1302 adsecu-

122 1332 182 1362 tus
203 1325 326 1361 Ahala
346 1326 523 1362 Servilius
547 1326 751 1363 obtruncat
769 1342 775 1362 :
808 1338 1075 1377 respersusque
1102 1342 1237 1365 cruore

124 1390 354 1433 obtruncati,
385 1391 545 1439 stipatus
575 1398 727 1428 caterva
758 1393 1006 1442 patriciorum
1033 1392 1234 1442 juvenum,

123 1455 299 1490 dictatori
328 1456 539 1498 renunciat,
566 1463 744 1492 vocatum
774 1457 821 1492 ad
851 1470 936 1492 eum
957 1456 1144 1500 Maelium,
1175 1470 1236 1494 re-

120 1518 230 1569 pulso
250 1518 464 1568 adparitore
485 1520 742 1557 concitantem
764 1519 1060 1564 multitudinem,
1079 1535 1253 1572 poenam,

120 1583 294 1618 meritam
322 1582 472 1619 habere.
527 1583 628 1619 Tum
657 1584 834 1627 dictator,
856 1585 980 1621 Macte
1000 1589 1144 1631 vir-tate,
1177 1589 1236 1625 in-

122 1646 217 1695 quit,
241 1646 279 1681 C.
301 1647 442 1689 Servili,
463 1652 548 1689 esto,
571 1648 719 1683 liberata
737 1649 930 1696 republica.

175 1709 264 1745 XV.
293 1709 328 1744 T
332 1709 606 1746 umuituantem
626 1711 760 1747 deinde
779 1711 1063 1749 multitudinem
1091 1714 1238 1752 incerta

123 1772 403 1808 existimatione
429 1772 521 1809 facti
548 1773 595 1809 ad
614 1774 839 1810 concionem
857 1775 985 1810 vocari
1007 1775 1124 1825 jussit
1138 1794 1148 1823 3
1182 1784 1233 1822 et,

122 1837 283 1873 Maeliam
301 1835 385 1883 jare
403 1850 540 1880 caesam,
569 1839 849 1887 pronunciavit,
873 1841 980 1875 etiam
998 1842 1027 1876 si
1046 1843 1145 1889 regni
1163 1844 1233 1879 cri·
1248 1850 1383 1883 Factum
1397 1856 1454 1886 de-

120 1903 214 1938 mine
238 1903 353 1938 insons
367 1902 510 1951 fuerit,-
541 1905 601 1952 qai
619 1909 762 1940 vocatas
779 1917 802 1940 a
820 1906 990 1951 magis-too
1008 1907 1165 1954 equitum
1184 1909 1233 1944 ad
1243 1894 1345 1968 sffodrn
1360 1896 1427 1929 dic-

121 1967 329 2003 dictatorem
347 1979 415 2002 non
434 1969 590 2003 venisset.
648 1968 695 2004 Se
716 1969 764 2004 acl
782 1981 939 2004 caussam
959 1972 1232 2018 cognoscendam

122 2032 333 2076 cortsedisse3
366 2043 436 2080 qua
458 2033 613 2079 cognita,
641 2032 844 2069 habirurum
862 2033 980 2081 flasse
998 2035 1165 2071 Maelium
1185 2038 1234 2072 si-

120 2095 239 2131 mitem
257 2108 388 2132 caussae
393 2095 598 2144 fortunam.
661 2097 740 2133 Vim
760 2103 963 2145 parantem,
985 2111 1028 2134 ne
1044 2098 1183 2146 judicio
1200 2112 1237 2136 se

123 2160 366 2201 committeret,
392 2161 427 2194 vi
448 2161 633 2195 coercitam
660 2172 754 2197 esse:
781 2173 844 2197 nec
867 2174 945 2198 cum
970 2174 1022 2204 εο,
1051 2167 1237 2210 tamquam

122 2233 202 2256 cum
224 2222 308 2264 cive,
328 2225 504 2270 agendam
521 2223 663 2271 faisse5
693 2227 754 2273 qui
774 2230 881 2262 natas
907 2228 942 2262 ὶη
969 2226 1075 2262 libero
1099 2228 1235 2275 populo

122 2286 214 2321 inter
222 2283 312 2332 jara
331 2288 500 2337 legesque,
521 2301 563 2326 ex
581 2303 652 2339 qua
670 2290 753 2327 urbe
771 2302 868 2339 reges
887 2296 1026 2328 exactos
1043 2293 1159 2336 sciret,
1175 2304 1236 2331 eo-
