1573 2598
77 247 121 278 U.
137 247 174 278 C.
190 251 264 277 316.

75 291 118 322 A.
134 290 171 322 C.
186 293 260 320 436.

290 148 374 192 280
741 160 786 188 τ.
811 159 944 189 mvn

291 248 438 295 demque
460 256 552 282 anno
575 246 703 281 sororis
718 245 819 294 filios
836 247 941 292 regis,
961 249 998 281 et
1025 244 1147 281 liberos
1175 249 1324 285 consulis
1352 249 1397 286 li-

291 311 459 347 beratoris
485 309 625 357 patriae,
648 313 794 356 propter
820 311 1019 357 pactionem
1047 310 1242 347 indicatam
1268 314 1400 360 recipi-

290 375 459 410 endorum
480 374 518 408 in
539 371 657 407 urbem
684 383 819 418 regum,
840 385 863 407 a
888 377 995 420 patre
1020 375 1135 408 securi
1161 385 1231 410 esse
1254 387 1398 422 percus-

289 450 370 480 sos,·
399 449 440 473 ex
460 448 532 484 qua
551 435 768 471 Collatinum
792 437 1024 484 Tarquinium
1050 438 1224 473 consulem
1247 440 1400 475 nominis

291 501 373 537 odio
401 500 566 536 abdicare
597 510 635 534 se
666 500 880 546 magistratu
916 505 1022 546 atque
1051 501 1210 536 exsulare
1233 500 1373 547 jussum
1388 517 1401 544 ,-

292 565 329 600 in
352 576 423 612 qua
449 565 492 599 cle
510 563 574 611 Sp.
593 562 724 605 Cassio,
742 568 823 610 post
848 564 984 611 aliquot
1005 576 1126 606 annos,
1147 570 1296 613 propter
1317 577 1400 601 con-

292 628 375 664 silia
394 628 484 662 inita
501 628 544 662 de
562 637 669 673 regno
691 627 903 674 supplicium
924 632 1076 662 sumtum
1091 644 1102 670 ,-
1133 629 1169 663 in
1195 640 1267 676 qua
1291 640 1403 676 nuper

294 692 506 728 decemviros
530 690 638 732 bonis,
659 691 792 732 exsilio,
813 692 928 738 capite
946 691 1116 726 multatos
1140 691 1180 726 ob
1204 691 1403 739 superbiam

292 755 441 802 regiam,
466 755 503 789 in
526 765 569 788 ea
588 753 651 801 Sp.
672 753 816 788 Maelius
838 765 935 800 spem
961 755 1061 800 regni
1089 755 1296 802 conceperit.
1351 755 1403 790 Et

294 819 372 866 quis
391 817 493 854 homo
508 818 530 852 ,9
557 828 772 864 quamquam
792 817 929 852 nullam
947 817 1179 859 nobilitatem,
1200 818 1314 853 nullos
1339 818 1403 854 ho-

292 893 405 922 nores,
437 880 540 916 nulla
567 881 695 914 merita
724 881 888 926 cuiquam
924 881 972 914 ad
1005 881 1280 918 dominationem
1308 893 1402 928 pan-

293 945 376 980 dere
401 945 522 985 viam3
549 944 610 978 sed
637 947 756 977 tamen
778 941 957 984 Claudios,
982 942 1130 984 Cassios,
1152 944 1401 987 consulatibus,

294 1005 594 1047 decemviratibus,
622 1006 693 1040 suis
724 1003 966 1052 majorumque
994 1005 1192 1048 honoribus,
1221 1007 1405 1053 splendore

283 1069 518 1119 familiarum
553 1069 730 1104 sustulisse
764 1069 913 1110 animos,
945 1081 1012 1116 quo
1039 1068 1141 1117 nefas
1165 1069 1310 1117 fuerit:
1338 1071 1403 1118 Sp.

296 1135 472 1176 Maelium,
496 1135 554 1169 cui
582 1133 781 1169 tribunatus
804 1134 917 1181 plebis
943 1137 1057 1182 magis
1084 1137 1272 1182 optandus,
1299 1148 1406 1184 quam

294 1199 501 1246 sperandus,
521 1195 655 1245 suerit,
674 1195 959 1244 frumentarium
984 1199 1140 1240 divitem,
1168 1198 1299 1234 bilibris
1314 1198 1405 1247 far-

294 1263 344 1297 ris
369 1271 524 1308 sperasse
552 1260 749 1296 libertatem
775 1272 810 1295 se
838 1262 965 1296 civium
993 1273 1137 1297 suorum
1161 1263 1292 1304 emisse,
1313 1262 1405 1298 cibo-

296 1336 363 1371 que
380 1322 571 1370 objiciendo
588 1327 707 1358 ratum
724 1324 890 1358 victorem
903 1323 1144 1371 finitimorum
1164 1326 1320 1360 omnium
1338 1337 1406 1373 po-

291 1387 420 1435 pulum
453 1387 489 1421 in
516 1387 719 1422 servitutem
739 1387 867 1434 perlici
890 1397 1015 1433 posse:
1044 1391 1097 1429 ut,
1132 1399 1235 1434 quem
1265 1393 1406 1424 senato-

294 1462 370 1486 rem
398 1461 610 1497 concoquere
638 1451 761 1486 civitas
788 1452 847 1486 vix·
871 1455 1001 1498 posset,
1035 1463 1152 1498 regem
1167 1450 1302 1499 ferret,
1329 1451 1406 1488 Ro-

295 1513 383 1548 muli
405 1514 609 1555 conditoris,
630 1513 674 1548 ab
692 1513 779 1548 Diis
797 1514 879 1555 orti,
899 1514 1032 1561 recepti
1052 1514 1102 1549 ad
1119 1514 1232 1556 Deos,
1255 1516 1407 1562 insignia

297 1582 403 1624 atque
422 1578 607 1624 imperium
628 1576 823 1627 habentem.
880 1577 963 1613 Non
983 1589 1052 1625 pro
1069 1578 1197 1614 scelere
1216 1579 1254 1614 id
1278 1580 1405 1626 magis,

298 1652 406 1688 quam
441 1652 507 1690 pro
535 1645 704 1684 monstro,
734 1641 942 1676 habendum.
999 1642 1076 1677 Nec
1109 1643 1196 1677 satis
1226 1653 1296 1678 esse
1325 1655 1408 1678 san-

296 1696 404 1752 guine
426 1702 499 1750 ejus
523 1706 717 1752 expiatum,
742 1706 808 1741 nisi
837 1709 931 1741 tecta
958 1707 1190 1753 parietesque,
1210 1708 1306 1742 intra
1333 1718 1410 1754 quae

301 1772 440 1803 tantum
459 1769 622 1804 amentiae
643 1772 846 1816 conceptum
871 1774 970 1811 esset,
991 1770 1271 1817 dissiparentum
1300 1770 1409 1806 bona-

299 1836 380 1879 que,
415 1836 578 1867 contacta
606 1833 733 1879 pretiis
763 1833 862 1879 regni
889 1833 1083 1875 mercandi,
1114 1832 1382 1880 publicarentur
1396 1850 1409 1869 .-

290 1892 416 1941 jubere
434 1895 565 1942 itaque,
587 1900 771 1941 quaestores
787 1896 937 1932 vendere
953 1907 996 1932 ea
1014 1895 1115 1938 bona,
1136 1901 1244 1944 atque
1261 1897 1298 1932 in
1316 1897 1410 1944 pub-

301 1959 405 1994 licum
425 1959 594 2006 redigere.

353 2021 465 2059 XVI.
493 2021 663 2058 Domum
688 2022 837 2065 deinde,
858 2028 899 2058 ut
928 2030 1176 2059 monumento
1198 2036 1286 2060 area
1310 2031 1416 2061 esset*

301 2085 490 2136 obpressae
526 2085 680 2122 nefariae
717 2086 811 2136 spei,
844 2086 942 2122 dirui
974 2087 1164 2137 extemplo
1189 2087 1332 2137 jussit:
1371 2088 1411 2125 id

302 2149 589 2197 AEquimaelium
620 2149 849 2199 adpellatum
882 2156 950 2186 est.
1006 2150 1052 2187 L.
1083 2151 1276 2187 Minucius
1313 2151 1411 2188 bove

303 2218 437 2261 aurato
464 2219 572 2250 extra
602 2219 752 2264 portam
779 2213 1039 2263 Trigeminam
1072 2222 1129 2251 est
1160 2215 1338 2260 donatus,
1363 2228 1412 2252 ne

303 2276 414 2328 plebe
443 2278 593 2328 quidem
629 2279 761 2332 invita,
791 2278 880 2329 quia
914 2278 1146 2317 frumentum
1173 2279 1410 2324 Maelianum,
