1573 2598
318 166 403 219 460
773 179 818 207 T.
841 178 973 209 mvn

314 266 388 304 >bus
424 266 514 305 fiat:
545 266 789 317 omniumque
826 280 954 305 earum
990 267 1234 317 rogationum
1270 266 1425 305 comitia

312 331 356 368 'in
375 331 578 368 adventum
596 328 675 380 ejus
695 332 880 368 exercitus
894 332 1084 376 differunt,
1099 332 1162 382 qui
1175 331 1339 368 Velitras
1352 330 1423 367 ob-

311 395 475 432 sidebat.

369 458 606 496 XXXVIII.
644 458 753 495 Prius
781 461 1029 496 circumactus
1059 465 1117 496 est
1145 471 1280 503 annuS,
1310 470 1423 507 quam

315 536 339 559 a
366 521 521 559 Velitris
551 522 820 559 reducerentur
850 523 1048 572 legiones:
1082 524 1137 559 ita
1168 534 1350 573 suspensa
1381 522 1426 557 de

314 586 461 635 legibus
486 599 544 622 res
568 585 616 623 ad
636 597 755 622 novos
777 586 951 624 tribunos
979 587 1142 624 militum
1162 586 1303 623 dilata:
1334 598 1425 621 nam

315 649 434 701 plebis
470 650 643 687 tribunos
677 650 843 694 eosdem,
874 651 968 688 duos
996 652 1141 700 utique,
1172 651 1260 700 quia
1296 649 1422 698 legum

121 718 165 749 U.
178 718 213 749 C.
231 713 455 771 3s7.latores
488 718 610 758 erant,
643 713 771 766 plebes
804 714 1009 752 reficiebat.
1065 714 1225 751 Tribuni
1263 713 1426 750 militum

122 762 214 793 A'C’
230 768 304 793 ³³⁰⁵·
317 779 434 815 creati
461 778 507 815 Τ.
526 778 744 821 QuinctiuS,
775 778 854 814 Ser.
871 777 1089 821 Cornelius,
1121 778 1198 813 Ser.
1223 777 1425 826 Sulpicius,

318 844 382 894 Sp.
410 841 600 886 Servilius,
631 841 677 879 L.
701 842 888 891 Papirius,
917 841 965 878 L.
984 842 1175 878 Veturius.
1232 841 1426 889 Principio

315 908 447 944 statim
479 909 570 944 anni
606 908 653 944 ad
684 906 861 942 ultimam
893 907 1175 942 dimicationem
1205 907 1250 942 de
1283 905 1428 954 legibus

316 977 495 1008 ventum:
528 977 579 1014 et,
603 983 718 1020 quum
738 969 863 1006 tribus
887 976 1126 1013 vocarentur,
1152 982 1221 1005 nec
1247 970 1428 1004 interces-

319 1035 376 1071 sio
401 1035 632 1085 collegarum
658 1035 842 1071 latoribus
867 1034 1050 1077 obstaret,
1071 1034 1208 1084 trepidi
1227 1033 1358 1069 Patres
1382 1032 1430 1069 ad

319 1100 393 1137 duo
421 1101 556 1137 ultima
592 1100 747 1142 auxilia,
778 1111 966 1135 summum
996 1098 1194 1148 imperium
1223 1109 1428 1133 summum-

101 1171 248 1205 Dictator
319 1178 391 1214 que
411 1166 457 1202 ad
484 1167 617 1209 civem,
638 1166 853 1201 decurrunt.
908 1163 1150 1199 Dictatorem
1175 1162 1248 1197 dici
1277 1160 1427 1211 placet:

101 1215 308 1290 firrffiffl'lgff'
320 1231 455 1267 dicitur
476 1230 533 1267 M.
553 1230 688 1266 Furius
710 1228 905 1271 Camillus,
927 1228 989 1276 qui
1017 1228 1239 1275 magistrum
1261 1225 1430 1274 equitum

318 1294 364 1331 L.
387 1294 585 1331 AEmilium
615 1299 784 1343 cooptat.
841 1292 989 1340 Legum
1019 1303 1168 1340 quoque
1196 1289 1335 1326 latores
1364 1287 1431 1324 ad-

319 1370 446 1394 versus
482 1363 634 1394 tantum
679 1357 899 1405 adparatum
943 1355 1242 1391 adversariorum
1277 1358 1315 1388 et
1360 1350 1431 1401 ipsi

320 1434 492 1459 caussam
526 1421 648 1472 plebis
678 1420 895 1469 ingentibus
926 1419 1059 1455 animis
1089 1423 1263 1454 armant:
1304 1415 1433 1452 conci-

319 1486 448 1535 lioque
475 1485 595 1536 plebis
625 1485 783 1525 indicto,
814 1483 934 1519 tribus
965 1483 1011 1518 ad
1040 1481 1259 1530 suffragium
1282 1484 1433 1516 vocant.

322 1551 451 1589 Quum
480 1551 657 1592 dictator,
688 1549 847 1597 stipatus
878 1547 1029 1594 agmine
1062 1545 1323 1595 patriciorum,
1353 1542 1433 1593 ple-

321 1627 393 1651 nus
414 1615 478 1650 irae
498 1615 759 1662 minarumque
780 1611 1025 1652 consedisset,
1047 1615 1159 1658 atque
1183 1614 1357 1656 ageretur
1376 1618 1434 1643 res

324 1678 438 1715 solito
458 1679 619 1729 primum
641 1677 845 1713 certamine
865 1676 963 1710 inter
982 1686 1021 1710 se
1047 1673 1285 1709 tribunorum
1316 1670 1433 1721 plebi,

325 1742 529 1780 ferentium
554 1742 677 1790 legem
699 1740 1099 1787 intercedentiumque,
1122 1743 1173 1780 et,
1194 1741 1337 1786 quanto
1350 1734 1438 1785 jure

326 1808 521 1857 potentior
542 1806 763 1842 intercessio
787 1810 879 1846 erat,
903 1808 1052 1838 tantum
1071 1802 1283 1837 vinceretur
1307 1799 1438 1835 favore

115 1880 287 1910 Certamen
328 1870 455 1920 legum
476 1872 640 1920 ipsarum
659 1869 911 1916 latorumque,
933 1874 984 1910 et,
1003 1867 1066 1903 Uti
1085 1877 1202 1914 rogas,
1224 1864 1352 1913 primae
1370 1862 1439 1898 tri·

114 1923 400 1996 {gss‘gzndgssttssi-bus
424 1937 598 1972 ‘dicerent
611 1951 621 1980 3
654 1941 734 1970 tum
756 1930 950 1975 Camillus,
973 1931 1281 1978 Quandoquidem,
1302 1927 1439 1976 inquit,

112 2009 233 2039 «bunos.
336 2001 505 2041 Quirites,
526 1998 608 2044 jam
635 2010 695 2034 vos
722 1997 922 2038 tribunicia,
951 1996 1070 2036 libido,
1096 2005 1164 2029 non
1189 1995 1361 2041 potestas,
1384 2001 1442 2026 re-

330 2066 400 2113 git,
421 2069 455 2100 et
476 2063 772 2105 intercessionem,
801 2061 988 2096 secessione
1012 2057 1192 2106 quondam
1215 2055 1328 2104 plebis
1352 2066 1443 2102 par·

334 2134 422 2171 tam,
452 2127 548 2163 vobis
577 2127 700 2161 eadem
729 2126 764 2160 υἱ
785 2123 917 2172 facitis
945 2123 1101 2164 irritam,
1133 2132 1204 2169 qua
1228 2120 1444 2168 peperistis,-

331 2205 404 2229 non
431 2190 634 2239 reipurblicae
665 2190 779 2236 magis
813 2189 995 2228 universoe,
1025 2197 1133 2234 quam
1157 2188 1277 2221 vestra
1305 2194 1442 2226 caussa,

336 2258 492 2293 dictator
516 2254 756 2290 intercessioni
782 2253 903 2294 adero,
925 2261 1148 2298 eversumque
1169 2253 1321 2285 vestrum
1340 2247 1443 2282 auxi·

332 2322 426 2356 lium
461 2320 612 2370 imperio
649 2317 798 2355 tutabor.
857 2317 998 2365 Itaque,
1026 2317 1057 2351 si
1087 2315 1126 2351 C.
1154 2313 1312 2350 Licinius
1339 2315 1373 2347 et
1397 2309 1440 2346 L.
