1573 2598
370 96 524 126 mni-:R
545 96 666 125 vn1.
697 94 805 124 cAf.
828 93 936 123 xxx.
1128 78 1210 134 563
1233 126 1239 131 ,

92 200 206 236 quum
242 187 396 229 videam,
435 187 665 223 Privernates
699 186 834 222 vicinos
867 180 1088 220 Sunmitibus
1124 191 1207 222 esse,
1224 183 1268 214 U.
1282 183 1318 214 C.
1334 186 1408 214 426.

95 252 192 287 unde
208 263 302 287 nunc
319 251 416 286 nobis
435 252 667 286 incertissima
682 261 759 298 pax
777 254 828 285 est
840 265 853 292 ;
883 259 990 296 quam
1019 245 1208 281 minimum
1223 228 1265 259 Α·
1277 227 1313 258 C·
1328 230 1407 257 326·

94 316 232 352 irarum
252 317 345 351 inter
363 327 426 351 nos
445 316 593 364 illosque
610 315 762 363 relinqui
782 314 899 349 velim.

148 378 265 415 XXI.
296 379 425 418 Quum
445 379 526 429 ipsa
554 391 621 429 per
639 391 680 415 se
707 390 766 414 res
796 388 934 427 anceps
964 380 1076 419 esset,
1097 380 1212 424 prout

93 444 276 495 cujusque
295 445 490 493 ingenium
514 451 608 487 erat,
629 444 794 480 atrocius
821 441 996 479 mitiusve
1016 437 1208 475 suadenti-

91 508 188 554 bus3
220 515 301 545 tum
326 510 531 545 incertiora
563 509 693 546 omnia
721 519 816 544 unus
846 519 893 543 ex
922 503 1205 541 Privernatibus
1218 498 1406 573 {rive-matis

93 572 229 622 legatis
249 573 354 617 fecit,
376 574 495 622 magis
526 573 771 616 conditionis,
792 573 830 608 in
852 584 926 620 qua
953 577 1065 606 natus
1095 574 1208 611 esset,
1223 550 1431 626 ςῑὶἴζζὲἑω,

95 650 208 686 quam
234 638 429 688 proesentis
458 638 709 681 necessitatis,
739 649 907 672 memor:
940 635 1018 684 qui,
1049 634 1211 669 interro·
1225 631 1285 661 Cia·

98 708 208 749 gatus
232 713 254 737 a
273 701 436 750 quodam
466 701 645 736 tristioris
676 700 875 736 senteutiae
905 706 1075 742 auctore,
1106 711 1214 747 quam

91 776 235 814 poenam
271 765 413 800 meritos
457 764 686 800 Privernates
722 765 909 799 censeret?
944 775 1036 805 eum,
1074 763 1212 812 inquit,

99 842 205 878 quam
226 834 420 871 merentur,
441 830 502 877 qui
519 841 556 864 se
576 829 740 865 libertate
760 830 886 876 dignos
905 833 1054 864 censent.
1093 826 1212 877 Cujus

101 906 216 942 quum
234 892 354 929 feroci
372 904 556 942 responso
576 892 790 929 infestiores
811 892 933 928 factos
959 892 1102 928 videret
1122 905 1213 928 con-

100 956 159 993 sul
188 969 266 1000 eos,
296 957 361 1006 qui
388 963 478 993 ante
511 957 790 993 Privernatium
819 969 988 993 caussam
1026 957 1214 1006 inpugna-

99 1020 194 1059 bant
207 1038 218 1068 3
251 1028 293 1057 ut
311 1021 390 1071 ipse
410 1021 577 1070 benigna
594 1022 895 1070 interrogatione
912 1021 1039 1057 mitius
1056 1033 1214 1071 respon-

100 1099 184 1123 sum
208 1085 374 1130 eliceret,
401 1087 508 1129 Quid,
529 1088 559 1122 si
579 1099 736 1135 poenam,
757 1087 894 1134 inquit,
916 1088 1130 1122 remittimus
1153 1099 1214 1122 *vo-

103 1151 165 1195 bis,
186 1152 328 1200 qualem
357 1163 419 1187 nos
433 1163 560 1199 pacem
590 1152 763 1188 vobiscum
795 1151 978 1187 habituros
1005 1153 1217 1199 speremus?

100 1216 147 1253 Si
161 1217 286 1252 bonam
307 1217 486 1259 dederitis,
507 1216 644 1265 inquit,
665 1221 701 1251 et
706 1217 841 1265 fidam,
863 1221 897 1251 et
918 1221 1133 1264 perpetuum
1146 1232 1158 1253 :
1186 1218 1217 1251 si

97 1281 248 1323 malam,
270 1280 368 1316 haud
397 1281 619 1316 diuturnam.
666 1279 766 1315 Tum
796 1292 884 1315 vero
912 1281 1057 1321 minari,
1087 1291 1150 1315 uec
1176 1280 1217 1315 id

96 1345 275 1393 ambigue,
297 1345 545 1380 Privernatem
564 1344 730 1393 quidam,
752 1351 789 1380 et
808 1343 880 1379 illis
907 1344 1062 1380 vocibus
1084 1344 1131 1379 ad
1156 1356 1215 1380 re-

96 1409 315 1447 bellandum
334 1409 485 1445 incitari
503 1416 658 1459 pacatos
678 1409 842 1459 populos
860 1423 866 1443 :
899 1421 984 1459 pars
1005 1408 1137 1444 melior
1157 1420 1226 1444 se«

102 1480 213 1510 natus
234 1473 281 1509 ad
299 1472 457 1509 meliora
475 1485 698 1522 responsum
719 1472 882 1515 trahere,
905 1479 943 1507 et
962 1472 1099 1515 dicere,
1124 1473 1157 1509 V
1155 1475 1215 1515 iri,

101 1543 136 1575 et
164 1538 279 1580 liberi,
306 1549 424 1573 vocem
451 1537 617 1572 auditam
634 1553 645 1573 .·
673 1548 720 1572 au
749 1537 846 1572 credi
861 1549 978 1584 posse,
1006 1537 1122 1573 ullum
1146 1549 1215 1586 po—

97 1603 242 1651 pulum,
264 1606 328 1637 uui
356 1601 533 1636 homiuem
560 1601 724 1648 denique,
747 1601 783 1635 in
812 1611 855 1635 ea
883 1601 1097 1643 conditione,
1119 1599 1218 1647 cujus

102 1677 183 1702 eum
203 1666 389 1712 pmiiteut,
421 1664 567 1706 diutius,
589 1675 696 1711 quam
723 1675 858 1700 necesse
884 1665 945 1706 sit,
975 1676 1180 1702 mansurum
1196 1667 1218 1700 f)

102 1729 158 1767 Ibi
175 1741 301 1777 pacem
318 1739 389 1764 esse
395 1728 529 1776 fidam,
549 1728 610 1764 ubi
628 1728 824 1764 voluntarii
837 1730 965 1776 pacati
982 1730 1054 1765 sint
1066 1746 1078 1765 :
1104 1741 1217 1778 neque

101 1805 141 1829 εο
171 1793 260 1835 loco,
289 1791 349 1827 ubi
375 1792 581 1827 servitutem
609 1803 680 1828 esse
707 1792 829 1834 velint,
856 1792 972 1841 fidem
998 1794 1217 1840 sperandam

101 1868 183 1893 esse.
223 1855 269 1891 In
288 1855 388 1890 hanc
411 1855 639 1890 sententiam
664 1855 827 1891 maxime
848 1854 981 1892 consul
1007 1856 1085 1906 ipse
1105 1856 1215 1893 ineu-

99 1919 204 1956 navit
227 1919 389 1961 animos,
410 1918 629 1954 idemtidem
648 1918 696 1955 ad
723 1918 911 1968 principes
941 1920 1215 1957 sententiarum

101 1982 332 2026 consulares,
361 1983 415 2019 uti
439 1982 608 2020 exaudiri
636 1989 766 2034 posset
785 1996 807 2019 a
833 1983 1018 2033 pluribuS‚
1038 1984 1214 2029 dicendo,

102 2049 174 2085 Eos
192 2049 346 2091 demum,
369 2049 430 2097 qui
457 2047 561 2091 nihil,
585 2052 830 2097 praeterquam
849 2049 893 2084 de
922 2049 1098 2093 libertate,
1119 2052 1217 2099 cogi·

103 2116 191 2154 tent,
212 2113 337 2159 dignos
367 2124 449 2155 esse,
471 2114 533 2161 qui
552 2112 708 2149 Romani
725 2113 837 2162 fiunt.
878 2112 1014 2162 Itaque
1041 2121 1079 2150 et
1097 2115 1137 2152 in
1156 2127 1214 2152 se-

104 2181 197 2212 natu
223 2188 394 2212 caussam
422 2176 636 2220 obtinuere,
657 2184 695 2212 et
724 2189 771 2213 ex
800 2178 1029 2215 auctoritate
1057 2178 1214 2217 Patrum
1226 2176 1385 2208 privem&

102 2238 223 2277 latum
241 2238 288 2279 ad
316 2239 498 2291 populum
526 2246 597 2284 est,
619 2247 662 2276 ut
690 2240 974 2279 Privernatibus
995 2243 1128 2281 civitas
1148 2244 1214 2282 da·
1225 2221 1398 2296 ζζξιὲὃῗᾷξ

593 2302 715 2342 Bb6
