1573 2598
411 179 565 210 LIBER
585 179 658 209 Vt.
691 179 799 207 cn.
824 179 906 208 xz.
1133 169 1215 224 463

107 271 144 306 in
171 281 300 317 agrum
328 269 460 317 injuria
487 281 682 318 possessum
711 282 734 305 a
761 268 967 317 potentibus
994 269 1188 306 inducatur
1202 282 1320 315 JU.C.
1337 287 1412 318 387.

103 346 171 382 per
199 345 284 382 quos
305 346 347 370 ea
377 340 579 371 consecutus
604 336 666 376 sit,
689 344 787 369 senes
816 333 1023 369 tribunicios
1046 345 1117 369 non
1144 336 1218 371 sine
1229 325 1319 358 ΑΟ·
1337 330 1412 358 3⁶⁵·

107 398 238 434 honore
257 403 411 442 tantum,
440 400 503 435 sed
529 400 640 435 etiam
666 399 741 433 sine
758 409 820 445 spe
839 397 994 439 honoris,
1023 398 1219 446 relinquat.

107 462 269 498 Proinde
304 464 374 511 ipsi
401 465 561 511 primum
595 467 793 499 statuerent
820 463 920 510 apud
951 463 1102 504 animos,
1133 464 1222 511 quid

106 527 237 562 vellent
252 542 264 563 .·
294 528 420 564 deinde
441 528 593 564 comitiis
618 527 817 563 tribuniciis
843 527 1070 562 declararent
1093 528 1220 563 volun-

108 594 231 626 tatem.
276 591 318 627 Si
336 590 551 638 conjunctim
559 591 661 640 ferri
680 591 725 627 ab
743 603 778 627 se
792 592 1043 639 promulgatas
1060 592 1220 639 rogatio-

106 665 165 690 nes
186 655 331 698 vellent,
359 667 443 698 esse,
471 657 565 704 quod
589 657 727 692 eosdem
754 656 938 704 reficerent
961 655 1117 691 tribunos
1139 655 1222 703 ple-

107 716 181 753 bis:
204 717 411 765 perlaturos
435 720 543 762 enim,
571 731 648 767 quae
672 720 1009 767 promulgaverint:
1037 719 1105 761 sin,
1127 717 1224 766 quod

107 782 232 829 cuique
257 783 432 829 privatim
450 795 538 831 opus
554 785 614 826 sit,
635 784 675 819 id
690 784 808 830 ‘modo
827 785 943 831 accipi
969 784 1080 819 velint
1093 799 1108 827 ,-
1135 795 1225 830 opus

106 856 177 881 esse
202 845 297 882 nibil
323 847 499 884 invidiosa
528 850 795 884 continuatione
820 848 979 891 lionoris;
1007 859 1072 883 nec
1094 858 1130 883 se
1156 847 1222 882 tri-

108 909 292 955 bunatum,
320 924 385 949 nec
411 914 494 949 illos
521 925 577 957 ea,
608 926 685 962 quae
708 914 943 962 promulgata
966 913 1051 956 sint,
1082 911 1224 948 habitu·

107 986 177 1011 ros.

162 1037 252 1075 XL.
280 1039 470 1076 Adversus
494 1045 572 1076 tam
594 1039 830 1077 obstinatam
859 1039 1074 1076 orationem
1101 1037 1225 1075 tribu-

108 1113 246 1146 norum
266 1114 395 1150 quum,
416 1115 492 1153 prae
515 1103 744 1152 indignitate
763 1114 904 1147 rerum,
925 1108 1060 1152 stupor
1078 1101 1225 1138 silenti-

110 1178 248 1214 umque
265 1166 354 1202 inde
374 1174 519 1203 ceteros
540 1166 698 1203 Patrum
715 1167 926 1213 defixisset-3
952 1168 1026 1216 Ap.
1044 1166 1223 1202 Claudius
1236 1170 1399 1202 Adversus

109 1227 281 1272 Crassus,
314 1241 434 1279 nepos
464 1229 680 1273 decemviri,
711 1230 850 1266 dicitur
879 1230 969 1266 odio
997 1231 1119 1279 magis
1148 1229 1223 1266 ira·
1235 1213 1369 1287 ἓῖζῶξῐ

107 1303 194 1340 que,
215 1304 328 1341 quam
347 1305 426 1343 spe,
448 1293 496 1329 ad
514 1293 806 1330 dissuadendum
825 1294 1069 1344 processisse,
1099 1299 1137 1330 et
1164 1293 1222 1330 lo·
1235 1300 1346 1331 oratio.

106 1362 215 1392 cutus
235 1357 276 1392 in
302 1357 402 1393 hanc
423 1357 503 1394 fere
531 1358 890 1394 sententiam'esse:
923 1354 1052 1407 Neque
1077 1362 1223 1403 novum,

104 1431 218 1469 neque
236 1422 461 1469 inopinatum
479 1423 568 1459 mihi
585 1424 646 1465 sit,
669 1423 838 1466 Quirites,
857 1425 901 1466 si,
922 1424 1017 1471 quod
1033 1428 1146 1458 unum
1152 1421 1225 1471 fa·

106 1484 216 1521 milioe
230 1490 360 1522 nostrae
376 1498 513 1534 semper
541 1484 716 1533 objectum
735 1491 787 1522 est
805 1486 850 1523 ab
866 1487 1042 1523 seditiosis
1060 1486 1223 1530 tribunis,

104 1550 145 1585 id
168 1562 263 1586 nunc
279 1561 343 1598 ego
371 1562 508 1599 quoque
526 1552 675 1588 audiam
691 1567 704 1587 .·
734 1551 896 1587 Claudiae
921 1552 1022 1598 genti
1039 1548 1123 1597 jam
1141 1548 1236 1587 inde‘

106 1614 152 1650 ab
170 1615 272 1651 initio
293 1616 346 1651 nil
374 1617 557 1664 antiquius
584 1617 619 1652 in
644 1615 828 1665 republica
856 1616 1014 1651 Patrum
1036 1613 1227 1661 majestate

96 1676 215 1725 fuisse
228 1695 241 1722 ,·
269 1684 405 1727 semper
424 1679 539 1727 plebis
556 1681 750 1715 commodis
768 1680 973 1715 adversatos
994 1690 1075 1715 esse.
1124 1680 1224 1721 Quo-

105 1743 359 1779 rumalterunz
376 1755 488 1791 neque
504 1755 605 1791 nego,
626 1755 738 1792 neque
765 1744 903 1792 inficias
923 1755 976 1786 e0,
995 1755 1073 1786 nos,
1094 1755 1138 1779 esc
1155 1754 1225 1791 quo

107 1807 237 1842 adsciti
254 1817 374 1842 sumus
390 1807 498 1842 simul
524 1808 563 1842 in
584 1808 766 1843 civitatem
787 1811 824 1842 et
850 1808 993 1850 Patres,
1020 1808 1120 1843 enixe
1137 1818 1224 1855 ope—

106 1883 188 1907 ram
207 1872 354 1914 dedisse,
374 1876 417 1908 ut
430 1883 498 1920 per
515 1884 578 1908 nos
605 1877 715 1908 aucta
738 1874 871 1920 potius,
903 1884 1011 1920 quam
1030 1874 1222 1916 inminuta,

106 1934 274 1982 majestas
291 1948 416 1972 earum
440 1937 615 1984 gentium,
643 1938 738 1973 inter
755 1949 842 1986 quas
869 1949 933 1973 nos
950 1930 1021 1973 esse
1047 1938 1223 1980 voluistis,

108 2001 268 2036 dicivere
278 2005 407 2048 posset.
438 2001 539 2036 Illud
551 2001 707 2036 alterum
717 2013 786 2049 pro
799 2013 855 2037 me
865 1999 1125 2050 majoribusque
1138 2002 1226 2037 meis

109 2066 320 2101 contendere
337 2067 465 2107 ausim,
489 2065 659 2108 Quirites,
690 2065 789 2112 (nisi,
810 2077 887 2113 quae
899 2077 969 2113 pro
987 2066 1150 2102 universa
1167 2077 1224 2101 re-

105 2129 250 2177 publica
266 2130 380 2178 flant,
410 2141 453 2165 ea
476 2129 585 2177 plebi,
618 2134 802 2178 tamquam
831 2131 944 2166 aliam
966 2130 1135 2166 incolenti
1159 2142 1223 2166 ur-

111 2192 370 2236 bem,·‹1dversa
388 2195 466 2242 quis
489 2193 610 2242 putet)
632 2194 726 2230 nihil
745 2206 820 2237 nos,
840 2206 950 2242 neque
963 2195 1140 2242 privatos,
1158 2205 1222 2231 ne·

111 2267 178 2304 que
205 2257 253 2292 in.
269 2258 547 2305 magistratibus,
578 2260 672 2306 quod
698 2259 964 2295 incommodum
992 2257 1089 2306 plebi
1121 2263 1222 2302 esset,

110 2322 258 2357 scientes
274 2320 432 2370 fecisse:
459 2334 521 2359 nec
543 2323 658 2358 ullu-m
676 2321 827 2370 factum
857 2323 1035 2359 dictumve
1061 2327 1223 2359 nostrum

629 2385 668 2421 X
689 2387 711 2421 4
