1573 2598
106 305 148 336 U.
165 305 202 337 C.
219 313 294 340 sos.

105 350 144 379 A.
161 349 197 382 C.
213 356 288 385 447.

94 995 173 1026 Icilii
190 1005 267 1027 con-

92 1041 190 1069 tentio
207 1049 283 1071 cum

89 1083 205 1122 Appio.

323 210 405 254 224
778 215 822 242 T.
850 213 978 243 mvn

321 308 405 346 tem,
426 303 511 351 quia
529 304 641 350 quie-is
663 302 738 348 lege
761 309 870 349 agere'
886 301 1010 349 possit,
1033 301 1074 337 id
1085 299 1182 347 juris
1203 301 1299 339 esse:
1325 303 1362 338 in
1379 314 1434 347 ea,

319 380 396 418 quae
415 369 450 403 in
473 368 589 415 patris
606 366 712 401 manu
737 367 796 409 sit,
817 367 989 401 neminem
1007 377 1076 401 esse
1099 365 1225 409 alium,
1246 367 1303 402 cui,
1320 368 1434 403 domi-

317 443 382 468 nus
403 432 614 479 {ms-sessione
639 430 753 465 cedat.
810 429 961 466 Placere
983 431 1103 477 itaque
1122 434 1266 478 patrem
1283 431 1434 466 arcessi:

315 497 451 531 interea
466 493 561 540 juris
584 494 641 529 sui
655 490 844 539 jacturam
862 494 1076 529 adsertorem
1099 505 1170 529 non
1186 492 1327 541 facere,
1349 494 1433 541 quin

316 560 424 596 ducat
444 559 604 607 puellam
627 558 886 606 sistendamque
907 559 942 593 in
956 556 1158 594 ¹adventum
1175 556 1260 604 ejus,
1281 559 1343 605 qui
1361 569 1432 605 pa-

315 629 368 659 ter
400 625 555 666 dicatur,
591 624 793 671 promittat.
849 616 1039 659 Adve‘rsus
1077 619 1256 671 injuriam
1291 621 1432 658 decreti

313 699 430 736 quum
458 685 568 723 multi
593 686 714 735 magis
742 685 961 729 fremerent,
981 697 1095 735 quam
1114 686 1312 734 quisquam
1334 697 1430 722 unus

310 762 485 787 recusare
518 751 700 796 auderet3
732 749 775 786 P.
805 749 1062 793 Numitorius,
1100 748 1234 800 puellae
1263 762 1430 786 avuncu-

307 811 381 857 lus,
409 821 448 850 et
476 821 636 865 sponsus
666 813 795 850 Icilius
825 813 1107 850 interveniunt:
1139 812 1301 862 dataque
1329 813 1430 849 inter

308 878 462 915 turbam
489 879 565 922 via,
596 890 712 928 quum
749 877 954 915 multitudo
983 876 1082 914 Icilii
1113 877 1277 914 maxime
1309 877 1428 913 inter·

310 948 426 979 ventu
461 942 586 979 resisti
620 954 731 992 posse
759 942 887 992 Appio
916 941 1098 985 crederet,
1135 940 1248 977 lictor
1277 942 1429 979 decresse

312 1006 390 1042 ait:
423 1005 769 1055 vociferantemque
788 1004 938 1041 Icilium
963 1003 1174 1041 submovet.
1229 1003 1427 1041 Placidum

310 1082 461 1119 quoque
479 1070 674 1118 ingenium
694 1075 773 1105 tam
787 1076 897 1105 atrox
913 1068 1052 1119 injuria
1066 1068 1311 1105 accendisset.
1340 1068 1425 1104 Fer·

307 1147 348 1170 ro
368 1134 448 1170 hinc
467 1135 530 1170 tibi
546 1135 797 1170 submovendus
813 1146 903 1177 sum,
924 1135 1037 1182 Appi,
1060 1133 1197 1181 inquit,
1219 1138 1260 1169 ut
1280 1134 1427 1170 tacitum

294 1198 415 1246 feras,
436 1199 531 1246 quod
548 1198 657 1234 celari
673 1199 738 1233 vis.
797 1197 976 1245 Virginem
997 1209 1061 1245 ego
1083 1197 1174 1233 hanc
1196 1209 1273 1233 sum
1296 1198 1423 1233 ductu-

303 1274 379 1305 rus,
416 1266 566 1309 nuptam
599 1262 838 1309 pudicamque
873 1260 1066 1296 habiturus.
1123 1260 1280 1296 Proinde
1308 1272 1425 1296 omnes

305 1326 521 1373 collegarum
546 1336 682 1373 quoque
708 1325 846 1360 lictores
868 1336 1031 1365 convoco,
1058 1325 1214 1370 expediri
1240 1325 1360 1370 virgas
1388 1328 1423 1358 et

302 1402 438 1426 secures
451 1388 538 1436 jube
550 1405 562 1425 .·
590 1400 658 1424 non
683 1389 837 1424 manebit
861 1394 960 1424 extra
985 1388 1126 1424 domum
1152 1389 1270 1436 patris
1296 1399 1424 1435 sponsa

303 1454 409 1490 Icilii.
467 1454 563 1492 Non,
601 1454 629 1488 si
667 1452 890 1487 tribunicium
926 1453 1097 1487 auxilium
1133 1456 1168 1486 et
1198 1453 1423 1499 provocatio·

301 1529 394 1558 rtem,
420 1516 517 1565 plebi
537 1516 710 1551 Romanae
738 1516 827 1551 duas
855 1528 952 1551 arces
981 1515 1153 1550 libertatis
1178 1515 1328 1557 tuendae,
1356 1515 1423 1550 ad-

301 1582 445 1623 emistis,
465 1581 544 1615 ideo
571 1581 605 1614 in
627 1579 750 1615 liberos
769 1590 904 1627 quoque
927 1583 1063 1615 nostros
1088 1577 1317 1626 conjugesque
1340 1589 1420 1624 reg-

299 1657 385 1681 num
403 1649 526 1680 vcstrae
544 1644 680 1679 libidini
699 1643 823 1678 datum
842 1647 904 1678 est.
961 1643 1091 1679 διε-υἱέε
1114 1644 1151 1678 in
1178 1647 1314 1689 tergum
1333 1646 1367 1677 et
1385 1643 1421 1677 in

301 1711 448 1746 cervices
466 1714 615 1751 nostras,
639 1709 818 1757 pudicitia
841 1709 967 1744 saltem
994 1710 1030 1744 in
1057 1713 1134 1744 tuto
1159 1709 1218 1744 sit.
1273 1707 1371 1743 Huic
1390 1708 1421 1743 si

300 1774 351 1808 vis
379 1771 575 1822 adferetur,
604 1784 668 1820 ego
700 1773 927 1820 praesentium
958 1772 1150 1812 Quiritium
1182 1783 1251 1819 pro
1277 1782 1419 1819 sponsa,

306 1836 484 1884 Virginius
512 1837 667 1872 militum
690 1847 760 1883 pro
787 1837 892 1871 ‘unica
908 1835 1009 1884 filia,
1030 1846 1148 1870 omnes
1165 1835 1330 1870 Deorum
1354 1833 1418 1869 ho-

299 1901 504 1947 minumque
541 1898 793 1947 inplorabimus
815 1899 960 1947 fidem:
995 1910 1106 1946 neque
1138 1902 1176 1933 tn
1212 1899 1308 1934 istud
1339 1909 1419 1932 um-

299 1976 406 2012 quam
427 1965 602 1999 decretum
622 1964 696 1998 sine
714 1963 808 1998 caede
825 1967 945 1998 nostra
963 1962 1102 2011 referes.
1158 1962 1321 2004 Postulo,
1337 1962 1416 2008 Ap-

295 2030 350 2076 pi,
372 2029 478 2063 etiam
498 2032 606 2074 atque
624 2028 734 2062 etiam
751 2027 956 2070 consideres,
978 2039 1045 2075 quo
1060 2027 1300 2075 progrediare.
1335 2025 1416 2060 Vir-

296 2092 416 2138 ginius
432 2092 573 2133 viderit,
595 2091 745 2139 defilia,
765 2090 823 2126 ubi
841 2092 988 2133 venerit,
1009 2092 1093 2138 quid
1111 2095 1209 2138 agat.
1240 2089 1320 2125 Hoc
1339 2094 1419 2125 tan-

300 2160 376 2191 tum
405 2157 508 2197 sciat,
534 2155 610 2198 sibi,
636 2156 667 2191 si
695 2153 798 2201 hujus
821 2156 983 2191 vindiciis
1005 2156 1155 2197 cesserit,
1183 2155 1419 2190 conditionem

285 2221 382 2269 filiae
401 2221 625 2268 qucrrendam
648 2231 742 2256 esse:
769 2232 838 2262 me,
860 2220 1096 2256 vindicantem
1120 2230 1283 2266 sponsam
1311 2220 1346 2254 in
1372 2218 1417 2254 li-

298 2284 481 2327 bertatem,
504 2286 576 2320 vita
595 2286 699 2320 citius
717 2286 863 2326 deseret,
883 2296 987 2332 quam
995 2284 1104 2333 fideS.

351 2346 462 2383 XLV
468 2347 499 2385 1.
533 2348 738 2384 Concitata
774 2346 979 2384 multitudo
1018 2352 1112 2389 erat,
1151 2351 1415 2394 certamenque
