1573 2598
350 164 506 194 mni-:n
531 161 588 191 11.
621 160 731 189 cAr.
754 159 946 189 xxv111.
1124 162 1200 193 121

82 255 263 294 habitura
287 252 459 291 consules
485 254 597 292 esset,
624 254 745 284 coetus
771 255 995 293 nocturnos,
1022 262 1108 301 pars
1132 251 1203 288 Es·
1218 250 1260 281 U·
1276 249 1314 281 C·
1331 255 1404 293 2⁶9·

86 320 227 371 quiliis,
250 332 336 370 pars
360 319 401 354 in
420 313 628 355 Aventino,
646 311 772 349 facere
789 329 798 359 3
831 326 879 350 ne
901 315 941 350 in
961 313 1048 351 foro
1070 314 1204 353 subitis
1217 296 1257 325 A·
1272 293 1312 325 ε’
1328 300 1401 327 ‘⁹²‘

86 385 292 435 trepidaret
307 381 488 422 consiliis,
505 384 543 414 et
562 377 692 413 omnia
708 383 851 414 temere
871 390 914 414 ac
933 378 1095 415 fortuito
1115 392 1205 429 age-

87 455 156 486 ret.
213 448 310 484 Eam
338 458 417 481 rem
439 440 613 479 consules
639 440 726 483 rati,
748 448 791 476 ut
817 447 910 484 erat,
938 443 1204 492 perniciosam,

87 514 135 551 ad
163 513 294 550 Patres
323 509 523 547 deferunt:
563 505 629 542 sed
656 504 820 542 delatam
849 505 1045 543 consulere
1074 507 1206 544 ordine

85 591 166 615 non
187 576 294 613 licuit
312 589 320 611 :
353 574 448 610 adeo
467 570 703 608 tumultuose
723 578 884 620 excepta
902 576 960 606 est
979 570 1205 609 clamoribuz

85 642 252 690 undique
279 646 319 676 et
347 636 612 686 indignatione
639 633 813 677 Patrum,
844 634 889 677 si,
919 634 1021 683 quod
1049 636 1207 685 imperio

85 703 275 742 consulari
308 699 589 751 exsequendum
620 704 734 741 esset,
761 698 941 734 invidiam
963 697 1042 747 ejus
1069 712 1206 735 consu-

85 771 138 808 les
167 771 215 807 ad
243 776 417 806 senatum
447 765 662 817 rejicerent.
719 764 889 813 Profecto
914 766 944 800 si
968 771 1077 801 essent
1096 768 1133 802 in.
1153 779 1207 802 re-

81 835 226 885 publica
242 836 488 882 magistratus,
506 831 646 868 nullum
661 828 834 879 faturum
848 828 966 878 fuisse
984 829 1121 873 Romoe,
1141 832 1210 868 nisi

81 900 277 949 publicum,
301 899 499 936 concilium.
556 895 664 932 Nunc
690 896 726 930 in
750 895 850 930 mille
871 896 987 930 curias
1011 897 1216 932 conciones--

85 977 152 1013 que
183 966 308 1013 (quam
344 965 420 1000 alia
451 964 488 998 in
518 960 702 1009 Esquiliis,
737 959 812 995 alia
843 961 878 995 in
913 960 1087 1015 Avengino
1110 961 1211 1009 flant

89 1027 255 1075 concilia)
296 1029 489 1076 dispersam
525 1029 559 1061 et
597 1025 807 1072 dissipatam
842 1031 912 1059 esse
946 1024 1211 1072 rempublicam.

95 1093 225 1134 Unum,
245 1092 414 1134 Hercule,
434 1091 565 1131 virum,
590 1088 646 1135 (id
670 1089 763 1123 enim
784 1088 869 1135 plus
893 1099 975 1130 esse,
999 1100 1106 1136 quam
1127 1101 1215 1125 con·

84 1157 213 1203 sulem)
246 1158 360 1205 qualis
387 1157 458 1203 Ap.
488 1154 659 1190 Claudias
676 1152 811 1202 ficerit,
841 1157 1017 1189 momento
1046 1156 1213 1203 temporis

87 1222 324 1257 discussurum
359 1220 441 1255 illos
476 1223 582 1255 coetus
615 1216 744 1265 fuisse.
818 1216 996 1265 Correpti
1037 1217 1210 1254 consules

87 1296 218 1333 quum,
240 1283 330 1333 quid
355 1294 448 1330 ergo
475 1293 515 1317 se
533 1279 658 1316 facere
676 1279 830 1322 vellent,
855 1279 968 1327 (nihil
996 1281 1097 1316 enim
1125 1293 1211 1330 seg.

87 1348 172 1384 nius
191 1347 404 1390 molliusve,
425 1358 541 1395 quam
556 1344 733 1381 Patribus
753 1343 915 1394 placeat,
937 1346 1105 1393 acturos)
1124 1358 1211 1397 per-

88 1418 371 1454 cunctarentur,
402 1410 624 1452 decernunt,
653 1414 696 1445 ut
724 1408 911 1445 delectum
934 1421 1047 1458 quam
1073 1410 1210 1446 acerri-

87 1488 192 1512 mum
216 1475 410 1512 habeant:
442 1474 524 1510 otio
544 1473 716 1509 lascivire
741 1472 904 1522 plebem.
960 1472 1131 1510 Dimisso
1153 1486 1213 1511 se·

87 1544 195 1581 natu,
226 1538 400 1574 consules
428 1538 469 1573 in
497 1536 667 1573 tribunal
695 1536 951 1573 adscendunt:
992 1538 1113 1574 citant
1140 1551 1212 1575 no·

88 1603 263 1639 minatim
285 1601 473 1653 junioreS.
530 1601 660 1640 Quum
680 1601 727 1637 ad
753 1613 893 1637 nomen
921 1614 1034 1638 nemo
1053 1615 1214 1653 respon·
1249 1614 1255 1619 ²

90 1667 208 1710 deret,
238 1666 468 1703 circumfusa
504 1665 711 1702 multitudo
747 1666 787 1702 in
825 1667 1020 1702 concionis
1057 1667 1214 1708 modum

88 1742 242 1778 negare,
273 1731 378 1767 Ultra
405 1731 521 1778 decipi
546 1730 683 1777 plebem
704 1741 816 1778 posse.
874 1730 1080 1778 Numquam
1103 1743 1214 1770 unum

89 1794 239 1830 militem
265 1794 456 1836 habituros,
477 1795 517 1828 ni
537 1798 770 1841 praestaretur
784 1793 881 1842 fides
905 1794 1076 1842 publica:
1107 1796 1212 1832 liber-

89 1862 200 1894 tatem
235 1859 423 1905 unicuique
455 1859 558 1905 prius
593 1858 810 1893 reddenda-m
847 1869 929 1900 esse,
969 1871 1075 1906 quam
1108 1870 1214 1897 arma

88 1922 240 1958 danda:
276 1925 319 1957 ut
350 1933 419 1970 pro
451 1923 577 1969 patria
605 1921 813 1968 civibusque,
845 1933 914 1957 non
946 1934 1015 1970 pro
1047 1923 1212 1968 dominis,

86 1991 259 2035 pugnent.
317 1985 517 2029 Consules,
539 1985 629 2034 quid
657 1986 878 2021 mandatum
901 1992 1000 2021 esset
1019 1999 1042 2022 a
1063 1994 1212 2032 senatu,

87 2048 294 2085 videbant:
327 2048 394 2085 sed
422 2061 567 2091 eorum,
598 2049 662 2098 qui
692 2049 792 2085 intra
824 2049 986 2098 parietes
1017 2051 1129 2086 curiae
1157 2051 1214 2088 fe-

89 2113 229 2149 rociter
264 2113 525 2163 loquerentur,
558 2113 751 2149 neminem
781 2113 925 2156 adesse,
956 2113 1108 2152 invidiae
1137 2126 1215 2154 suae

89 2176 337 2226 participem:
377 2183 416 2213 et
453 2176 663 2227 adparebat
692 2183 805 2213 atrox
834 2189 920 2212 cum
953 2176 1065 2226 plebe
1094 2184 1216 2217 certa-

90 2251 190 2276 men.
238 2239 356 2295 *Prius
385 2241 528 2290 itaque,
556 2251 670 2289 quam
696 2240 831 2277 ultima
855 2242 1132 2291 experirentur,
1158 2254 1215 2280 se·

90 2309 226 2339 natum
257 2302 394 2340 iterum
425 2303 621 2342 consulere
649 2303 816 2353 placuit:
847 2310 930 2343 tum
949 2316 1040 2342 vero
1068 2304 1118 2342 ad
1138 2305 1217 2345 sel-

150 2366 253 2405 Voz..
273 2366 307 2405 Ι.
637 2367 674 2404 G
