1573 2598
395 138 554 170 LIBER
578 138 645 169 111
696 138 805 168 cAP.
831 137 946 169 va.
1146 138 1233 183 249

108 241 254 265 memor
269 227 461 265 libertatis
481 240 550 279 per
567 227 653 264 illos
673 232 835 278 receptae
854 226 973 270 domi,
994 239 1140 264 memor
1157 228 1230 264 mi-

104 293 196 330 litiae
230 305 430 342 rerumque
459 299 666 342 gestarum,
697 291 875 329 consules
905 292 1042 328 iterum
1070 291 1228 336 faceret,

103 358 284 408 quidnam
304 357 442 394 facturi
461 362 601 400 essent,
622 356 719 393 nihil
747 357 950 393 sententiae
978 369 1056 392 suae
1082 361 1227 393 mutas-

104 428 189 460 sent
205 439 216 468 ;
257 421 495 459 conlaudatis
533 420 770 465 consulibus,
801 421 904 470 quod
943 427 1229 472 perseverarent

106 487 154 523 ad
182 486 357 523 ultimum
386 485 585 522 dissimiles
615 485 917 522 decemvirorum
947 497 1042 529 esse,
1073 485 1230 521 comitia

105 551 264 588 habuit:
301 557 352 594 et,
382 551 549 600 quinque
576 549 742 587 tribunis
772 549 892 601 plebis
929 550 1080 594 creatis,
1111 562 1230 600 quum

103 629 181 668 prae
201 616 333 652 studiis
354 622 483 666 aperte
508 616 722 666 petentium
742 628 880 652 novem
900 615 1143 652 tribunorum
1163 614 1227 651 alii

103 681 295 717 candidati
322 681 443 717 tribus
473 693 551 717 non
582 680 792 732 explerent,
824 680 1030 718 concilium
1056 679 1222 725 dimisit,

103 757 173 781 nec
193 744 327 781 deinde
347 737 590 781 comitiorum
612 757 747 781 caussa
772 745 920 782 habuit.
979 743 1226 780 Satisfactum

102 808 177 858 legi
200 809 340 853 aiebat,
361 822 458 858 quae,
485 821 644 845 numero
666 821 856 858 nusquam
884 808 1075 860 praefinito
1103 807 1227 844 tribu-

101 874 175 917 nis,
196 874 310 910 modo
330 880 372 910 ut
391 873 709 923 relinquerentur,
733 874 898 910 sanciret
914 890 925 920 3
959 879 997 910 et
1016 872 1063 909 ab
1084 873 1144 917 iis,
1162 873 1226 922 qui

103 939 221 975 creati
241 944 380 982 essent,
398 939 571 989 cooptari
591 937 758 987 collegas
773 937 944 988 juberet.
1000 936 1225 973 Recitabat-

107 1015 179 1052 que
206 1003 418 1052 rogationis
442 1015 609 1046 carmen,
630 1003 670 1038 in
689 1015 780 1052 quo,
802 1003 843 1038 Si
865 1003 1020 1040 tribunos
1036 1001 1147 1050 plebei
1166 1003 1226 1038 de-

104 1079 178 1103 cem
196 1068 341 1116 rogabo,
361 1070 391 1104 εὶ
410 1070 472 1116 qui
488 1080 548 1104 vos
567 1069 684 1104 minus
702 1068 806 1104 hodie
826 1068 948 1104 decem
968 1067 1125 1103 tribunos
1146 1068 1227 1115 ple-

46 1151 48 1153 *
107 1132 160 1168 bei
176 1132 364 1181 feceritis:
394 1133 430 1168 hi
451 1138 526 1169 tum
545 1134 612 1175 uti,
634 1145 720 1181 quos
737 1133 802 1168 sibi
826 1133 979 1181 collegas
997 1133 1225 1180 cooptassint,

105 1202 147 1233 ut
170 1198 226 1233 illi
245 1198 396 1245 legitimi
424 1199 549 1234 eadem
578 1198 652 1245 lege
682 1197 814 1234 tribuni
836 1198 952 1246 plebei
979 1199 1063 1240 sint,
1087 1202 1129 1233 ut
1155 1197 1225 1240 illi,

105 1274 190 1310 quos
205 1262 309 1298 hodie
328 1262 486 1298 tribunos
501 1262 614 1310 plebei
622 1261 801 1311 feceritis.
858 1260 1025 1304 Duilius,
1043 1273 1159 1310 quum
1178 1261 1227 1298 ad

105 1325 279 1362 ultimum
306 1331 596 1376 perseverasset,
617 1326 793 1375 negando
814 1325 1029 1375 quindecim
1052 1326 1225 1361 tribunos

105 1389 231 1440 plebei
256 1390 530 1440 rempublicam
554 1390 695 1426 habere
722 1402 848 1440 posse,
869 1391 970 1426 victa
994 1389 1226 1439 collegarum

104 1454 325 1504 cupiditate,
352 1456 494 1505 pariter
515 1454 694 1492 Patribus
719 1454 896 1506 plebique
926 1461 1117 1505 acceptuS,
1145 1467 1228 1491 ma-

104 1520 265 1570 gistratu
285 1520 392 1557 abiit.
1250 1560 1255 1565 s

156 1583 282 1620 LXV.
312 1583 416 1620 Novi
443 1583 588 1620 tribuni
616 1582 737 1634 plebis
763 1584 803 1620 in
823 1583 1048 1634 cooptandis
1069 1582 1224 1631 collegis
1239 1586 1280 1617 U.
1299 1586 1335 1618 C.
1353 1590 1427 1620 307.

103 1646 261 1684 Patrum
280 1647 516 1683 voluntatem
539 1647 716 1683 foverunt
736 1662 743 1682 ;
776 1648 870 1683 duos
901 1648 1015 1683 etiam
1044 1647 1223 1696 patricios
1238 1630 1277 1660 Α·
1295 1629 1330 1659 C·
1348 1636 1427 1661 ⁴⁴⁵⁸

105 1711 409 1761 consularesque,
441 1712 504 1762 Sp.
524 1711 730 1762 Tarpeium
760 1717 798 1748 et
823 1713 870 1749 A.
892 1712 1082 1754 Aterium,
1107 1723 1224 1760 coop-

105 1782 243 1813 tavere.
303 1776 487 1813 Consules
518 1778 648 1820 creati,
679 1777 768 1814 Lar.
797 1776 1036 1820 Herminius,
1066 1775 1112 1812 T.
1137 1775 1226 1812 Vix·-

105 1840 231 1889 ginius
259 1840 574 1884 Caelimontanus,
606 1841 703 1877 nihil
731 1853 963 1891 magnopere
992 1840 1039 1876 ad
1066 1839 1226 1877 Patrum

64 1936 72 1939 ⁷
105 1911 171 1941 aut
203 1904 323 1955 plebis
353 1918 526 1942 caussam
554 1905 742 1948 inclinati,
773 1907 895 1942 otium
925 1906 1026 1942 domi
1059 1917 1101 1941 ac
1130 1905 1224 1941 foris

102 1969 282 2008 habuere.
346 1970 395 2008 L.
424 1970 639 2007 Trebonius
677 1971 852 2008 tribunus
890 1969 1025 2020 plebis,
1064 1969 1224 2008 infestus

104 2034 297 2079 Patribus,
314 2036 415 2084 quod
436 2048 474 2071 se
491 2035 539 2072 ab
555 2036 600 2071 iis
622 2036 659 2071 in
674 2036 898 2086 cooptandis
913 2034 1076 2071 tribunis
1092 2034 1224 2071 fraude

104 2104 273 2148 captum,
292 2100 487 2150 proditum
506 2113 528 2137 a
547 2099 718 2149 collegis,
740 2100 880 2143 aiebat,
902 2100 1144 2148 rogationem
1163 2105 1224 2135 tu-

104 2161 164 2205 lit,
192 2164 241 2200 Ut
259 2167 320 2213 qui
340 2165 478 2214 plebem
497 2165 702 2202 Romanam
732 2165 887 2202 tribunos
907 2164 1002 2213 plebi
1019 2168 1177 2211 rogaret,
1198 2165 1228 2200 is

105 2240 216 2278 usque
241 2239 281 2266 eo
308 2237 464 2279 rogaret,
492 2233 576 2268 dum
606 2232 722 2268 decem
755 2231 912 2268 tribunos
935 2229 1034 2278 plebi
1051 2228 1198 2278 faceret
1212 2246 1231 2274 ,·.

106 2292 412 2345 insectandisque
438 2295 632 2340 Patribus,
662 2295 764 2332 unde
791 2295 942 2346 Aspero
977 2294 1093 2331 etiam
1127 2293 1232 2331 in'db

618 2358 664 2397 M
684 2359 706 2397 5
