1573 2598
321 210 408 258 372
777 213 826 245 τ.
850 215 983 246 mvn

130 302 524 377 H-ggssl-Camillus,
557 302 748 354 captivum
779 305 944 343 indicem
976 318 1024 343 ex
1053 304 1153 354 agris
1182 310 1332 342 secutus
1365 304 1434 342 du-

164 365 173 376 ’
215 368 222 377 ‘
262 353 313 379 ⁹¹⁸
326 379 422 412 cem,
443 369 574 404 castris
594 367 714 405 multa
731 375 845 406 nocte
868 371 996 413 motis,
1017 370 1139 421 prima
1158 369 1242 406 luce
1262 369 1435 418 aliquan·

324 438 366 468 to
386 432 642 482 superioribus
661 432 754 470 locis
774 447 814 471 se
833 435 1012 471 ostendit.
1048 434 1250 471 Trifariam
1266 433 1436 470 Romani

324 496 570 535 muniebant:
602 497 697 534 alius
723 499 909 536 exercitus
935 499 1073 549 proelio
1101 499 1270 535 intentus
1297 497 1436 534 stabat.

325 560 386 597 Ibi
414 561 584 611 inpedire
613 574 707 611 opus
734 570 892 600 conatos
917 563 1047 600 hostes
1073 562 1200 600 fundit
1224 562 1434 611 fugatque3

325 630 550 674 tantumque
578 625 666 662 inde
691 626 840 676 pavoris
871 626 1028 664 Faliscis
1058 625 1242 677 injectum
1272 630 1343 668 est,
1379 629 1435 668 ut,

326 688 444 725 effusa
468 688 561 738 fuga
584 695 709 726 castra
731 702 799 726 sua
819 703 901 739 quae
926 691 1109 741 propiora
1127 695 1248 733 erant,
1275 688 1436 740 praelati,

326 751 458 789 urbem
489 759 674 802 peterent.
728 753 846 790 Multi
883 755 970 791 caesi
1005 754 1281 802 vulneratique,
1315 753 1439 802 prius-

325 828 440 865 quam
475 823 654 866 paventes
691 817 811 867 portis
849 818 1084 854 inciderent:
1134 823 1258 853 castra
1294 821 1405 865 capta
1423 830 1434 860 3

325 880 454 931 praeda
489 880 535 916 ad
566 887 771 929 quaestores
803 881 959 918 redacta
988 895 1073 918 cum
1103 893 1243 929 magna
1274 879 1437 916 militum

325 945 405 981 ira:
437 946 514 988 sed,
538 946 737 982 severitate
761 946 908 995 imperii
932 947 1037 989 victi,
1066 945 1234 982 eamdem
1259 945 1438 980 virtutem

328 1016 366 1046 et
394 1009 566 1052 oderant,
597 1016 635 1046 et
663 1009 910 1047 mirabantur.
968 1009 1130 1046 Obsidio
1152 1009 1240 1046 inde
1264 1007 1380 1051 urbis,
1401 1013 1440 1043 et

326 1074 572 1117 munitiones,
594 1079 632 1110 et
650 1074 839 1110 interdum
858 1086 925 1124 per
941 1074 1180 1110 occasionem
1199 1072 1348 1123 inpetus
1369 1083 1438 1122 op-

325 1138 551 1189 pidanorum
578 1139 617 1174 in
644 1137 841 1175 Romanas
866 1139 1065 1181 stationes,
1091 1136 1300 1187 proeliaque
1324 1148 1440 1186 parva

326 1201 432 1247 fieri3
468 1207 506 1238 et
531 1202 601 1238 teri
630 1207 794 1252 tempus,
824 1207 962 1237 neutro
990 1201 1173 1237 inclinata
1199 1212 1264 1250 spe
1280 1215 1290 1245 3
1324 1211 1439 1248 quum

323 1264 558 1302 frumentum
587 1265 781 1315 copiaeque
809 1264 891 1300 aliae
921 1277 967 1301 ex
996 1269 1272 1301 anteconvecto
1297 1262 1438 1311 largius

326 1328 504 1372 obsessis,
525 1342 638 1377 quam
663 1328 941 1371 obsidentibus,
963 1327 1218 1378 subpeterent.
1272 1325 1439 1362 Videba-

323 1398 462 1443 turque
491 1406 595 1442 aeque
624 1393 821 1429 diuturnus
850 1393 999 1429 futurus
1028 1392 1151 1435 labor,
1179 1404 1222 1428 ac
1248 1391 1352 1426 Veiis
1378 1389 1439 1426 fu-

326 1458 440 1503 isset3
472 1458 511 1493 ni
531 1457 688 1493 fortuna
713 1457 933 1507 imperatori
959 1457 1139 1493 Romano
1160 1455 1271 1492 simul
1290 1461 1328 1491 et
1346 1466 1439 1503 cog·

327 1521 417 1557 nitae
450 1520 561 1557 rebus
594 1519 739 1556 bellicis
772 1520 922 1556 virtutis
954 1521 1145 1570 specimen
1182 1526 1220 1555 et
1252 1524 1439 1555 maturam

327 1585 523 1622 victoriam
544 1584 717 1622 dedisset.

382 1648 558 1685 XXVII.
587 1647 676 1684 Mos
698 1652 779 1683 erat
800 1646 973 1690 Faliscis,
994 1647 1125 1683 eodem
1144 1646 1327 1694 magistro
1345 1644 1440 1681 libe-

328 1725 456 1749 rorum
486 1718 524 1748 et
552 1712 692 1748 comite
721 1711 799 1746 uti:
831 1709 1017 1759 simulque
1042 1709 1166 1760 plures
1190 1710 1310 1759 pueri,
1338 1708 1440 1758 quod

138 1779 282 1831 Magistri
329 1777 445 1813 hodie
464 1788 614 1826 quoque
634 1776 673 1812 in
694 1774 842 1811 Graecia
869 1780 1012 1817 manet,
1039 1774 1149 1810 unius
1170 1784 1267 1809 curae
1287 1773 1441 1808 deman-

133 1821 313 1903 ἷυᾶὶξῐξξῐῑε
332 1841 543 1877 dabantur:
574 1840 789 1890 principum
808 1838 962 1882 liberos,
989 1839 1088 1874 sicut
1108 1838 1187 1874 sere
1209 1837 1265 1881 fit,
1286 1837 1350 1886 qui
1369 1836 1441 1872 sci-

136 1907 241 1938 scelus
257 1915 288 1939 et
332 1905 435 1941 entia
462 1903 661 1941 videbatur
688 1902 916 1954 praecellere,
946 1900 1152 1938 erudiebat.
1209 1901 1247 1936 Is
1267 1913 1382 1949 quum
1401 1900 1441 1935 in

136 1959 242 1990 poena‘
331 1981 423 2018 pace
453 1968 681 2004 instituisset
708 1979 844 2016 pueros
871 1972 960 2002 ante
984 1965 1116 2001 urbem
1144 1964 1246 2001 lusus
1263 1975 1442 2000 exercen-

330 2031 442 2080 dique
475 2042 608 2067 caussa
636 2031 844 2080 producere
860 2046 871 2075 3
912 2029 1007 2066 nihil
1042 2041 1087 2065 eo
1116 2041 1222 2064 more
1254 2041 1321 2078 per
1352 2027 1442 2063 belli

329 2101 478 2145 tempus
509 2095 739 2138 intermisso,
775 2101 871 2136 tum,
902 2094 1017 2130 modo
1045 2092 1296 2135 brevioribus,
1326 2091 1440 2128 modo

329 2158 568 2207 longioribus
588 2158 734 2207 spatiiS,
755 2157 941 2194 trahendo
961 2169 1025 2193 eos
1055 2169 1076 2191 a
1105 2161 1229 2206 porta,
1259 2155 1342 2191 lusu
1362 2167 1441 2191 ser-

331 2222 583 2271 monibusque
610 2222 778 2264 variatis,
808 2221 958 2269 longius
988 2219 1116 2262 solito,
1142 2219 1206 2255 ubi
1235 2231 1292 2254 res
1323 2218 1440 2263 dedit,

331 2298 567 2337 progressus,
606 2288 704 2323 inter
740 2286 923 2322 stationes
954 2296 1019 2320 eos
1047 2283 1215 2319 hostium
1244 2289 1440 2331 castraque

332 2351 419 2388 inde
438 2350 619 2388 Romana
644 2352 683 2388 Ph
709 2350 930 2401 praetorium
948 2349 996 2386 ad
1018 2347 1221 2386 Camillum
1238 2346 1436 2399 perduxit:
