1573 2598
449 166 604 196 LIBER
628 166 663 195 1.
695 165 803 195 CAP.
825 165 931 196 LVI·
1193 158 1250 206 77

136 268 208 307 que
227 262 363 293 cuncta
386 255 623 306 portendere.
679 253 768 291 Hoc
791 251 1055 304 perpetuitatis
1081 252 1252 304 auspicio

136 327 307 370 accepto,
328 325 497 356 secutum
522 318 636 362 aliud,
657 318 958 368 magnitudinem
985 317 1134 368 imperii
1162 329 1252 368 por-

135 385 308 427 tendens,
338 383 552 434 prodiginm
581 388 667 418 est:
708 389 823 433 caput
857 383 1066 418 humanum
1102 382 1252 429 integra

135 447 234 484 facie
261 446 514 498 aperientibus
540 445 787 483 fundamenta
810 445 943 497 templi
971 445 1109 482 dicitur
1135 444 1251 495 adpa-

137 513 267 549 ruisse.
322 511 418 550 Quae
448 511 527 546 visa
555 511 712 561 species,
742 510 844 547 haud
873 523 940 561 per
969 510 1164 558 ambages,
1193 521 1253 545 ar-

136 591 218 616 cem
237 590 320 614 eam
338 577 486 627 imperii
505 582 693 627 caputque
719 589 844 613 rerum
865 576 948 614 fore
972 574 1224 627 portendebat
1242 588 1250 611 :

135 642 247 691 idque
266 641 320 678 ita
339 641 508 678 cecinere
526 646 645 684 vates,
666 641 806 690 quique
825 640 864 676 in
886 640 977 676 urbe
997 645 1118 683 erant,
1139 650 1253 688 quos-

137 717 209 755 que
237 704 285 741 ad
311 717 397 742 eam
424 717 503 740 rem
531 704 822 741 consultandam
849 716 897 743 ex
920 703 1077 743 Etruria
1105 702 1253 739 adcive·

137 775 234 806 rant.
295 768 520 816 Augebatur
548 768 595 804 ad
622 769 799 818 inpensas
828 767 926 816 regis
957 767 1116 803 animus.
1173 765 1253 801 Ita-

137 846 210 883 que
237 833 447 870 Pometinae
479 832 682 876 manubiae,
711 845 794 881 quae
822 831 1062 882 perducendo
1095 829 1143 866 ad
1175 829 1255 866 cul-

136 910 224 936 men
242 898 348 947 operi
372 898 568 934 destinatae
592 904 713 939 erant,
735 898 798 933 w'x
824 898 864 933 in
888 896 1138 933 fundamenta
1165 893 1255 930 sub-

137 961 363 1012 peditavere.
417 961 479 1005 EQ
498 961 618 1009 magis
638 960 773 1003 Fabio,
795 967 1047 1010 praeterquam
1065 958 1168 1008 quod
1186 971 1254 994 an-

139 1025 280 1073 tiquior
316 1031 386 1067 est,
416 1024 650 1066 crediderim,
683 1025 961 1073 quadringenta
998 1036 1042 1059 ea
1078 1021 1160 1058 sola
1194 1028 1255 1058 ta-

139 1087 243 1127 lenta
269 1088 399 1132 fuisse,
429 1101 542 1137 quam
570 1088 703 1124 Pisoni
718 1104 729 1133 5
766 1089 829 1136 qui
859 1088 1110 1137 quadraginta
1137 1085 1261 1122 millia

138 1153 267 1202 pondo
287 1153 434 1200 argenti
455 1152 621 1202 seposita
642 1151 681 1186 in
702 1164 785 1187 eam
806 1164 886 1187 rem
905 1151 1050 1193 scribit,
1072 1161 1256 1186 summam

138 1216 307 1265 pecuniae
337 1227 459 1263 neque
488 1227 535 1250 ex
563 1214 673 1250 unius
702 1220 785 1250 tum
813 1214 915 1250 urbis
945 1213 1072 1264 praeda
1100 1225 1256 1262 speran-

138 1280 239 1323 dam,
269 1285 307 1316 et
335 1278 488 1321 nullius,
517 1291 566 1314 ne
601 1279 738 1314 horum
775 1278 927 1327 quidem
963 1277 1257 1326 magnificentiae

139 1356 311 1395 operum,
332 1343 579 1379 fundamenta
598 1356 676 1381 non
695 1351 1017 1393 exsuperatnram.

190 1408 296 1446 LVI.
326 1407 501 1444 Intentus
527 1407 756 1457 perficiendo
774 1407 934 1457 templo,
954 1406 1071 1443 fabris
1091 1406 1258 1455 undique

137 1487 186 1511 ex
203 1474 358 1510 Etruria
377 1474 524 1516 adcitis,
546 1486 624 1509 non
647 1474 809 1523 pecunia
828 1472 951 1508 solum
970 1472 1017 1509 ad
1039 1472 1077 1508 id
1106 1471 1259 1522 publica

137 1543 195 1574 est
223 1550 325 1580 usus,
356 1537 420 1573 sed
453 1538 577 1587 operis
615 1537 730 1572 etiam
767 1549 813 1572 ex
849 1536 972 1586 plebe.
1029 1536 1106 1575 Qui
1141 1548 1259 1585 quum

137 1601 239 1639 haud
266 1614 402 1651 parvus
422 1606 460 1636 et
486 1601 566 1650 ipse
593 1600 738 1636 militiae
761 1600 961 1636 adderetur
988 1599 1111 1642 labor,
1131 1600 1256 1636 minus

137 1672 266 1702 tamen
294 1665 400 1715 plebs
430 1664 672 1713 gravabatur,
699 1676 738 1700 se
767 1664 908 1714 templa
934 1664 1062 1701 Defim
1091 1663 1257 1700 exaedifi-

138 1742 223 1767 care
251 1729 424 1766 manibus
454 1729 530 1764 suis
548 1742 556 1764 z
588 1741 671 1777 quae
697 1728 857 1777 posthac
877 1734 915 1764 et
935 1728 982 1764 ad
1003 1727 1089 1771 alia,
1111 1734 1153 1764 ut
1172 1740 1258 1779 spe-

139 1794 196 1830 cie
224 1793 386 1836 minora,
416 1792 469 1828 sic
496 1791 638 1828 laboris
664 1791 861 1841 aliquanto
886 1790 1056 1842 majoris,
1083 1791 1258 1828 traduce-

137 1856 251 1895 batur
278 1868 395 1906 opera
409 1872 420 1902 3
452 1855 556 1892 foros
580 1856 620 1892 in
647 1856 749 1891 circo
777 1855 986 1898 faciendos,
1015 1855 1258 1905 cloacamque
1272 1867 1341 1897 Pori
1357 1866 1390 1898 in
1406 1868 1465 1898 011».

139 1922 358 1964 maximam,
395 1920 676 1970 receptaculum
712 1921 884 1957 omnium
920 1926 1258 1971 purgamentorum
1270 1920 1330 1941 co:
1351 1911 1466 1960 ‘cloaca

139 1986 258 2029 urbis,
285 1985 354 2021 sub
379 1991 519 2022 terram
548 1985 759 2034 agendam:
791 1985 926 2034 quibus
957 1984 1103 2022 duobus
1133 1985 1258 2035 operi·
1271 1963 1426 1985 maxum·

139 2050 209 2090 bus
228 2050 289 2086 vix
318 2063 418 2086 nova
435 2050 516 2087 haec
536 2049 820 2098 magnificentia
839 2050 1042 2099 quidquam
1062 2049 1260 2098 adaequare

140 2114 278 2165 potuit.
333 2114 407 2150 His
435 2113 629 2154 laboribus
659 2114 826 2150 exercita
849 2113 974 2164 plebe,
995 2113 1083 2163 quia
1109 2118 1148 2148 et
1174 2113 1260 2151 urbi

142 2177 436 2222 multitudinem,
469 2178 535 2214 ubi
570 2190 659 2215 usus
696 2191 775 2217 non
812 2184 924 2221 esset,
964 2178 1070 2214 oneri
1106 2177 1260 2214 rebatur

142 2254 237 2286 esse,
267 2247 306 2278 et
341 2242 486 2283 colonis
522 2243 716 2279 mittendis
747 2243 925 2293 occupari
961 2242 1073 2278 latius
1110 2241 1259 2293 imperii

141 2306 234 2344 fines
264 2306 442 2354 volebat3
479 2307 650 2357 Signiam
679 2307 923 2357 Circeiosque
952 2306 1110 2345 colonos
1139 2307 1257 2352 misit,

693 2371 729 2408 E
746 2373 770 2409 3
