1573 2598
361 216 517 246 mni-:n
539 214 589 245 v.
620 214 728 244 ωε.
748 213 905 244 xviri.
1103 203 1186 258 361

70 307 176 346 fama
192 307 328 346 Romae
348 313 451 345 erat:
487 318 608 356 eoque
629 306 828 343 mitescere
848 304 1044 343 discordia.
1068 305 1188 342 intes-

71 373 162 410 tinae
182 378 287 410 metu
305 371 512 415 communi,
533 376 576 407 ut
594 369 649 414 fit,
670 376 819 420 coeptae.

125 436 279 474 XVIII.
310 435 425 473 Haud
455 434 582 472 invitis
610 432 787 471 Patribus
810 433 854 470 P.
874 432 1066 470 Licinium
1095 431 1183 470 cal·
1195 430 1230 461 P·
1247 430 1370 463 Licinio

71 513 160 538 vum
188 501 441 552 praerogativa
467 498 664 536 tribunum
691 497 856 534 militum
883 510 962 534 non
991 502 1182 548 petentem
1194 475 1376 549 ῧξξῗὲᾙω

70 571 215 609 creant,
239 564 513 602 moderationis
543 570 707 614 expertae
738 564 777 601 in
805 564 930 614 priore
959 564 1184 613 magistratu
1196 561 1352 593 militum.

68 630 205 674 virum,
226 636 393 666 ceterum
413 628 498 680 jam
523 635 603 666 tum
630 635 775 666 exactae
801 629 946 666 aetatis:
978 641 1185 678 omnesque

68 693 244 744 deinceps
264 706 312 730 ex
331 692 493 742 collegio
518 691 688 743 ejusdem
713 693 803 729 anni
832 692 935 729 refici
963 692 1184 743 adparebat,

66 757 114 796 L.
133 757 335 802 Titinium,
361 757 405 795 P.
424 757 623 802 Maenium,
650 758 694 795 P.
713 757 900 800 Maelium,
925 757 996 793 Cn.
1017 757 1185 794 Genuci-

65 834 144 865 um,
161 820 209 858 L.
224 820 406 858 Atilium:
432 822 496 871 qui
515 822 734 872 priusquam
754 821 1081 863 renunciarentur,
1095 820 1185 871 jure

66 886 212 923 vocatis
231 885 406 923 tribubus
426 886 613 937 permissu
631 886 832 935 interregis
852 885 895 923 P.
908 885 1080 922 Licinius
1097 884 1186 922 Cal-

66 963 134 987 vus
168 950 224 986 ita
251 949 368 987 verba
394 950 510 987 fecit:
552 951 663 987 Omen
690 951 900 993 concordiae,
933 950 1104 993 Quirites,
1132 951 1190 987 rei

66 1016 223 1052 manime
241 1016 279 1052 in
298 1015 364 1052 hoc
382 1020 520 1064 tempus
537 1016 635 1059 utili,
656 1016 831 1052 memoria
854 1016 969 1051 nostri
990 1016 1185 1062 magistra-

69 1085 126 1116 tus
142 1091 204 1116 vos
221 1079 275 1116 his
293 1081 446 1116 comitiis
461 1084 584 1128 petere
603 1081 640 1116 in
654 1081 896 1129 insequentem
914 1091 1049 1116 annum
1070 1080 1185 1117 video.

67 1143 111 1180 Si
128 1144 285 1192 collegas
302 1145 439 1180 eosdem
456 1144 615 1193 reficitis,
636 1145 748 1180 etiam
768 1156 833 1181 usu
861 1144 1026 1180 meliores
1042 1143 1184 1193 factos,

64 1207 213 1254 mejam
230 1220 301 1244 non
319 1209 495 1251 eumdem,
514 1210 575 1246 sed
592 1209 758 1246 umbram
773 1221 971 1258 nomenque
989 1209 1034 1246 P.
1048 1209 1186 1245 Licinii

62 1273 231 1309 relictum
248 1273 376 1310 videtis
391 1289 402 1309 .·
429 1274 523 1309 vires
543 1275 703 1322 corporis
727 1272 893 1322 adfectae,
912 1285 1032 1309 sensus
1061 1273 1184 1310 oculo-

64 1350 146 1374 rum
164 1342 272 1386 atque
290 1339 433 1374 aurium
451 1337 601 1381 hebetes,
621 1339 796 1374 ‘memoria
810 1329 926 1380 'labat‚
945 1339 1048 1386 vigor
1069 1338 1185 1374 animi

65 1402 220 1439 obtusus.
275 1402 336 1438 En
369 1402 480 1445 vobis,
510 1402 648 1451 inquit,
669 1400 852 1449 juvenem,
882 1401 1002 1438 filium
1030 1408 1178 1445 tenens,
1191 1404 1269 1443 Ejus
1285 1404 1368 1442 filio,

64 1465 218 1515 effigiem
232 1469 340 1515 atque
358 1467 552 1514 imaginem
570 1465 656 1512 ejus,
673 1478 777 1515 quem
794 1478 855 1502 vos
873 1471 982 1502 antea
999 1466 1179 1503 tribunam
1191 1455 1385 1528 ξΐῗῗῐὲξξξῗ·

63 1531 222 1567 militum
240 1543 282 1567 ex
295 1531 400 1580 plebe
415 1533 578 1580 primum
595 1530 752 1580 fecistis.
808 1531 918 1567 Hunc
936 1543 1014 1579 ego,
1035 1530 1179 1568 instita·
1191 1536 1295 1567 datur.

66 1599 141 1631 tum
158 1595 350 1644 disciplina
367 1607 461 1639 mea,
481 1597 658 1632 vicarium
669 1608 739 1644 pro
758 1608 814 1632 me
829 1596 1049 1645 Reipublicae
1062 1598 1107 1633 do
1123 1598 1180 1633 di-

64 1671 183 1708 coque.
245 1660 381 1709 Vosque
408 1673 537 1709 quaeso,
569 1662 740 1704 Quirites,
771 1662 934 1697 delatum
965 1661 1056 1697 mihi
1083 1663 1182 1698 ultro

65 1722 234 1759 honorem
252 1723 334 1759 huic
347 1726 500 1772 petenti,
520 1725 676 1773 meisque
690 1737 760 1773 pro
779 1737 819 1761 eo
839 1723 986 1771 adjectis
1001 1725 1179 1773 precibus,

63 1787 252 1822 mandetis.
306 1786 452 1823 Datum
480 1787 519 1823 id
550 1788 696 1837 petenti
724 1788 846 1838 patri5
887 1788 1061 1837 filiusque
1098 1788 1177 1838 ejus
1191 1791 1283 1822 U.C.
1300 1796 1375 1824 359.

63 1848 108 1887 P.
139 1848 312 1886 Licinius
348 1850 523 1887 tribunus
563 1851 727 1888 militum
764 1851 953 1888 consulari
988 1858 1178 1902 potestate
1189 1835 1229 1865 A*
1247 1835 1284 1865 C·
1300 1840 1375 1867 3⁹3·

64 1926 151 1950 cum
168 1914 228 1957 iis,
249 1926 344 1963 quos
364 1927 478 1965 supra
496 1915 727 1965 scripsimuS,
748 1915 969 1953 declaratus.
1010 1916 1175 1953 Titinius
1189 1919 1285 1959 Apud
1302 1920 1360 1949 Fa-

63 1976 332 2027 Genuciusque
349 1977 494 2014 tribuni
518 1978 694 2023 militum,
715 1980 878 2030 profecti
900 1981 1073 2017 adversus
1102 1979 1176 2017 Fa·
1187 1962 1383 2046 Ῑῐίἒξέἱὸῗὲῗὶο

62 2039 175 2077 liscos
196 2041 497 2091 Capenatesque,
518 2042 607 2079 dum
628 2042 770 2079 bellum
788 2043 933 2094 majore
952 2046 1079 2081 animo
1109 2057 1174 2093 ge-

63 2110 165 2148 runt,
185 2118 298 2154 quam
317 2106 492 2150 consilio,
512 2107 794 2157 praecipitavere
813 2109 852 2144 in
876 2109 1043 2145 insidias.
1100 2109 1178 2146 Ge-

63 2168 211 2211 nucius,
227 2175 351 2206 morte
367 2170 531 2207 honesta
547 2172 803 2208 temeritatem
821 2171 942 2215 luens,
961 2179 1049 2208 ante
1069 2173 1181 2221 sigua

63 2231 164 2268 inter
191 2233 373 2281 primores
402 2235 551 2272 cecidit.
606 2235 788 2280 Titinius,
809 2237 848 2273 in
878 2238 1022 2273 editum
1050 2243 1178 2274 tumu-

63 2294 142 2332 lum
162 2307 209 2332 ex
228 2297 349 2334 multa
364 2300 618 2349 trepidatione
637 2300 821 2338 militibus
842 2301 1038 2344 conlectis,
1060 2302 1179 2338 aciem

65 2359 233 2397 restituit
248 2376 259 2407 ς
290 2374 361 2400 nec
379 2375 420 2400 se
437 2369 566 2402 tamen
592 2378 701 2414 aequo
729 2364 816 2403 loeo
844 2366 947 2403 hosti
976 2366 1177 2404 commisit.

119 2423 220 2461 VoL.
249 2424 281 2463 I.
617 2428 657 2465 R
