1573 2598
0 825 3 904 Ι

405 181 566 210 mmm*
583 179 630 210 v.
662 180 768 210 cAP.
791 181 912 210 xxx.
1129 179 1213 227 377

99 270 200 307 banis
232 271 516 308 intercessionem
545 272 728 308 sustulisse
740 288 753 315 ,-
782 272 1029 310 intercessione
1055 273 1211 317 sublata,

98 335 326 372 tribuniciam
347 340 562 384 potestatem
581 337 754 373 evertisse.
812 337 923 381 Nam,
944 338 1040 386 quod
1059 338 1116 374 illi
1132 350 1212 386 spe-

96 404 234 443 rarent,
264 401 477 449 effrenatam
507 402 690 437 licentiam
718 399 793 447 ejus
819 403 1054 450 magistratus
1082 402 1214 439 Patres

97 464 247 507 laturos,
263 463 360 514 fi‘lli
384 477 452 501 eos.
509 465 551 501 Si
571 465 765 502 tribunicia
782 468 835 502 vis
862 467 1052 503 tribunicio
1076 467 1213 503 auxilio

93 529 223 576 repelli
255 534 421 578 nequeat,
456 526 561 565 atiud
594 531 705 566 telum
735 531 867 567 Patres
896 532 1100 567 inventuros
1128 540 1211 568 esse.

95 592 355 642 Consulesque
390 593 626 643 increpabat,
658 594 760 643 quod
798 595 869 631 fide
905 594 1059 645 publica
1088 594 1212 644 decipi

91 655 266 692 tribunos
292 669 356 692 eos
379 657 486 693 taciti
516 656 706 701 tulissent,
735 659 799 706 qui
827 664 979 694 senatus
1003 658 1212 694 auctorita-

90 724 169 755 tem
197 720 316 755 secuti
339 726 476 757 essent.
534 720 630 757 Haec
652 721 851 771 propalam
870 722 1210 758 concionabundus

89 781 130 818 in
149 782 228 818 dies
248 783 368 831 magis
385 784 551 832 augebat
570 784 644 820 iras
664 785 876 822 hominum.

143 845 281 882 XXX.
326 846 508 883 Senatum
544 859 634 883 vero
671 848 831 884 incitare
868 848 1044 884 adversus
1085 847 1209 897 legem

77 893 192 946 {aud
227 910 454 947 desistebat:
489 913 546 948 Ne
574 914 681 949 aliter
718 914 966 950 descenderent
1000 914 1038 948 in
1063 911 1207 961 forum,

90 984 197 1021 quum
226 975 298 1010 dies
315 974 480 1022 ferenclae
509 976 595 1023 Iegis
622 978 781 1018 venisset,
803 989 911 1024 quam
936 982 978 1012 ut
1003 978 1064 1024 qui
1084 978 1208 1012 memi-

88 1039 233 1081 nissent,
252 1039 317 1075 sibi
337 1051 407 1087 pro
425 1041 498 1075 aris
511 1040 679 1088 focisque
697 1046 732 1076 et
751 1042 874 1076 Deum
895 1042 1035 1088 templis
1054 1053 1098 1076 ac
1118 1042 1205 1083 solo,

88 1103 126 1137 in
148 1115 217 1150 quo
240 1106 318 1139 nati
342 1110 464 1146 essent,
493 1106 736 1141 dimicandum
754 1104 854 1151 fore.
912 1106 1010 1141 Nam
1039 1097 1133 1154 qitod
1161 1106 1210 1142 acl

87 1177 124 1202 se
148 1168 319 1214 privatim
345 1169 519 1210 adtineat,
539 1170 569 1204 si
591 1181 664 1206 suae
686 1170 813 1216 gloriae
839 1169 905 1205 sibi
935 1171 1029 1205 inter
1057 1170 1208 1205 dimicm

88 1231 220 1266 tionem
244 1233 376 1278 patriae
404 1234 600 1268 meminisse
626 1235 674 1268 sit
691 1232 772 1281 fas,
795 1232 860 1268 sibi
887 1234 1048 1280 amplum
1074 1243 1212 1280 quoque

87 1305 169 1337 esse,
190 1295 310 1331 urbem
332 1297 374 1331 ab
399 1309 435 1332 se
460 1302 605 1345 captam
620 1297 867 1345 frequentari,
889 1298 1049 1345 quotidie
1073 1309 1108 1332 se
1123 1296 1211 1345 frui

86 1365 314 1395 monumento
340 1361 466 1407 gloriae
493 1373 578 1403 suoe,
606 1367 641 1397 et
670 1367 754 1397 ante
782 1363 902 1398 oculos
934 1362 1061 1398 habere
1089 1362 1211 1397 urbem

88 1421 200 1458 lotam
221 1424 257 1458 in
277 1424 458 1471 triumpho
475 1432 551 1466 suo,
574 1427 732 1461 insistere
750 1437 867 1461 omnes
884 1427 1040 1472 vestigiis
1060 1427 1210 1461 l-:uclum

86 1497 260 1523 suarum:
293 1488 354 1523 sed
384 1487 488 1536 nefas
520 1490 661 1531 ducere,
690 1491 864 1525 desertam
898 1502 941 1525 ac
972 1490 1137 1525 relicta-m
1166 1488 1212 1524 ab

1226 274 1268 304 U.
1280 273 1317 305 C.
1333 279 1408 305 3⁶2.

1224 317 1266 347 A.
1279 317 1316 348 C.
1333 323 1408 351 ³90.

1222 853 1380 886 Senatum

1222 898 1332 927 incitat
1347 898 1404 927 ad-

1222 950 1329 970 versus
1345 939 1392 969 le-

1221 994 1293 1023 gem
1311 984 1350 1012 de
1367 982 1427 1012 mi·

1221 1027 1340 1065 grando
1356 1026 1417 1056 Ve-

1220 1070 1278 1100 ios.

1243 1415 1284 1425 *ms

86 1550 175 1586 Diis
194 1552 442 1587 inmortalibus
460 1553 568 1588 incoli
594 1553 713 1589 urbem
727 1570 740 1596 ‚-
770 1559 806 1589 et
829 1555 867 1588 in
887 1555 1030 1601 captivo
1048 1553 1124 1588 solo
1145 1551 1209 1587 Ιια-
1246 1561 1251 1565 ’

86 1612 201 1649 bitare
224 1615 403 1662 populum
431 1615 651 1658 Romanum,
682 1621 717 1652 et
744 1618 890 1653 victrice
924 1618 1047 1664 patria
1076 1618 1210 1652 victam

84 1679 233 1714 mutari.
280 1677 354 1713 His
374 1678 704 1715 adhortationibus
725 1680 907 1729 principis
929 1679 1113 1714 concitati
1133 1678 1207 1714 Pa-

85 1746 177 1783 tres,
206 1753 312 1776 senes
336 1741 585 1791 juvenesque,
616 1755 732 1791 quum
761 1743 924 1779 ferretur
953 1742 1026 1784 lex,
1055 1742 1208 1790 agmine

84 1804 189 1842 facto
222 1807 261 1842 in
293 1806 418 1842 forum
448 1814 656 1843 venerunt:
689 1808 937 1857 dissipatique
970 1820 1037 1856 per
1068 1806 1206 1850 tribus,

85 1883 173 1907 suos
190 1872 348 1921 quisque
367 1872 525 1909 tribules
546 1879 783 1922 prensantes,
805 1885 913 1909 orare
932 1885 1018 1908 eum
1042 1872 1206 1908 lacrimis

85 1946 247 1984 coepere,
270 1936 327 1972 Ne
345 1948 425 1972 eam
444 1938 617 1985 patriam,
636 1948 704 1984 pro
724 1947 796 1984 qua
810 1935 1017 1985 fortissime
1031 1935 1206 1984 felicissi-

83 2011 209 2048 meque
240 2002 309 2048 ipsi
337 2013 380 2036 ac
412 2006 536 2049 patres
568 2013 691 2037 eorum
720 2002 961 2043 dimicassent,
993 2001 1205 2043 desererent,

86 2063 333 2113 Capitolium,
355 2064 471 2100 aedem
490 2064 632 2106 Vestae,
653 2070 781 2100 cetera
807 2065 909 2100 circa
932 2063 1077 2113 templa
1098 2063 1205 2099 Deo-

84 2133 168 2162 rum
207 2132 458 2164 ostentantes.
516 2128 574 2164 Ne
609 2129 776 2170 exsulem,
815 2133 993 2164 extorrem
1026 2127 1207 2175 populu-m

86 2189 289 2237 Romanum
307 2191 351 2228 ab
368 2192 443 2228 solo
464 2193 589 2240 patrio
607 2204 651 2228 ac
669 2193 757 2229 Diis
778 2192 969 2240 penatibus
993 2193 1031 2227 in
1050 2191 1206 2228 hostium

84 2254 205 2290 urbem
228 2259 395 2302 agerent3
423 2267 533 2304 eoque
559 2267 635 2292 rem
663 2256 896 2299 adducerent,
920 2260 962 2292 ut
988 2255 1116 2292 metius
1132 2253 1205 2304 fu-

83 2319 166 2362 erit,
187 2330 258 2355 non
276 2321 358 2368 capi
381 2320 496 2363 Veios,
514 2330 560 2357 ne
579 2320 698 2358 Roma
717 2322 950 2358 desereretur.
1004 2318 1109 2359 Quia
1126 2329 1205 2355 nou
