1573 2598
152 227 244 271 Urc-
259 237 330 262 430.

150 275 192 304 A.
204 274 240 305 C.
255 280 329 306 322.

142 801 296 842 Legiones

142 843 300 875 Rornanae

139 888 181 916 'de
197 889 304 918 indus-

140 930 201 958 tria
218 931 301 961 male

143 981 302 1013 pugnant.

343 119 429 175 584
797 133 844 165 τ.
869 129 1001 166 nvn

345 220 410 257 bio
428 221 580 268 fuisset3
604 228 655 266 et,
672 223 772 271 quod
791 224 866 259 suis
886 225 1058 274 precibus
1071 233 1262 276 negasset,
1278 227 1358 280 ejus
1377 238 1447 282 p'oae

343 285 434 336 pulo
452 285 630 322 Romano
649 287 797 323 veniam
816 287 988 325 dedisset.

396 349 591 385 XXXVI.
620 349 827 398 Postquam
854 351 1030 395 dictator,
1059 356 1263 404 praeposito
1287 357 1326 393 in
1353 357 1446 395 urbe

341 410 389 448 L.
406 412 560 462 Papirio
580 413 718 461 Crasso
733 414 914 461 magistro
930 416 1113 464 equitum,
1132 417 1181 456 Q.
1194 418 1314 456 Fabio
1325 422 1444 458 vetito

341 477 544 528 quidquam
563 490 631 526 pro
647 478 870 525 magistratu
886 490 1011 526 agere,
1029 480 1067 515 in
1085 488 1207 518 castra
1221 484 1354 529 rediit3
1377 497 1444 521 ne-

340 553 412 588 que
432 540 573 576 civibus
592 541 683 576 satis
702 540 810 576 laetus
830 541 1010 578 adventus
1032 541 1110 592 ejus
1127 544 1214 589 fuit,
1234 559 1303 582 nec
1322 547 1444 584 hosti-

338 601 408 638 bus
429 604 629 651 quidquam
649 602 784 638 adtulit
803 605 976 639 terroris:
1008 618 1170 655 namque
1195 615 1349 657 postero
1368 610 1442 654 die,

339 677 405 701 seu
430 666 551 714 ignari
579 667 724 701 venisse
743 663 980 710 dictatorem,
1001 680 1079 711 seu,
1101 669 1248 707 adesset
1267 684 1314 707 an
1334 672 1444 710 abes·

338 737 408 772 set,
427 730 534 779 parvi
551 729 748 773 facientes,
768 730 952 766 instructa
971 732 1050 767 acie
1069 733 1115 767 ad
1134 740 1258 770 castra
1276 747 1444 773 accesse-

337 799 437 829 runt.
495 794 670 829 Ceterum
690 800 836 829 tantum
857 796 1039 831 momenti
1059 796 1098 831 in
1118 808 1194 832 uno
1210 798 1290 833 viro
1309 798 1355 836 L.
1368 798 1443 836 Pa·-

337 857 434 906 pirio
453 856 540 898 fuit,
558 862 612 899 ut,
630 857 659 892 si
680 856 783 891 ducis
800 856 958 892 consilia
974 857 1081 893 favor
1100 858 1351 908 subsequutus
1369 862 1442 898 mi-

337 919 446 955 litum
470 919 583 962 foret,
604 918 782 954 debellari
807 930 853 954 eo
878 919 938 954 die
964 932 1049 955 cum
1078 920 1310 958 Samnitibus
1328 930 1442 973 potu-

336 983 423 1026 isse,
440 995 508 1032 pro
527 982 629 1018 haud
640 981 756 1018 dubio
771 982 943 1018 habitum
962 983 1030 1020 sit:
1052 984 1108 1019 ita
1125 985 1306 1022 instruxit
1320 987 1440 1024 aciem

335 1047 422 1083 loco
442 1060 484 1084 ac
504 1046 693 1089 subsidiis,
709 1046 763 1081 ita
782 1047 886 1082 omni
901 1052 980 1083 arte
994 1047 1130 1085 bellica
1143 1048 1316 1087 firmavit.
1347 1051 1439 1088 Ces-

335 1117 459 1146 satum
479 1123 501 1146 a
514 1110 648 1152 milite,
664 1122 708 1145 ac
723 1109 770 1145 de
786 1109 985 1154 industria,
1003 1116 1046 1147 ut
1063 1111 1340 1149 obtrectaretur
1357 1113 1439 1151 lau-

319 1173 443 1209 dibus
463 1173 580 1216 ducis,
601 1172 769 1222 inpedita
786 1172 946 1230 victoria
963 1180 1032 1211 est.
1061 1173 1191 1210 Plures
1212 1175 1439 1214 Samnitium

138 1435 281 1466 Dictator

134 1486 262 1508 comior

136 1520 249 1551 sactus.

127 2067 288 2117 Samnites

123 2119 235 2144 vmcit.

330 1237 521 1273 cecidere:
552 1235 675 1286 plures
695 1235 863 1271 Romani
880 1235 1066 1272 vulnerati
1085 1243 1185 1274 sunt.
1227 1238 1354 1274 Sensit
1370 1251 1438 1289 pe-

331 1300 426 1336 ritus
446 1300 535 1344 dux,
557 1313 639 1349 quae
663 1311 722 1335 res
744 1299 912 1335 victoriae
932 1299 1119 1336 obstaret:
1151 1302 1438 1351 temperandum

331 1364 527 1412 ingenium
556 1376 665 1400 suum
689 1375 784 1406 esse,
805 1369 843 1399 et
862 1363 1100 1400 severitatem
1123 1364 1440 1402 miscendam‘co·

331 1428 468 1464 mitati.
525 1428 673 1477 ltaque,
704 1427 882 1464 adhibitis
910 1427 1058 1475 legatis,
1086 1428 1166 1478 ipse
1191 1429 1330 1465 circum
1349 1441 1436 1466 sau-

329 1492 406 1527 cios
437 1491 575 1527 milites
601 1492 767 1527 inserens
794 1491 834 1526 in
856 1491 1021 1526 tentoria
1042 1497 1169 1541 caput,
1189 1491 1373 1541 singulOS,
1393 1499 1437 1530 ut

329 1567 409 1591 sese
442 1555 639 1598 haberent,
668 1554 853 1602 rogitans,
881 1565 1012 1590 curam
1045 1565 1175 1590 eorum
1207 1555 1432 1593 nominatim

328 1617 480 1666 legatis,
498 1617 748 1666 tribunisque,
779 1622 816 1652 et
840 1615 1025 1665 praefectis
1052 1616 1322 1654 demandabat:
1353 1630 1433 1655 rem

327 1695 396 1732 per
419 1695 458 1718 se
486 1680 704 1732 popularem
731 1681 785 1715 ita
803 1679 934 1715 dexter
952 1681 1043 1728 egit,
1063 1687 1119 1723 ut,
1139 1680 1328 1717 medendis
1348 1693 1432 1717 cor-

326 1745 497 1795 poribuS,
524 1744 648 1789 animi,
670 1742 788 1779 multo
815 1742 916 1792 prius
946 1743 1108 1779 militum
1133 1743 1352 1793 imperatori
1374 1755 1433 1779 re-

325 1810 644 1854 conciliarentur-5
674 1821 743 1844 nec
763 1808 966 1857 quidquam
995 1809 1042 1845 ad
1067 1809 1326 1845 salubritatem
1352 1810 1430 1846 effi-

325 1877 450 1912 cacius
476 1876 603 1918 fuerit,
625 1887 735 1923 quam
767 1873 866 1923 quod
900 1880 1009 1922 grato
1035 1875 1163 1910 animo
1189 1887 1233 1911 ea
1258 1887 1347 1910 cura
1366 1887 1429 1912 ac·

325 1946 434 1989 cepta
453 1945 521 1976 est.
576 1938 738 1974 Refecto
759 1938 938 1980 exercitu,
960 1950 1043 1974 cum
1069 1938 1179 1974 hoste
1205 1950 1427 1986 congressus

322 2003 424 2039 haud
443 2003 556 2039 dubia
578 2014 642 2052 spe
662 2013 728 2036 sua
748 2001 998 2049 militumque,
1019 2003 1071 2037 ita
1091 2001 1189 2038 fudit
1206 2002 1426 2051 fugavitque

323 2068 525 2115 Sanmites,
548 2073 586 2102 ut
612 2066 674 2101 ille
704 2065 856 2100 ultimus
883 2066 934 2100 eis
965 2066 1042 2101 dies
1070 2065 1289 2102 conferendi
1317 2066 1426 2113 signa

321 2144 404 2167 curn
440 2131 624 2166 dictatore
656 2129 780 2165 fuerit.
837 2128 997 2164 Incessit
1029 2129 1175 2170 deiude,
1213 2141 1286 2177 qua
1318 2128 1425 2164 duxit

318 2194 450 2246 praedae
478 2205 576 2244 speS,
600 2193 720 2228 victor
751 2191 959 2237 exercitus3
991 2190 1304 2242 perlustravitque
1334 2191 1423 2227 hos—
