1573 2598
438 155 600 185 LIBER
622 155 696 184 vl.
729 154 836 184 cAP.
857 153 954 183 V11.
1167 150 1251 193 419

179 242 282 281 vll.
311 243 336 280 J
341 244 471 281 ustitio
499 244 659 288 indicto,
689 242 909 293 delectuque
936 239 1089 284 habito,
1114 239 1249 276 Furius

137 321 182 345 ac
202 308 374 345 Valerius
395 309 442 345 ad
469 309 659 346 Satricum
677 308 839 360 profecti
856 322 862 343 z
896 319 971 356 quo
990 317 1068 341 non
1087 303 1248 340 Volsco-

137 387 221 411 rum
238 374 351 410 modo
375 373 618 425 juventutem
637 375 815 411 Antiates
835 386 883 410 ex
903 385 1004 409 nova
1021 369 1154 408 subole
1172 370 1249 406 lec·

138 444 231 480 tam,
252 437 317 474 sed
337 438 531 486 ingentem
553 438 783 475 Latinorum
807 437 1138 484 Hernicorumque
1157 447 1250 471 con-

137 501 307 537 civerant
335 513 382 537 ex
410 501 665 550 integerrimis
692 501 838 538 diutina
862 513 954 552 pace
972 497 1146 550 populis:
1178 498 1250 535 ita·

136 577 211 614 que
229 577 348 601 novus
374 565 496 601 hostis
517 565 636 601 veteri
656 565 857 616 adjunctus
879 563 1085 601 commovit
1104 561 1249 599 animos

139 627 268 664 militis
303 627 484 664 Romani.
541 628 655 667 Quod
688 628 752 665 ubi
786 629 906 665 aciem
934 626 1019 678 jam
1050 625 1252 662 instruenti

138 692 301 729 Camillo
331 693 573 729 centuriones
604 694 934 736 renunciaverunt,
969 691 1130 728 turbatas
1156 691 1253 727 mili-

137 761 211 792 tnm
233 761 362 792 mentes
380 768 462 799 esse,
482 759 636 804 segniter
662 770 765 793 arma
783 761 905 805 copta,
926 755 1255 802 cunctabundosque

136 825 172 856 et
200 822 395 856 resistentes
423 833 575 868 egressos
603 823 727 857 castris
754 833 823 857 esse
835 837 847 864 ,-
881 821 966 868 quin
993 830 1091 855 voces
1118 829 1254 867 quoque

135 886 293 927 auditas,
315 897 393 920 cum
415 887 568 921 centenis
591 885 743 921 hostibus
763 885 920 932 singulos
940 888 1164 931 pugnaturos
1176 899 1189 926 ;
1218 887 1253 918 et

136 962 228 997 aegre
248 951 414 986 inermem
442 955 580 986 tantam
606 952 886 991 multitudinem,
908 950 1038 985 nedum
1057 953 1251 990 armatam,

134 1016 302 1051 sustineri
326 1026 448 1063 posse,-
479 1015 518 1050 in
544 1027 682 1063 equum
704 1014 837 1057 insilit,
865 1019 916 1056 et,
946 1019 1034 1049 ante
1054 1013 1162 1061 signa
1181 1011 1251 1048 ob-

138 1091 266 1114 versus
286 1079 326 1114 in
345 1080 478 1121 aciem,
501 1079 650 1115 ordines
671 1078 959 1127 interequitans,
983 1078 1071 1118 Quae
1089 1078 1249 1119 tristitia,

135 1143 280 1184 milites,
311 1143 396 1184 hoec,
427 1155 503 1190 quce
528 1143 669 1178 insolita
696 1143 875 1178 cunctatio
899 1142 983 1176 est?
1015 1141 1176 1184 Hostem,
1204 1153 1250 1176 an

136 1217 204 1247 me,
225 1218 273 1241 on
293 1218 350 1241 vos
370 1207 573 1253 ignoratis.9
600 1207 724 1241 Hostis
738 1210 790 1241 est
805 1206 890 1253 quid
909 1205 1024 1246 aliud,
1046 1216 1151 1252 quam
1166 1216 1250 1252 per-

134 1274 247 1317 petua
276 1272 427 1305 materia
448 1271 591 1306 virtutis
615 1271 810 1317 glorioeque
834 1270 989 1305 vestm?
1023 1268 1090 1304 Vos
1114 1273 1251 1311 contra,

135 1345 193 1368 me
209 1334 306 1376 duce,
341 1336 397 1380 (ut
417 1335 574 1370 Falerios
598 1335 766 1382 Veiosque
784 1338 919 1381 capto-⁸³,
940 1337 975 1368 et
1000 1334 1035 1368 in
1055 1338 1161 1381 capta
1182 1346 1252 1380 pa-

137 1399 211 1433 tria
235 1398 422 1434 Gallorum
443 1400 594 1446 legiones
617 1411 721 1435 caesos
751 1398 904 1443 taceam)
938 1398 1039 1433 modo
1060 1398 1254 1444 trigemince

135 1463 292 1497 victorice
318 1464 492 1510 triplicem
525 1462 745 1510 triumphum
774 1474 815 1497 ex
847 1462 901 1497 liis
928 1462 1012 1509 ipsis
1044 1461 1188 1503 Volscis,
1218 1465 1253 1496 et

135 1526 282 1574 AEqnis,
303 1532 337 1562 et
356 1539 397 1562 ea:
416 1528 568 1563 Etruria
587 1528 717 1573 egistis.
765 1527 824 1562 An
847 1537 913 1568 me,
934 1526 1027 1573 quod
1045 1537 1114 1560 non
1134 1526 1250 1561 dicta·

137 1593 193 1625 tor
216 1590 320 1632 vobis,
340 1591 402 1625 sed
422 1590 593 1631 tribunus,
613 1590 751 1636 signum
774 1591 868 1631 dedi,
890 1601 958 1624 non
977 1590 1164 1636 agnoscitis
1183 1589 1249 1624 du-

136 1665 208 1688 cem
227 1654 247 1688 9
276 1665 385 1701 neque
408 1665 471 1700 ego
502 1654 658 1688 nictrima
684 1654 831 1700 imperia
860 1654 892 1687 in
922 1664 982 1687 vos
1001 1653 1186 1694 desidero3
1215 1657 1250 1687 et

134 1728 194 1752 vos
215 1719 250 1752 in
270 1729 324 1752 me
343 1717 447 1759 nihil,
468 1723 600 1764 proeter
617 1729 671 1753 me
692 1719 818 1764 ipsum,
840 1718 968 1752 intueri
988 1716 1112 1751 decet:
1139 1727 1250 1763 neque

134 1782 226 1816 enim
246 1781 427 1816 dictatura
458 1780 543 1817 milii
566 1793 732 1828 umquam
761 1783 897 1816 animos
913 1779 1022 1829 fecit,
1042 1785 1083 1816 ut
1098 1793 1140 1816 ne
1157 1783 1247 1817 exsi-

138 1845 225 1880 lium
253 1845 392 1892 quidem
420 1845 564 1880 ademit.
621 1844 738 1881 Iidem
764 1847 872 1893 igitur
890 1857 1009 1881 omnes
1028 1857 1172 1881 snmus:
1199 1850 1247 1888 et,

135 1921 243 1956 quum.
267 1909 388 1944 eadem
414 1910 532 1944 omnia
558 1911 591 1944 in
621 1909 685 1945 hoc
709 1910 839 1945 bellum
868 1908 1087 1958 adferamus,
1111 1920 1189 1957 quoe
1213 1911 1250 1946 in

130 1974 257 2020 priora
285 1973 495 2014 adtulimus,
525 1975 686 2009 eumdem
714 1978 873 2009 eventum
895 1974 977 2010 belli
1002 1979 1247 2022 exspectemus.

135 2036 255 2072 Simul
274 2039 533 2079 concurr-critis,
555 2039 649 2085 quod
677 2039 820 2085 quisque
839 2039 965 2074 didicit
989 2050 1032 2074 ac
1057 2039 1246 2080 consuevit,

124 2099 255 2147 faciet.
309 2101 374 2138 Vos
394 2103 547 2144 rinc-etis,
569 2103 624 2138 illi
640 2102 802 2151 fugient.

190 2162 301 2207 YIII.
330 2163 436 2200 Dato
455 2165 588 2202 deinde
608 2165 734 2214 sign0,
755 2178 803 2202 ex
821 2178 920 2215 equo
940 2164 1078 2209 desilit,
1099 2172 1138 2202 et
1157 2179 1244 2216 pro-

133 2225 278 2262 ximum
302 2228 537 2276 signiferum,
566 2242 682 2266 manu
708 2230 918 2280 adreptum,
943 2242 1069 2266 secum
1091 2230 1131 2266 in
1155 2230 1245 2267 hos-

135 2293 213 2325 tem
233 2290 329 2340 rupit
344 2307 353 2337 5
387 2292 494 2341 infer,
514 2294 627 2337 miles,
648 2293 861 2340 clamitans,
880 2295 1041 2343 signum:
1063 2293 1164 2346 quod
1183 2293 1247 2334 ubi

654 2357 688 2394 T
709 2358 730 2395 6

1263 249 1304 280 U.
1318 247 1355 279 C.
1371 253 1446 281 369.

1260 293 1300 323 Α.
1316 291 1352 322 C.
1369 296 1444 322 388.

1264 1074 1372 1105 Oratio
1389 1075 1450 1106 Ca-

1265 1117 1345 1148 milli
1361 1118 1400 1148 ad

1264 1160 1393 1193 milites.

1258 2171 1365 2203 Vincit

1258 2215 1400 2246 Volscos,
