<?xml version="1.0" encoding="UTF-8"?>
<!DOCTYPE html PUBLIC "-//W3C//DTD XHTML 1.0 Transitional//EN"
    "http://www.w3.org/TR/xhtml1/DTD/xhtml1-transitional.dtd">
<html xmlns="http://www.w3.org/1999/xhtml" xml:lang="en" lang="en">
 <head>
  <title>
</title>
<meta http-equiv="Content-Type" content="text/html;charset=utf-8" />
  <meta name='ocr-system' content='tesseract 3.04.00' />
  <meta name='ocr-capabilities' content='ocr_page ocr_carea ocr_par ocr_line ocrx_word'/>
</head>
<body>
  <div class='ocr_page' id='page_1' title='image "./historiarumquaes01livyuoft/historiarumquaes01livyuoft_0518.png"; bbox 0 0 1573 2598; ppageno 0'>
   <div class='ocr_carea' id='block_1_1' title="bbox 358 184 1015 231">
    <p class='ocr_par' dir='ltr' id='par_1_1' title="bbox 358 184 1015 231">
     <span class='ocr_line' id='line_1_1' title="bbox 358 184 1015 231; baseline 0.003 -14"><span class='ocrx_word' id='word_1_1' title='bbox 358 184 444 231; x_wconf 82' lang='lat'>502</span> <span class='ocrx_word' id='word_1_2' title='bbox 812 185 858 216; x_wconf 72' lang='lat' dir='ltr'>r.</span> <span class='ocrx_word' id='word_1_3' title='bbox 881 187 1015 219; x_wconf 77' lang='lat' dir='ltr'>mvn</span> 
     </span>
    </p>
   </div>
   <div class='ocr_carea' id='block_1_2' title="bbox 146 276 1540 2392">
    <p class='ocr_par' dir='ltr' id='par_1_2' title="bbox 157 276 1476 329">
     <span class='ocr_line' id='line_1_2' title="bbox 157 276 1476 329; baseline 0.008 -20"><span class='ocrx_word' id='word_1_4' title='bbox 157 276 204 312; x_wconf 76' lang='lat' dir='ltr'>u.</span> <span class='ocrx_word' id='word_1_5' title='bbox 219 277 257 310; x_wconf 88' lang='lat' dir='ltr'>C.</span> <span class='ocrx_word' id='word_1_6' title='bbox 274 279 493 315; x_wconf 57' lang='lat' dir='ltr'>roswidam</span> <span class='ocrx_word' id='word_1_7' title='bbox 531 277 640 316; x_wconf 78' lang='lat' dir='ltr'>armis</span> <span class='ocrx_word' id='word_1_8' title='bbox 682 278 815 315; x_wconf 71' lang='lat' dir='ltr'>socium</span> <span class='ocrx_word' id='word_1_9' title='bbox 850 289 893 314; x_wconf 77' lang='lat' dir='ltr'>ex</span> <span class='ocrx_word' id='word_1_10' title='bbox 927 277 1026 316; x_wconf 79' lang='lat' dir='ltr'>hoste</span> <span class='ocrx_word' id='word_1_11' title='bbox 1058 277 1195 329; x_wconf 74' lang='lat' dir='ltr'>facias.</span> <span class='ocrx_word' id='word_1_12' title='bbox 1253 280 1298 318; x_wconf 84' lang='lat' dir='ltr'>In</span> <span class='ocrx_word' id='word_1_13' title='bbox 1338 279 1476 320; x_wconf 72' lang='lat' dir='ltr'>belluas</span> 
     </span>
    </p>

    <p class='ocr_par' dir='ltr' id='par_1_3' title="bbox 160 322 1540 1617">
     <span class='ocr_line' id='line_1_3' title="bbox 160 322 1471 394; baseline 0.003 -14"><span class='ocrx_word' id='word_1_14' title='bbox 160 323 204 356; x_wconf 48' lang='grc' dir='ltr'>α’</span> <span class='ocrx_word' id='word_1_15' title='bbox 217 322 255 355; x_wconf 75' lang='lat' dir='ltr'>c‘</span> <span class='ocrx_word' id='word_1_16' title='bbox 270 327 332 358; x_wconf 65' lang='lat'>3⁴⁷</span> <span class='ocrx_word' id='word_1_17' title='bbox 338 343 345 352; x_wconf 93' lang='grc'><strong>’</strong></span> <span class='ocrx_word' id='word_1_18' title='bbox 355 345 564 381; x_wconf 77' lang='lat' dir='ltr'>strinximus</span> <span class='ocrx_word' id='word_1_19' title='bbox 566 341 714 391; x_wconf 84' lang='lat' dir='ltr'>ferrum</span> <span class='ocrx_word' id='word_1_20' title='bbox 726 358 739 379; x_wconf 91' lang='lat'><em>:</em></span> <span class='ocrx_word' id='word_1_21' title='bbox 768 341 997 387; x_wconf 76' lang='lat' dir='ltr'>hauriendus,</span> <span class='ocrx_word' id='word_1_22' title='bbox 1014 349 1080 381; x_wconf 82' lang='lat' dir='ltr'>aut</span> <span class='ocrx_word' id='word_1_23' title='bbox 1094 345 1234 382; x_wconf 78' lang='lat' dir='ltr'>dandus</span> <span class='ocrx_word' id='word_1_24' title='bbox 1252 350 1303 383; x_wconf 79' lang='lat' dir='ltr'>est</span> <span class='ocrx_word' id='word_1_25' title='bbox 1315 347 1471 394; x_wconf 68' lang='lat' dir='ltr'>sanguin.</span> 
     </span>
     <span class='ocr_line' id='line_1_4' title="bbox 355 408 1471 460; baseline 0.001 -14"><span class='ocrx_word' id='word_1_26' title='bbox 355 408 575 458; x_wconf 78' lang='lat' dir='ltr'>Propulistis</span> <span class='ocrx_word' id='word_1_27' title='bbox 599 420 623 444; x_wconf 88' lang='grc' dir='ltr'><em>α</em></span> <span class='ocrx_word' id='word_1_28' title='bbox 649 408 788 451; x_wconf 77' lang='lat' dir='ltr'>castris,</span> <span class='ocrx_word' id='word_1_29' title='bbox 823 408 955 457; x_wconf 74' lang='lat' dir='ltr'>supina</span> <span class='ocrx_word' id='word_1_30' title='bbox 988 409 1086 446; x_wconf 87' lang='lat' dir='ltr'>valle</span> <span class='ocrx_word' id='word_1_31' title='bbox 1108 411 1311 460; x_wconf 80' lang='lat' dir='ltr'>proecipites</span> <span class='ocrx_word' id='word_1_32' title='bbox 1338 411 1471 459; x_wconf 76' lang='lat' dir='ltr'>egistis,</span> 
     </span>
     <span class='ocr_line' id='line_1_5' title="bbox 350 471 1473 524; baseline 0.001 -13"><span class='ocrx_word' id='word_1_33' title='bbox 350 474 476 511; x_wconf 77' lang='lat' dir='ltr'>stratis</span> <span class='ocrx_word' id='word_1_34' title='bbox 493 471 695 521; x_wconf 79' lang='lat' dir='ltr'><em>corporibus</em></span> <span class='ocrx_word' id='word_1_35' title='bbox 712 471 865 508; x_wconf 81' lang='lat' dir='ltr'>hostium</span> <span class='ocrx_word' id='word_1_36' title='bbox 881 475 1104 522; x_wconf 58' lang='lat' dir='ltr'>superstans.</span> <span class='ocrx_word' id='word_1_37' title='bbox 1148 474 1329 524; x_wconf 75' lang='lat' dir='ltr'>Complete</span> <span class='ocrx_word' id='word_1_38' title='bbox 1347 475 1473 512; x_wconf 82' lang='lat' dir='ltr'>eadem</span> 
     </span>
     <span class='ocr_line' id='line_1_6' title="bbox 349 538 1470 588; baseline 0 -13"><span class='ocrx_word' id='word_1_39' title='bbox 349 542 472 586; x_wconf 84' lang='lat' dir='ltr'><em>strage</em></span> <span class='ocrx_word' id='word_1_40' title='bbox 486 547 641 585; x_wconf 86' lang='lat' dir='ltr'>campos,</span> <span class='ocrx_word' id='word_1_41' title='bbox 657 548 728 584; x_wconf 81' lang='lat' dir='ltr'>qua</span> <span class='ocrx_word' id='word_1_42' title='bbox 742 540 877 573; x_wconf 77' lang='lat' dir='ltr'>montes</span> <span class='ocrx_word' id='word_1_43' title='bbox 893 538 1064 586; x_wconf 81' lang='lat' dir='ltr'>replestis.</span> <span class='ocrx_word' id='word_1_44' title='bbox 1111 538 1237 576; x_wconf 83' lang='lat' dir='ltr'><em>Nolite</em></span> <span class='ocrx_word' id='word_1_45' title='bbox 1254 543 1470 588; x_wconf 78' lang='lat' dir='ltr'>exspectare,</span> 
     </span>
     <span class='ocr_line' id='line_1_7' title="bbox 351 600 1539 656; baseline 0.001 -17"><span class='ocrx_word' id='word_1_46' title='bbox 351 603 439 640; x_wconf 81' lang='lat' dir='ltr'>dum</span> <span class='ocrx_word' id='word_1_47' title='bbox 459 606 594 639; x_wconf 80' lang='lat' dir='ltr'>stantes</span> <span class='ocrx_word' id='word_1_48' title='bbox 617 613 678 638; x_wconf 86' lang='lat' dir='ltr'>vos</span> <span class='ocrx_word' id='word_1_49' title='bbox 694 600 871 650; x_wconf 80' lang='lat' dir='ltr'><em>fugiant:</em></span> <span class='ocrx_word' id='word_1_50' title='bbox 898 600 1089 650; x_wconf 81' lang='lat' dir='ltr'>inserenda</span> <span class='ocrx_word' id='word_1_51' title='bbox 1112 607 1196 640; x_wconf 75' lang='lat' dir='ltr'>sunt</span> <span class='ocrx_word' id='word_1_52' title='bbox 1215 605 1333 652; x_wconf 81' lang='lat' dir='ltr'>signa,</span> <span class='ocrx_word' id='word_1_53' title='bbox 1353 607 1389 640; x_wconf 87' lang='lat' dir='ltr'>et</span> <span class='ocrx_word' id='word_1_54' title='bbox 1404 614 1471 640; x_wconf 82' lang='lat' dir='ltr'>va·</span> <span class='ocrx_word' id='word_1_55' title='bbox 1532 653 1539 656; x_wconf 62' lang='lat'>‚</span> 
     </span>
     <span class='ocr_line' id='line_1_8' title="bbox 351 664 1540 704; baseline 0.002 -1"><span class='ocrx_word' id='word_1_56' title='bbox 351 667 507 703; x_wconf 69' lang='lat' dir='ltr'>densium</span> <span class='ocrx_word' id='word_1_57' title='bbox 527 667 562 702; x_wconf 75' lang='lat' dir='ltr'>in</span> <span class='ocrx_word' id='word_1_58' title='bbox 591 665 736 702; x_wconf 82' lang='lat' dir='ltr'><em>hostem.</em></span> <span class='ocrx_word' id='word_1_59' title='bbox 792 664 866 702; x_wconf 87' lang='lat' dir='ltr'>His</span> <span class='ocrx_word' id='word_1_60' title='bbox 889 665 1220 704; x_wconf 87' lang='lat' dir='ltr'><strong>adhortationibus</strong></span> <span class='ocrx_word' id='word_1_61' title='bbox 1241 667 1378 704; x_wconf 87' lang='lat' dir='ltr'>iterum</span> <span class='ocrx_word' id='word_1_62' title='bbox 1403 679 1472 704; x_wconf 87' lang='lat' dir='ltr'>co·</span> <span class='ocrx_word' id='word_1_63' title='bbox 1536 672 1540 686; x_wconf 75' lang='lat'><em>¹</em></span> 
     </span>
     <span class='ocr_line' id='line_1_9' title="bbox 350 729 1468 782; baseline 0.001 -15"><span class='ocrx_word' id='word_1_64' title='bbox 350 731 427 767; x_wconf 85' lang='lat' dir='ltr'>orti</span> <span class='ocrx_word' id='word_1_65' title='bbox 440 729 587 781; x_wconf 86' lang='lat' dir='ltr'>pellunt</span> <span class='ocrx_word' id='word_1_66' title='bbox 598 729 683 767; x_wconf 94' lang='lat' dir='ltr'>loco</span> <span class='ocrx_word' id='word_1_67' title='bbox 700 729 842 781; x_wconf 88' lang='lat' dir='ltr'>primos</span> <span class='ocrx_word' id='word_1_68' title='bbox 858 730 1074 782; x_wconf 88' lang='lat' dir='ltr'>manipulos</span> <span class='ocrx_word' id='word_1_69' title='bbox 1088 731 1289 768; x_wconf 87' lang='lat' dir='ltr'>Gallorum</span> <span class='ocrx_word' id='word_1_70' title='bbox 1305 747 1316 778; x_wconf 79' lang='lat'>5</span> <span class='ocrx_word' id='word_1_71' title='bbox 1339 730 1468 768; x_wconf 80' lang='lat' dir='ltr'>cuneis</span> 
     </span>
     <span class='ocr_line' id='line_1_10' title="bbox 350 793 1469 846; baseline 0.001 -15"><span class='ocrx_word' id='word_1_72' title='bbox 350 793 486 832; x_wconf 83' lang='lat' dir='ltr'>deinde</span> <span class='ocrx_word' id='word_1_73' title='bbox 501 795 541 832; x_wconf 91' lang='lat' dir='ltr'>in</span> <span class='ocrx_word' id='word_1_74' title='bbox 556 795 721 832; x_wconf 86' lang='lat' dir='ltr'>medium</span> <span class='ocrx_word' id='word_1_75' title='bbox 735 807 871 845; x_wconf 85' lang='lat' dir='ltr'>agmen</span> <span class='ocrx_word' id='word_1_76' title='bbox 890 801 1150 846; x_wconf 87' lang='lat' dir='ltr'>perrumpunt.</span> <span class='ocrx_word' id='word_1_77' title='bbox 1207 795 1302 833; x_wconf 90' lang='lat' dir='ltr'>Inde</span> <span class='ocrx_word' id='word_1_78' title='bbox 1314 794 1469 833; x_wconf 87' lang='lat' dir='ltr'>barbari</span> 
     </span>
     <span class='ocr_line' id='line_1_11' title="bbox 349 860 1466 912; baseline 0 -14"><span class='ocrx_word' id='word_1_79' title='bbox 349 861 536 912; x_wconf 86' lang='lat' dir='ltr'>dissipati,</span> <span class='ocrx_word' id='word_1_80' title='bbox 554 860 688 910; x_wconf 90' lang='lat' dir='ltr'>quibus</span> <span class='ocrx_word' id='word_1_81' title='bbox 705 873 776 897; x_wconf 91' lang='lat' dir='ltr'>nec</span> <span class='ocrx_word' id='word_1_82' title='bbox 795 866 899 897; x_wconf 84' lang='lat' dir='ltr'>certa</span> <span class='ocrx_word' id='word_1_83' title='bbox 913 861 1085 912; x_wconf 82' lang='lat' dir='ltr'>imperia,</span> <span class='ocrx_word' id='word_1_84' title='bbox 1105 874 1176 898; x_wconf 89' lang='lat' dir='ltr'>nec</span> <span class='ocrx_word' id='word_1_85' title='bbox 1194 860 1307 898; x_wconf 83' lang='lat' dir='ltr'>duces</span> <span class='ocrx_word' id='word_1_86' title='bbox 1327 869 1466 905; x_wconf 80' lang='lat' dir='ltr'>essent,</span> 
     </span>
     <span class='ocr_line' id='line_1_12' title="bbox 350 921 1467 978; baseline 0.002 -17"><span class='ocrx_word' id='word_1_87' title='bbox 350 921 504 962; x_wconf 60' lang='lat' dir='ltr'>&#39;vertunt</span> <span class='ocrx_word' id='word_1_88' title='bbox 534 924 708 974; x_wconf 83' lang='lat' dir='ltr'>inpetum</span> <span class='ocrx_word' id='word_1_89' title='bbox 732 924 772 960; x_wconf 89' lang='lat' dir='ltr'>in</span> <span class='ocrx_word' id='word_1_90' title='bbox 801 937 888 960; x_wconf 91' lang='lat' dir='ltr'>suos</span> <span class='ocrx_word' id='word_1_91' title='bbox 903 940 914 970; x_wconf 78' lang='lat'>3</span> <span class='ocrx_word' id='word_1_92' title='bbox 945 924 1096 974; x_wconf 87' lang='lat' dir='ltr'>fusique</span> <span class='ocrx_word' id='word_1_93' title='bbox 1128 937 1195 976; x_wconf 92' lang='lat' dir='ltr'>per</span> <span class='ocrx_word' id='word_1_94' title='bbox 1226 938 1394 978; x_wconf 79' lang='lat' dir='ltr'>camp08,</span> <span class='ocrx_word' id='word_1_95' title='bbox 1428 932 1467 963; x_wconf 86' lang='lat' dir='ltr'>et</span> 
     </span>
     <span class='ocr_line' id='line_1_13' title="bbox 347 987 1465 1041; baseline 0.002 -16"><span class='ocrx_word' id='word_1_96' title='bbox 347 994 487 1041; x_wconf 78' lang='lat' dir='ltr'>praeter</span> <span class='ocrx_word' id='word_1_97' title='bbox 507 994 630 1024; x_wconf 85' lang='lat' dir='ltr'>castra</span> <span class='ocrx_word' id='word_1_98' title='bbox 652 988 767 1024; x_wconf 85' lang='lat' dir='ltr'>etiam</span> <span class='ocrx_word' id='word_1_99' title='bbox 786 1000 854 1024; x_wconf 81' lang='lat' dir='ltr'>sua</span> <span class='ocrx_word' id='word_1_100' title='bbox 872 987 965 1037; x_wconf 84' lang='lat' dir='ltr'>fuga</span> <span class='ocrx_word' id='word_1_101' title='bbox 993 988 1153 1039; x_wconf 83' lang='lat' dir='ltr'>praelati,</span> <span class='ocrx_word' id='word_1_102' title='bbox 1177 989 1279 1040; x_wconf 89' lang='lat' dir='ltr'>quod</span> <span class='ocrx_word' id='word_1_103' title='bbox 1304 989 1465 1027; x_wconf 78' lang='lat' dir='ltr'>editissi-</span> 
     </span>
     <span class='ocr_line' id='line_1_14' title="bbox 348 1052 1463 1102; baseline 0.002 -11"><span class='ocrx_word' id='word_1_104' title='bbox 348 1066 453 1091; x_wconf 90' lang='lat' dir='ltr'>mum</span> <span class='ocrx_word' id='word_1_105' title='bbox 469 1053 568 1090; x_wconf 87' lang='lat' dir='ltr'>inter</span> <span class='ocrx_word' id='word_1_106' title='bbox 584 1052 743 1102; x_wconf 74' lang='lat' dir='ltr'>aequales</span> <span class='ocrx_word' id='word_1_107' title='bbox 760 1052 925 1089; x_wconf 88' lang='lat' dir='ltr'>tumulos</span> <span class='ocrx_word' id='word_1_108' title='bbox 943 1053 1173 1091; x_wconf 88' lang='lat' dir='ltr'>obcurrebat</span> <span class='ocrx_word' id='word_1_109' title='bbox 1189 1054 1322 1099; x_wconf 87' lang='lat' dir='ltr'>oculis,</span> <span class='ocrx_word' id='word_1_110' title='bbox 1339 1068 1463 1094; x_wconf 90' lang='lat' dir='ltr'>arcem</span> 
     </span>
     <span class='ocr_line' id='line_1_15' title="bbox 347 1117 1462 1169; baseline 0.002 -14"><span class='ocrx_word' id='word_1_111' title='bbox 347 1117 539 1155; x_wconf 84' lang='lat' dir='ltr'>Albanam</span> <span class='ocrx_word' id='word_1_112' title='bbox 557 1123 705 1169; x_wconf 77' lang='lat' dir='ltr'>petunt,</span> <span class='ocrx_word' id='word_1_113' title='bbox 763 1117 922 1161; x_wconf 90' lang='lat' dir='ltr'>Consul,</span> <span class='ocrx_word' id='word_1_114' title='bbox 944 1131 1022 1155; x_wconf 93' lang='lat' dir='ltr'>non</span> <span class='ocrx_word' id='word_1_115' title='bbox 1049 1118 1148 1156; x_wconf 88' lang='lat' dir='ltr'>ultra</span> <span class='ocrx_word' id='word_1_116' title='bbox 1167 1125 1291 1156; x_wconf 83' lang='lat' dir='ltr'>castra</span> <span class='ocrx_word' id='word_1_117' title='bbox 1315 1119 1462 1158; x_wconf 88' lang='lat' dir='ltr'>insecu-</span> 
     </span>
     <span class='ocr_line' id='line_1_16' title="bbox 345 1182 1462 1235; baseline 0.002 -15"><span class='ocrx_word' id='word_1_118' title='bbox 345 1190 422 1227; x_wconf 68' lang='grc' dir='ltr'>ως,</span> <span class='ocrx_word' id='word_1_119' title='bbox 446 1184 553 1233; x_wconf 88' lang='lat' dir='ltr'>(quia</span> <span class='ocrx_word' id='word_1_120' title='bbox 580 1189 619 1219; x_wconf 83' lang='lat' dir='ltr'>et</span> <span class='ocrx_word' id='word_1_121' title='bbox 649 1182 780 1219; x_wconf 82' lang='lat' dir='ltr'>vulnus</span> <span class='ocrx_word' id='word_1_122' title='bbox 801 1182 1045 1231; x_wconf 84' lang='lat' dir='ltr'>degravabat,</span> <span class='ocrx_word' id='word_1_123' title='bbox 1075 1190 1113 1220; x_wconf 92' lang='lat' dir='ltr'>et</span> <span class='ocrx_word' id='word_1_124' title='bbox 1142 1183 1327 1235; x_wconf 88' lang='lat' dir='ltr'>subjicere</span> <span class='ocrx_word' id='word_1_125' title='bbox 1356 1197 1462 1222; x_wconf 87' lang='lat' dir='ltr'>exer-</span> 
     </span>
     <span class='ocr_line' id='line_1_17' title="bbox 348 1246 1460 1299; baseline 0.002 -15"><span class='ocrx_word' id='word_1_126' title='bbox 348 1248 465 1284; x_wconf 81' lang='lat' dir='ltr'>citum</span> <span class='ocrx_word' id='word_1_127' title='bbox 485 1260 614 1298; x_wconf 84' lang='lat' dir='ltr'>pugna</span> <span class='ocrx_word' id='word_1_128' title='bbox 631 1246 773 1283; x_wconf 86' lang='lat' dir='ltr'>fessum</span> <span class='ocrx_word' id='word_1_129' title='bbox 794 1246 949 1283; x_wconf 79' lang='lat' dir='ltr'>tumulis</span> <span class='ocrx_word' id='word_1_130' title='bbox 972 1247 1019 1284; x_wconf 91' lang='lat' dir='ltr'>ab</span> <span class='ocrx_word' id='word_1_131' title='bbox 1039 1247 1150 1284; x_wconf 88' lang='lat' dir='ltr'>hoste</span> <span class='ocrx_word' id='word_1_132' title='bbox 1169 1248 1361 1299; x_wconf 84' lang='lat' dir='ltr'>occupatis</span> <span class='ocrx_word' id='word_1_133' title='bbox 1390 1261 1460 1286; x_wconf 89' lang='lat' dir='ltr'>no-</span> 
     </span>
     <span class='ocr_line' id='line_1_18' title="bbox 345 1309 1459 1362; baseline 0.002 -15"><span class='ocrx_word' id='word_1_134' title='bbox 345 1309 466 1359; x_wconf 83' lang='lat' dir='ltr'>lebat)</span> <span class='ocrx_word' id='word_1_135' title='bbox 488 1310 614 1362; x_wconf 84' lang='lat' dir='ltr'>praeda</span> <span class='ocrx_word' id='word_1_136' title='bbox 643 1311 747 1347; x_wconf 90' lang='lat' dir='ltr'>omni</span> <span class='ocrx_word' id='word_1_137' title='bbox 777 1316 987 1347; x_wconf 87' lang='lat' dir='ltr'>castrorum</span> <span class='ocrx_word' id='word_1_138' title='bbox 1015 1310 1128 1348; x_wconf 86' lang='lat' dir='ltr'>militi</span> <span class='ocrx_word' id='word_1_139' title='bbox 1156 1311 1256 1356; x_wconf 88' lang='lat' dir='ltr'>data,</span> <span class='ocrx_word' id='word_1_140' title='bbox 1275 1313 1459 1350; x_wconf 81' lang='lat' dir='ltr'>victorem</span> 
     </span>
     <span class='ocr_line' id='line_1_19' title="bbox 345 1373 1458 1426; baseline 0.002 -14"><span class='ocrx_word' id='word_1_141' title='bbox 345 1376 568 1419; x_wconf 82' lang='lat' dir='ltr'>exercitum,</span> <span class='ocrx_word' id='word_1_142' title='bbox 599 1373 898 1426; x_wconf 87' lang='lat' dir='ltr'>opulentumque</span> <span class='ocrx_word' id='word_1_143' title='bbox 931 1373 1088 1411; x_wconf 85' lang='lat' dir='ltr'>Gallicis</span> <span class='ocrx_word' id='word_1_144' title='bbox 1117 1375 1262 1426; x_wconf 90' lang='lat' dir='ltr'>spoliis,</span> <span class='ocrx_word' id='word_1_145' title='bbox 1290 1374 1458 1414; x_wconf 88' lang='lat' dir='ltr'>Romam</span> 
     </span>
     <span class='ocr_line' id='line_1_20' title="bbox 344 1438 1453 1489; baseline 0.003 -13"><span class='ocrx_word' id='word_1_146' title='bbox 344 1439 506 1477; x_wconf 84' lang='lat' dir='ltr'>reduxit.</span> <span class='ocrx_word' id='word_1_147' title='bbox 562 1438 716 1475; x_wconf 86' lang='lat' dir='ltr'>Moram</span> <span class='ocrx_word' id='word_1_148' title='bbox 734 1438 929 1489; x_wconf 88' lang='lat' dir='ltr'>triumpho</span> <span class='ocrx_word' id='word_1_149' title='bbox 948 1438 1083 1476; x_wconf 86' lang='lat' dir='ltr'>vulnus</span> <span class='ocrx_word' id='word_1_150' title='bbox 1105 1439 1269 1477; x_wconf 87' lang='lat' dir='ltr'>consulis</span> <span class='ocrx_word' id='word_1_151' title='bbox 1295 1439 1453 1479; x_wconf 84' lang='lat' dir='ltr'>adtulit:</span> 
     </span>
     <span class='ocr_line' id='line_1_21' title="bbox 344 1503 1455 1554; baseline -0.002 -12"><span class='ocrx_word' id='word_1_152' title='bbox 344 1505 548 1554; x_wconf 88' lang='lat' dir='ltr'>eademque</span> <span class='ocrx_word' id='word_1_153' title='bbox 575 1516 706 1541; x_wconf 84' lang='lat' dir='ltr'>caussa</span> <span class='ocrx_word' id='word_1_154' title='bbox 726 1503 921 1540; x_wconf 83' lang='lat' dir='ltr'>dictatoris</span> <span class='ocrx_word' id='word_1_155' title='bbox 942 1503 1167 1541; x_wconf 87' lang='lat' dir='ltr'>desiderium</span> <span class='ocrx_word' id='word_1_156' title='bbox 1185 1504 1332 1541; x_wconf 88' lang='lat' dir='ltr'>senatui</span> <span class='ocrx_word' id='word_1_157' title='bbox 1351 1503 1455 1548; x_wconf 86' lang='lat' dir='ltr'>fecit,</span> 
     </span>
     <span class='ocr_line' id='line_1_22' title="bbox 344 1565 1455 1617; baseline -0.001 -12"><span class='ocrx_word' id='word_1_158' title='bbox 344 1576 387 1605; x_wconf 88' lang='lat' dir='ltr'>ut</span> <span class='ocrx_word' id='word_1_159' title='bbox 423 1575 535 1612; x_wconf 87' lang='lat' dir='ltr'>esset,</span> <span class='ocrx_word' id='word_1_160' title='bbox 574 1567 635 1617; x_wconf 84' lang='lat' dir='ltr'>qui</span> <span class='ocrx_word' id='word_1_161' title='bbox 687 1567 796 1615; x_wconf 83' lang='lat' dir='ltr'>aegris</span> <span class='ocrx_word' id='word_1_162' title='bbox 835 1565 1056 1603; x_wconf 89' lang='lat' dir='ltr'>consulibus</span> <span class='ocrx_word' id='word_1_163' title='bbox 1095 1566 1250 1603; x_wconf 90' lang='lat' dir='ltr'>comitia</span> <span class='ocrx_word' id='word_1_164' title='bbox 1284 1566 1455 1605; x_wconf 87' lang='lat' dir='ltr'>haberet.</span> 
     </span>
    </p>

    <p class='ocr_par' dir='ltr' id='par_1_4' title="bbox 146 1629 1456 1685">
     <span class='ocr_line' id='line_1_23' title="bbox 146 1629 1456 1685; baseline 0.001 -16"><span class='ocrx_word' id='word_1_165' title='bbox 146 1632 291 1685; x_wconf 55' lang='lat' dir='ltr'>Dictsstqr</span> <span class='ocrx_word' id='word_1_166' title='bbox 344 1633 524 1670; x_wconf 75' lang='lat' dir='ltr'>Dictator</span> <span class='ocrx_word' id='word_1_167' title='bbox 542 1631 589 1668; x_wconf 91' lang='lat' dir='ltr'>L.</span> <span class='ocrx_word' id='word_1_168' title='bbox 609 1631 745 1668; x_wconf 86' lang='lat' dir='ltr'>Furius</span> <span class='ocrx_word' id='word_1_169' title='bbox 766 1629 948 1667; x_wconf 80' lang='lat' dir='ltr'>Camillus</span> <span class='ocrx_word' id='word_1_170' title='bbox 969 1631 1105 1675; x_wconf 87' lang='lat' dir='ltr'>dictus,</span> <span class='ocrx_word' id='word_1_171' title='bbox 1124 1631 1253 1668; x_wconf 83' lang='lat' dir='ltr'>addito</span> <span class='ocrx_word' id='word_1_172' title='bbox 1272 1632 1456 1681; x_wconf 85' lang='lat' dir='ltr'>magistro</span> 
     </span>
    </p>

    <p class='ocr_par' dir='ltr' id='par_1_5' title="bbox 146 1677 1456 1942">
     <span class='ocr_line' id='line_1_24' title="bbox 146 1677 1455 1753; baseline -0.001 -19"><span class='ocrx_word' id='word_1_173' title='bbox 146 1677 317 1753; x_wconf 43' lang='grc' dir='ltr'>ἒῆξυῆῒέ</span> <span class='ocrx_word' id='word_1_174' title='bbox 345 1698 513 1748; x_wconf 85' lang='lat' dir='ltr'>equitum</span> <span class='ocrx_word' id='word_1_175' title='bbox 548 1695 592 1732; x_wconf 90' lang='lat' dir='ltr'>P.</span> <span class='ocrx_word' id='word_1_176' title='bbox 630 1694 810 1732; x_wconf 81' lang='lat' dir='ltr'>Cornelio</span> <span class='ocrx_word' id='word_1_177' title='bbox 848 1694 1038 1745; x_wconf 84' lang='lat' dir='ltr'>Scipione,</span> <span class='ocrx_word' id='word_1_178' title='bbox 1077 1694 1237 1731; x_wconf 86' lang='lat' dir='ltr'>reddidit</span> <span class='ocrx_word' id='word_1_179' title='bbox 1278 1695 1455 1733; x_wconf 81' lang='lat' dir='ltr'>Patribus</span> 
     </span>
     <span class='ocr_line' id='line_1_25' title="bbox 341 1758 1456 1815; baseline -0.002 -16"><span class='ocrx_word' id='word_1_180' title='bbox 341 1761 620 1815; x_wconf 86' lang='lat' dir='ltr'>possessionem</span> <span class='ocrx_word' id='word_1_181' title='bbox 645 1759 844 1810; x_wconf 77' lang='lat' dir='ltr'>pristinam</span> <span class='ocrx_word' id='word_1_182' title='bbox 866 1758 1107 1795; x_wconf 88' lang='lat' dir='ltr'>consulatus:</span> <span class='ocrx_word' id='word_1_183' title='bbox 1140 1759 1219 1810; x_wconf 87' lang='lat' dir='ltr'>ipse</span> <span class='ocrx_word' id='word_1_184' title='bbox 1238 1758 1288 1796; x_wconf 92' lang='lat' dir='ltr'>ob</span> <span class='ocrx_word' id='word_1_185' title='bbox 1315 1759 1353 1796; x_wconf 92' lang='lat' dir='ltr'>id</span> <span class='ocrx_word' id='word_1_186' title='bbox 1377 1773 1456 1797; x_wconf 88' lang='lat' dir='ltr'>me·</span> 
     </span>
     <span class='ocr_line' id='line_1_26' title="bbox 341 1821 1454 1874; baseline -0.001 -11"><span class='ocrx_word' id='word_1_187' title='bbox 341 1826 456 1863; x_wconf 88' lang='lat' dir='ltr'>ritum</span> <span class='ocrx_word' id='word_1_188' title='bbox 467 1823 615 1873; x_wconf 83' lang='lat' dir='ltr'>ingenti</span> <span class='ocrx_word' id='word_1_189' title='bbox 630 1822 787 1859; x_wconf 87' lang='lat' dir='ltr'>Patrum</span> <span class='ocrx_word' id='word_1_190' title='bbox 803 1822 928 1858; x_wconf 90' lang='lat' dir='ltr'>studio</span> <span class='ocrx_word' id='word_1_191' title='bbox 945 1828 1090 1859; x_wconf 84' lang='lat' dir='ltr'>creatus</span> <span class='ocrx_word' id='word_1_192' title='bbox 1108 1821 1254 1867; x_wconf 88' lang='lat' dir='ltr'>consul,</span> <span class='ocrx_word' id='word_1_193' title='bbox 1270 1822 1454 1874; x_wconf 85' lang='lat' dir='ltr'>collegam</span> 
     </span>
     <span class='ocr_line' id='line_1_27' title="bbox 339 1886 961 1942; baseline -0.008 -13"><span class='ocrx_word' id='word_1_194' title='bbox 339 1891 413 1942; x_wconf 88' lang='lat' dir='ltr'>Ap.</span> <span class='ocrx_word' id='word_1_195' title='bbox 435 1888 636 1926; x_wconf 84' lang='lat' dir='ltr'>Claudium</span> <span class='ocrx_word' id='word_1_196' title='bbox 655 1887 834 1924; x_wconf 83' lang='lat' dir='ltr'>Crassum</span> <span class='ocrx_word' id='word_1_197' title='bbox 853 1886 961 1925; x_wconf 87' lang='lat' dir='ltr'>dixit.</span> 
     </span>
    </p>

    <p class='ocr_par' dir='ltr' id='par_1_6' title="bbox 335 1951 1453 2392">
     <span class='ocr_line' id='line_1_28' title="bbox 393 1951 1452 2002; baseline 0 -12"><span class='ocrx_word' id='word_1_198' title='bbox 393 1954 525 1992; x_wconf 85' lang='lat' dir='ltr'>XXV.</span> <span class='ocrx_word' id='word_1_199' title='bbox 555 1952 780 2001; x_wconf 79' lang='lat' dir='ltr'>Priusquam</span> <span class='ocrx_word' id='word_1_200' title='bbox 799 1952 940 1988; x_wconf 86' lang='lat' dir='ltr'>inirent</span> <span class='ocrx_word' id='word_1_201' title='bbox 956 1952 1046 1988; x_wconf 87' lang='lat' dir='ltr'>novi</span> <span class='ocrx_word' id='word_1_202' title='bbox 1063 1951 1234 1988; x_wconf 90' lang='lat' dir='ltr'>consules</span> <span class='ocrx_word' id='word_1_203' title='bbox 1254 1953 1452 2002; x_wconf 77' lang='lat' dir='ltr'>magiStra·</span> 
     </span>
     <span class='ocr_line' id='line_1_29' title="bbox 338 2015 1453 2068; baseline -0.001 -12"><span class='ocrx_word' id='word_1_204' title='bbox 338 2027 436 2062; x_wconf 79' lang='lat' dir='ltr'>tum,</span> <span class='ocrx_word' id='word_1_205' title='bbox 455 2016 668 2068; x_wconf 85' lang='lat' dir='ltr'>triumphus</span> <span class='ocrx_word' id='word_1_206' title='bbox 689 2029 711 2052; x_wconf 93' lang='lat' dir='ltr'>a</span> <span class='ocrx_word' id='word_1_207' title='bbox 728 2015 895 2066; x_wconf 89' lang='lat' dir='ltr'>Popillio</span> <span class='ocrx_word' id='word_1_208' title='bbox 913 2016 959 2053; x_wconf 88' lang='lat' dir='ltr'>de</span> <span class='ocrx_word' id='word_1_209' title='bbox 974 2015 1094 2053; x_wconf 87' lang='lat' dir='ltr'>Gallis</span> <span class='ocrx_word' id='word_1_210' title='bbox 1113 2022 1218 2053; x_wconf 87' lang='lat' dir='ltr'>actus</span> <span class='ocrx_word' id='word_1_211' title='bbox 1237 2028 1377 2065; x_wconf 87' lang='lat' dir='ltr'>magno</span> <span class='ocrx_word' id='word_1_212' title='bbox 1396 2017 1453 2055; x_wconf 87' lang='lat' dir='ltr'>fa-</span> 
     </span>
     <span class='ocr_line' id='line_1_30' title="bbox 339 2079 1452 2133; baseline -0.001 -12"><span class='ocrx_word' id='word_1_213' title='bbox 339 2096 429 2121; x_wconf 86' lang='lat' dir='ltr'>vore</span> <span class='ocrx_word' id='word_1_214' title='bbox 449 2081 569 2133; x_wconf 83' lang='lat' dir='ltr'>plebis</span> <span class='ocrx_word' id='word_1_215' title='bbox 588 2095 595 2116; x_wconf 91' lang='lat'><strong>:</strong></span> <span class='ocrx_word' id='word_1_216' title='bbox 628 2086 911 2130; x_wconf 85' lang='lat' dir='ltr'>mussantesque</span> <span class='ocrx_word' id='word_1_217' title='bbox 938 2081 1036 2116; x_wconf 85' lang='lat' dir='ltr'>inter</span> <span class='ocrx_word' id='word_1_218' title='bbox 1055 2092 1094 2116; x_wconf 89' lang='lat' dir='ltr'>se</span> <span class='ocrx_word' id='word_1_219' title='bbox 1115 2079 1349 2129; x_wconf 86' lang='lat' dir='ltr'>rogitabant,</span> <span class='ocrx_word' id='word_1_220' title='bbox 1368 2094 1452 2120; x_wconf 80' lang='lat' dir='ltr'>num</span> 
     </span>
     <span class='ocr_line' id='line_1_31' title="bbox 341 2143 1451 2197; baseline -0.002 -13"><span class='ocrx_word' id='word_1_221' title='bbox 341 2160 443 2197; x_wconf 72' lang='lat' dir='ltr'>quem</span> <span class='ocrx_word' id='word_1_222' title='bbox 459 2146 587 2195; x_wconf 78' lang='lat' dir='ltr'>plebeii</span> <span class='ocrx_word' id='word_1_223' title='bbox 605 2145 755 2180; x_wconf 78' lang='lat' dir='ltr'>consulis</span> <span class='ocrx_word' id='word_1_224' title='bbox 770 2145 955 2192; x_wconf 79' lang='lat' dir='ltr'>poeniteret</span> <span class='ocrx_word' id='word_1_225' title='bbox 967 2145 988 2180; x_wconf 73' lang='lat'>:7</span> <span class='ocrx_word' id='word_1_226' title='bbox 1013 2143 1132 2180; x_wconf 88' lang='lat' dir='ltr'>Simul</span> <span class='ocrx_word' id='word_1_227' title='bbox 1151 2143 1374 2181; x_wconf 88' lang='lat' dir='ltr'>dictatorem</span> <span class='ocrx_word' id='word_1_228' title='bbox 1394 2146 1451 2182; x_wconf 85' lang='lat' dir='ltr'>in-</span> 
     </span>
     <span class='ocr_line' id='line_1_32' title="bbox 341 2208 1450 2262; baseline -0.001 -15"><span class='ocrx_word' id='word_1_229' title='bbox 341 2211 560 2262; x_wconf 77' lang='lat' dir='ltr'>crepabant,</span> <span class='ocrx_word' id='word_1_230' title='bbox 577 2209 641 2258; x_wconf 90' lang='lat' dir='ltr'>qui</span> <span class='ocrx_word' id='word_1_231' title='bbox 655 2208 749 2258; x_wconf 86' lang='lat' dir='ltr'>legis</span> <span class='ocrx_word' id='word_1_232' title='bbox 764 2208 923 2245; x_wconf 81' lang='lat' dir='ltr'>Liciniae</span> <span class='ocrx_word' id='word_1_233' title='bbox 939 2215 1073 2259; x_wconf 76' lang='lat' dir='ltr'>spretae</span> <span class='ocrx_word' id='word_1_234' title='bbox 1089 2208 1297 2245; x_wconf 84' lang='lat' dir='ltr'>mercedem</span> <span class='ocrx_word' id='word_1_235' title='bbox 1313 2222 1450 2247; x_wconf 86' lang='lat' dir='ltr'>consu-</span> 
     </span>
     <span class='ocr_line' id='line_1_33' title="bbox 337 2271 1450 2324; baseline -0.002 -12"><span class='ocrx_word' id='word_1_236' title='bbox 337 2275 472 2316; x_wconf 85' lang='lat' dir='ltr'>latum,</span> <span class='ocrx_word' id='word_1_237' title='bbox 492 2273 639 2324; x_wconf 81' lang='lat' dir='ltr'>privata</span> <span class='ocrx_word' id='word_1_238' title='bbox 657 2272 878 2323; x_wconf 86' lang='lat' dir='ltr'>cupiditate,</span> <span class='ocrx_word' id='word_1_239' title='bbox 899 2284 1011 2321; x_wconf 91' lang='lat' dir='ltr'>quam</span> <span class='ocrx_word' id='word_1_240' title='bbox 1036 2271 1188 2322; x_wconf 88' lang='lat' dir='ltr'>publica</span> <span class='ocrx_word' id='word_1_241' title='bbox 1206 2271 1357 2322; x_wconf 87' lang='lat' dir='ltr'>injuria,</span> <span class='ocrx_word' id='word_1_242' title='bbox 1377 2272 1450 2310; x_wconf 84' lang='lat' dir='ltr'>foe-</span> 
     </span>
     <span class='ocr_line' id='line_1_34' title="bbox 335 2335 1449 2392; baseline 0.003 -18"><span class='ocrx_word' id='word_1_243' title='bbox 335 2337 496 2383; x_wconf 63' lang='lat' dir='ltr'>(liorem,</span> <span class='ocrx_word' id='word_1_244' title='bbox 513 2337 687 2392; x_wconf 82' lang='lat' dir='ltr'>cepisset,</span> <span class='ocrx_word' id='word_1_245' title='bbox 700 2341 743 2374; x_wconf 87' lang='lat' dir='ltr'>ut</span> <span class='ocrx_word' id='word_1_246' title='bbox 762 2347 800 2373; x_wconf 88' lang='lat' dir='ltr'>se</span> <span class='ocrx_word' id='word_1_247' title='bbox 816 2336 895 2390; x_wconf 79' lang='lat' dir='ltr'>ipse</span> <span class='ocrx_word' id='word_1_248' title='bbox 910 2335 1104 2376; x_wconf 86' lang='lat' dir='ltr'>consulem</span> <span class='ocrx_word' id='word_1_249' title='bbox 1118 2335 1281 2375; x_wconf 84' lang='lat' dir='ltr'>dictator</span> <span class='ocrx_word' id='word_1_250' title='bbox 1295 2342 1449 2377; x_wconf 85' lang='lat' dir='ltr'>crearet.</span> 
     </span>
    </p>
   </div>
   <div class='ocr_carea' id='block_1_3' title="bbox 1516 0 1573 2598">
    <p class='ocr_par' dir='ltr' id='par_1_7' title="bbox 1516 0 1573 2598">
     <span class='ocr_line' id='line_1_35' title="bbox 1516 0 1573 2598; baseline 0 0"><span class='ocrx_word' id='word_1_251' title='bbox 1516 0 1573 2598; x_wconf 95' lang='lat' dir='ltr'> </span> 
     </span>
    </p>
   </div>
  </div>
 </body>
</html>
