1573 2598
360 160 515 189 LIBER
541 159 611 188 1v.
644 159 750 188 CAP.
774 158 962 187 XLVIII.
1161 158 1245 201 319

133 249 207 286 Pro
214 248 374 299 fortuna
390 249 461 284 illis
476 249 610 283 animos
622 258 713 282 esse:
735 246 791 282 ubi
806 247 964 289 videant,
978 246 1130 294 collegas
1140 249 1244 295 prin·
1255 248 1299 322 X·
1311 247 1347 321 g·
1364 252 1439 321 :⁵33-

129 315 222 362 cipes
233 314 378 360 ogendoe
386 313 437 347 rei
446 312 605 358 gratiam
613 321 750 346 omnem
761 311 810 345 ad
820 310 954 357 plebem
966 321 1243 359 praeoccuposse,

128 389 192 414 nec
211 379 327 413 locum
342 378 378 412 in
390 388 431 412 ea
447 376 607 411 relictum
623 374 707 418 siin,-
729 374 826 410 haud
838 380 988 422 gravate
998 375 1246 411 adclinaturos

129 454 165 477 se
184 443 232 477 ad
258 453 413 477 caussam
437 445 590 481 senatus,
607 451 676 486 per
703 450 812 486 quam
839 440 1000 475 universo
1029 440 1145 476 ordini
1173 451 1252 476 cum

127 505 304 554 prioribus
320 518 356 541 se
375 506 529 540 Patrum
547 505 746 540 concilient.
799 504 1114 554 Adprobantibus
1136 517 1253 541 cunc-

130 570 193 612 tis,
215 577 253 604 et
271 576 358 604 ante
381 579 510 604 omnes
531 567 580 606 Q.
602 567 761 603 Servilio
781 566 928 611 Prisco,
951 568 1054 616 quod
1079 581 1159 604 non
1187 568 1252 605 de-

134 638 350 681 generasset
369 631 415 667 ab
442 631 558 680 stirpe
583 630 755 673 Claudia,
778 631 1031 667 conlaudante
1054 630 1252 681 juvenem,

132 699 329 746 negotium
349 697 471 739 datur,
494 702 548 740 ut,
571 709 664 745 quos
685 698 843 746 quisque
864 705 993 746 posset
1017 710 1064 733 ex
1091 697 1255 746 collegio

131 762 385 805 tribunorum,
416 761 462 797 ad
494 762 806 797 intercessionem
835 761 1073 811 perlicerent.
1130 761 1254 798 Misso

133 832 280 870 senat‘u,
301 832 527 876 prensantur
555 825 602 862 ab
628 825 863 875 principibus
890 825 1058 861 tribuni:
1092 825 1255 862 suaden-

135 891 198 934 do,
219 891 424 934 monendo,
444 890 734 940 pollicendoque
761 897 912 938 gratum
932 890 969 925 id
995 890 1152 939 singulis
1179 890 1256 940 pri-

137 956 267 998 vatim,
285 961 432 1004 gratum
451 955 626 990 universo
647 954 794 990 senatui
813 954 909 996 fore,
925 966 991 989 sex
1011 954 1057 990 ad
1077 955 1257 990 interces-

140 1020 288 1055 sionem
307 1031 583 1068 comparavere.
617 1017 854 1066 Posteroque
874 1017 933 1053 die
953 1030 1068 1066 quum
1088 1030 1134 1054 ex
1154 1030 1259 1054 com-

137 1084 264 1133 posito
283 1081 443 1118 relatum
463 1082 510 1118 ad
528 1088 701 1117 senatum
727 1087 826 1117 esset
852 1081 898 1117 de
922 1081 1123 1125 seditione,
1145 1094 1258 1130 quam

134 1146 321 1183 hlaecilius
358 1146 605 1195 Metiliusque
641 1146 846 1194 largitione
891 1146 1046 1195 pessimi
1094 1145 1256 1197 exempli

136 1214 356 1259 concirent3
389 1226 440 1249 eae
468 1214 660 1249 orationes
691 1227 712 1249 a
742 1213 970 1263 primoribus
1000 1212 1159 1250 Patrum
1187 1213 1256 1249 ha-

135 1278 226 1315 bitae
246 1284 347 1321 sunt,
368 1285 411 1314 ut
428 1291 496 1328 pro
517 1290 556 1314 se
576 1278 733 1326 quisque
750 1276 833 1327 jam
858 1289 928 1312 nec
953 1277 1155 1313 consilium
1184 1277 1258 1314 sibi

139 1342 338 1393 subpetere
357 1343 511 1386 diceret,
531 1355 601 1378 nec
621 1355 660 1378 se
680 1342 794 1378 ullam
824 1354 937 1391 opem
963 1354 1116 1378 cernere
1146 1341 1260 1378 aliam

139 1420 311 1456 usquam,
332 1414 582 1457 praeterquam
610 1407 650 1443 in
674 1406 879 1443 tribunicio
910 1406 1076 1442 auxilio:
1109 1407 1148 1442 in
1179 1406 1259 1457 ejus

140 1472 339 1522 potestatis
369 1471 481 1507 fidem
510 1471 805 1507 circumventam
843 1469 1130 1519 rempublicam,
1161 1477 1259 1506 tam-

140 1547 254 1584 quam
272 1535 460 1585 privatum
482 1535 649 1584 inopem,
671 1533 888 1583 confugere.
945 1533 1176 1570 Praeclarum
1202 1535 1260 1583 ip-

141 1600 190 1635 sis
211 1599 467 1649 potestatique
487 1611 581 1642 esse,
598 1612 677 1635 non
697 1599 744 1635 ad
759 1598 971 1635 vexandum
991 1605 1166 1635 senatum
1185 1599 1261 1635 dis-

144 1663 386 1712 cordiamque
422 1663 596 1699 ordinum
627 1663 854 1699 movendam
882 1662 965 1712 plus
996 1663 1035 1698 in
1063 1663 1265 1699 tribunatu

143 1728 278 1763 virium
299 1739 393 1769 esse,
414 1740 526 1776 quam
552 1728 598 1763 ad
623 1727 875 1763 resistendum
897 1727 1068 1777 inprobis
1095 1727 1263 1776 collegis.

142 1793 330 1830 Fremitus
361 1792 494 1828 deinde
528 1793 692 1828 universi
725 1799 878 1829 senatus
913 1799 1033 1835 ortus,
1068 1806 1184 1842 quum
1217 1805 1264 1830 ex

141 1856 317 1893 omnibus
337 1855 507 1905 partibus
528 1856 640 1892 curiae
659 1855 803 1892 tribuni
827 1855 1132 1906 adpellarentur:
1164 1863 1261 1900 tum,

141 1920 293 1956 silentio
312 1919 429 1962 facto,
452 1920 491 1962 ii,
513 1921 575 1968 qui
600 1920 803 1970 praeparati
830 1926 939 1956 erant
967 1921 1092 1969 gratia
1120 1921 1263 1971 princi-

143 1998 248 2035 pum,
268 1997 380 2033 quam
409 1986 647 2032 rogationem
669 1997 691 2020 a
711 1983 866 2033 collegis
893 1984 1174 2034 promulgatam
1203 1998 1262 2021 se·

142 2054 253 2085 natus
274 2054 426 2084 censeat
448 2048 694 2084 dissolvendae
722 2048 940 2099 reipublicae
961 2061 1056 2092 esse,
1077 2049 1112 2085 ei
1137 2062 1178 2085 se
1203 2050 1263 2086 iu-

142 2118 372 2148 tercessuros
410 2112 629 2148 ostendunt.
687 2112 830 2149 Gratiae
869 2113 1182 2149 intercessoribus
1215 2112 1262 2150 ab

145 2182 277 2212 senatu
297 2182 401 2212 actae.
434 2176 596 2212 Latores
613 2178 842 2225 rogationis,
860 2178 1046 2213 concione
1063 2177 1264 2221 advocata,

146 2231 356 2291 proditores
386 2239 505 2289 plebis
536 2241 825 2278 commodorum
854 2253 897 2278 ac
928 2253 1056 2278 servos
1088 2241 1266 2278 consula·

664 2303 739 2340 1²4
