1573 2598
403 193 558 222 mmm
582 186 628 222 v.
660 188 770 221 eAP.
794 193 903 222 xx1.
1136 181 1221 236 365

103 287 222 319 voveo.
285 282 334 318 Te
349 281 468 324 simul,
488 280 588 318 ιῙιινιο
608 279 761 329 Regina,
782 286 861 329 quoe
883 288 976 317 nunc
1003 280 1102 316 Veios
1120 281 1218 324 colis,

101 356 243 396 precor,
264 351 306 383 ut
323 358 386 383 nos
402 348 550 384 victores
565 348 602 382 in
620 351 792 389 nostram,
820 352 988 395 tuamque
1010 358 1092 382 mox
1107 345 1219 395 futu-

105 423 199 455 ram,
228 411 349 448 urbem
376 422 548 460 sequare.-
575 411 635 448 ubi
662 416 695 447 te
722 412 869 459 dignum
894 412 1132 460 amplitudine
1157 416 1222 446 tua

107 475 280 524 templum
307 477 474 524 accipiat.
531 474 628 511 Haec
653 480 843 525 precatus,
864 480 1066 525 superante
1091 474 1221 510 multi-

106 539 254 583 tudine,
275 538 323 576 ab
343 538 518 575 omnibus
538 538 632 574 locis
652 538 786 575 urbem
805 538 1037 588 adgreditur,
1054 551 1130 588 quo
1149 538 1220 574 mi-

107 616 180 640 nor
214 604 262 641 ab
300 602 476 639 cuniculo
505 602 717 652 ingruentis
753 603 913 653 periculi
949 614 1080 639 sensus
1110 608 1221 639 esset.

105 665 300 710 Veientes,
321 667 444 715 ignari
464 678 504 702 se
522 665 607 715 jam
630 666 677 703 ab
698 667 774 704 suis
797 667 960 710 vatibus,
984 666 1068 717 jam
1088 666 1136 703 ab
1156 678 1223 703 ex—

103 731 222 767 ternis
242 730 404 766 oraculis
430 730 617 780 proditos,
641 730 726 781 jam
750 732 789 767 in
811 737 959 781 partem
983 731 1119 780 praedae
1145 742 1222 767 suae

104 799 260 830 vocatos
278 793 401 837 Deos,
422 793 532 837 alios,
548 795 648 831 votis
669 807 716 831 ex
735 795 828 831 urbe
848 808 917 831 sua
936 801 1129 837 evocatos,
1149 795 1223 830 ho-

104 860 221 896 stium
248 859 392 909 templa
416 871 611 909 novasque
639 860 745 897 sedes
776 867 960 910 spectare,
992 871 1106 908 seque
1131 858 1220 894 ulti-

101 934 207 959 mum
225 922 332 958 illum
351 923 450 959 diem
469 936 602 972 agere3
631 924 729 960 nihil
748 924 872 960 minus
893 925 1085 966 timenteS,
1107 934 1221 972 quam

105 986 272 1022 subrutis
292 986 468 1023 cuniculo
488 987 679 1024 moenibus
709 1001 834 1024 arcem
857 987 941 1037 jam
968 986 1121 1037 plenam
1148 986 1220 1022 ho-

104 1050 220 1085 stium
239 1062 334 1093 esse,
354 1051 394 1085 in
420 1063 547 1086 muros
575 1064 644 1101 pro
671 1063 711 1087 se
737 1051 894 1100 quisque
917 1051 1052 1087 armati
1076 1050 1220 1086 discur-

102 1120 215 1159 runt;
248 1115 430 1150 mirantes
455 1116 635 1163 quidnam
664 1116 703 1152 id
732 1122 844 1158 esset,
875 1115 991 1164 quod,
1018 1126 1134 1163 quum
1158 1120 1220 1151 tot

102 1184 169 1227 per
188 1178 266 1213 dies
292 1190 405 1213 nemo
432 1189 471 1214 se
492 1178 539 1214 ab
566 1179 795 1215 stationibus
816 1178 1001 1215 Romanis
1022 1178 1216 1221 movisset,

100 1246 198 1285 tum,
217 1241 320 1277 velut
338 1243 538 1292 repentino
559 1244 625 1279 icti
651 1243 793 1286 furore,
814 1243 1004 1293 inprovidi
1023 1247 1218 1278 currerent

101 1306 150 1342 ad
178 1319 317 1343 muros.
376 1306 563 1343 Inseritur
592 1308 679 1343 huic
708 1307 795 1344 loco
821 1306 973 1343 fabula:
1006 1305 1217 1341 inmolante

99 1379 188 1418 rege
217 1370 450 1414 Veientium,
480 1384 612 1407 vocem
641 1372 823 1421 aruspicis
854 1370 1028 1412 dicentis,
1057 1371 1118 1417 qui
1144 1367 1218 1415 ejus

98 1433 219 1470 hostiae
237 1440 319 1471 exta
343 1437 586 1483 prosecuisset,
614 1438 647 1472 ei
674 1438 858 1472 victoriam
880 1436 975 1477 dari,
997 1433 1216 1469 exauditam

98 1496 139 1532 in
159 1497 349 1541 cuniculo,
370 1500 533 1535 movisse
552 1499 750 1535 Romanos
777 1499 930 1540 milites,
957 1505 1010 1540 ut,
1032 1497 1214 1546 adaperto

1235 291 1277 322 U.
1288 291 1325 322 c.
1341 292 1416 337 <³⁵⁹-

1233 335 1273 366 A.
1287 334 1323 365 c.
1341 337 1419 368 ³9³·-

98 1562 289 1605 cuniculo,
321 1570 408 1598 exta
443 1570 632 1613 raperent,
660 1570 698 1599 et
728 1563 775 1599 ad
804 1563 1030 1598 dictatorem
1058 1561 1213 1599 ferrent.
1247 1561 1253 1565 ‘

99 1624 174 1661 Sed
199 1626 237 1661 in
263 1626 374 1662 rebus
395 1634 473 1663 tam
497 1628 677 1676 antiquis,
698 1629 743 1670 si,
764 1640 847 1676 quae
867 1626 1005 1662 similia
1024 1626 1101 1662 veri
1121 1626 1212 1668 sint,

97 1701 167 1738 pro
193 1690 290 1725 veris
318 1691 566 1740 accipiantur,
589 1692 680 1727 satis
701 1691 875 1727 habeam.
932 1689 1043 1732 Haec,
1074 1689 1121 1725 ad
1150 1701 1213 1725 os-

97 1752 352 1788 tentationem
389 1766 526 1797 scenae,
565 1755 765 1802 gaudentis
803 1753 1008 1796 miraculis,
1047 1753 1210 1802 aptiora,

97 1826 211 1863 quam
230 1816 277 1851 ad
301 1815 425 1859 fidem,
446 1829 570 1865 neque
590 1817 802 1860 adfirmare,
825 1830 947 1865 neque
966 1816 1136 1852 refellere
1155 1823 1212 1853 est

95 1889 221 1928 operae
258 1880 434 1929 pretium.
493 1881 715 1924 Cuniculus,
754 1880 908 1917 delectis
945 1881 1129 1917 militibus
1165 1893 1211 1917 eo

95 1948 267 1993 tempore
287 1944 435 1994 plenus,
462 1946 503 1981 in
529 1946 607 1982 aede
632 1945 657 1981 J
662 1946 812 1988 unonis,
834 1957 916 1994 quae
940 1946 979 1981 in
1000 1945 1213 1982 Veientana

95 2019 181 2043 arce
211 2014 305 2051 erat,
336 2016 501 2044 armatos
526 2016 682 2059 repente
705 2009 847 2045 edidit:
882 2015 920 2045 et
945 2022 1031 2059 pars
1059 2022 1211 2046 aversos

95 2069 135 2105 in
161 2071 276 2106 muris
307 2071 491 2108 invadunt
516 2073 669 2108 hostes:
706 2085 792 2123 pars
823 2072 987 2108 claustra
1014 2080 1212 2122 portarum

95 2135 304 2172 revellunt:
337 2149 438 2187 pam,
466 2151 581 2186 quum
612 2151 660 2174 ex
688 2140 798 2174 tectis
829 2151 921 2175 saxa
949 2138 1163 2187 tegulaeque
1189 2151 1213 2175 a

95 2197 315 2237 mulieribus
352 2213 396 2237 ac
433 2203 594 2238 servitiis
623 2201 858 2252 jacerentur,
889 2203 1058 2240 inferunt
1090 2204 1210 2252 igneS.

96 2260 252 2298 Clamor
271 2265 400 2300 omnia
417 2267 529 2302 variis
549 2269 776 2305 terrentium
798 2280 843 2305 ac
864 2269 1085 2319 paventium
1105 2269 1211 2305 voci-

96 2323 182 2369 bus,
202 2326 324 2364 mixto
343 2328 543 2367 mulierum
562 2343 606 2368 ac
624 2343 831 2381 puerorum
848 2332 1015 2384 ploratu,
1033 2333 1211 2385 complet.

613 2395 693 2433 33
