1573 2598
410 166 566 196 mmm
590 165 662 195 vx.
698 164 806 195 CAP.
828 166 913 196 xv.
1133 166 1220 209 429

106 256 340 306 Patribusque
366 256 538 293 Romanis
564 258 617 292 ita
651 257 693 291 de
722 257 845 291 ceteris
874 255 976 292 rebus
1007 267 1087 292 cum
1116 257 1218 305 plebe

101 323 300 363 conveniat,
327 321 637 369 quemadmodum,
661 320 754 368 quod
779 320 828 355 ad
851 323 884 355 te
905 321 1044 356 adtinet
1070 332 1218 368 eamque

101 398 190 428 rem,
221 397 329 434 quam
357 385 402 421 de
429 390 464 420 te
489 397 568 420 sum
596 385 818 432 quaesiturus‚
849 389 1104 421 conventurum
1131 386 1219 420 satis

102 451 251 499 confido.
307 449 415 498 Spem
433 448 583 498 factam
610 461 634 484 a
662 453 697 485 te
718 450 857 485 civitati
879 449 994 491 video,
1011 449 1094 497 fide
1120 450 1218 484 inco-

103 515 205 557 lumi,
225 526 268 550 ex
295 514 466 550 thesauris
489 514 651 556 Gallicis,
673 525 760 561 quos
782 515 960 561 primores
978 514 1135 549 Patrum
1159 525 1219 548 oc-

100 579 251 621 cultent,
272 579 446 614 creditum
469 578 560 614 solvi
581 589 696 625 posse.
756 577 823 613 Cui
841 589 905 625 ego
923 579 976 614 rei
996 582 1137 613 tantum
1155 576 1219 612 ab·

102 646 155 677 est
181 646 222 678 ut
251 642 488 689 inpedimento
514 641 594 683 sim,
616 646 657 677 ut
685 645 813 677 contra
840 646 886 684 te,
914 641 970 677 M.
990 640 1125 683 Manli,
1150 641 1218 677 ad·

101 705 235 749 horter,
263 705 384 741 liberes
401 704 545 754 faenore
565 705 707 754 plebem
730 706 933 742 Romanam
947 721 961 741 :
988 709 1024 740 et
1044 706 1140 747 istos,
1161 706 1220 741 in-

101 770 268 806 cubantes
289 770 442 818 publicis
462 769 649 813 thesauris,
670 782 714 806 ex·
733 771 862 818 praeda
884 770 1105 805 clandestina
1124 769 1219 805 evol·

98 844 174 869 vas,
232 833 336 874 Quod
355 833 423 868 nisi
438 832 552 880 facis,
573 835 645 869 sive
670 834 764 881 quod
782 837 817 869 et
837 834 912 880 ipse
936 834 973 869 in
992 836 1101 880 parte
1121 843 1218 880 prae-

102 898 158 934 dae
187 898 248 939 sis,
276 898 348 933 sive
376 899 461 944 quia
489 910 619 934 vanum
651 899 825 934 indicium
853 901 917 939 est,
946 898 983 932 in
1011 897 1156 932 vincula
1185 901 1221 932 te

104 962 186 998 duci
201 959 344 1006 jubebo,
364 974 429 997 nec
448 963 584 998 diutius
598 964 737 1010 patiar,
759 975 782 997 a.
802 967 835 997 te
853 962 1120 997 multitudinem
1132 959 1219 1008 fal·

105 1026 175 1061 laci
189 1037 250 1074 spe
269 1027 453 1062 concitari.
509 1026 570 1062 Ad
598 1039 643 1062 ea
669 1025 853 1068 Manlius,
877 1038 941 1061 nec
967 1037 1004 1061 se
1021 1023 1217 1073 fefellisse,

103 1089 170 1131 ait,
191 1101 261 1124 non
290 1091 458 1125 adversus
481 1090 622 1126 Volscos
651 1092 754 1126 toties
783 1090 908 1132 hostes,
937 1091 1072 1136 quoties
1091 1089 1218 1124 Patri-

104 1152 166 1187 bus
193 1153 371 1200 expediat,
401 1165 465 1189 nec
493 1155 661 1189 adi-ersus
679 1153 832 1189 Latinos
849 1154 1106 1200 Hernicosque,
1133 1163 1222 1200 quos

93 1215 208 1264 falsis
236 1217 440 1253 criminibus
468 1219 504 1253 in
533 1230 638 1254 arma
666 1222 791 1264 agant,
821 1218 883 1253 sed
918 1217 1086 1252 adversus
1112 1228 1149 1252 se
1177 1227 1222 1252 ac

101 1279 241 1328 plebem
273 1278 489 1322 Romanam,
531 1282 744 1316 dictatorem
780 1284 942 1316 creatum
978 1291 1060 1315 esse.
1115 1278 1219 1321 Jam,

105 1344 230 1378 omisso
249 1342 354 1384 bello,
375 1344 469 1391 quod
488 1345 698 1380 simulatum
724 1345 784 1385 sit,
806 1345 844 1379 in
867 1355 903 1379 se
928 1344 1087 1390 inpetum
1102 1342 1192 1391 fieri
1206 1357 1222 1386 ,-

94 1405 176 1452 jam
196 1407 407 1442 dictatorem-
423 1408 589 1456 prcfiteri
603 1409 849 1456 patrocinium
867 1407 1132 1456 faeneratorum
1151 1407 1219 1442 ad-

105 1481 220 1506 versus
240 1469 379 1517 plebem
395 1487 407 1506 .·
425 1469 508 1516 jam
526 1471 591 1507 sibi
610 1484 652 1507 ea:
667 1471 804 1519 favore
821 1471 1067 1506 multitudinis
1085 1470 1219 1506 crimen

1231 257 1320 289 U.C.
1337 262 1412 293 370.

1228 302 1267 332 A.
1282 301 1321 336 C.
1335 307 1411 333 382.

104 1538 141 1570 et
161 1535 357 1582 perniciem
377 1536 498 1581 quoeri.
557 1534 740 1583 Obfendit,
761 1535 900 1583 inquit,
924 1541 971 1578 te,
992 1535 1037 1570 A.
1061 1533 1218 1576 Corneli,
1232 1546 1239 1551 ²

105 1609 244 1645 vosque,
282 1597 414 1633 Patres
449 1600 655 1646 conscripti,
702 1598 919 1647 circumfitsa
963 1597 1067 1633 turba
1112 1597 1221 1633 lateri

108 1663 218 1695 meo?
247 1660 343 1700 Quin
371 1672 451 1696 eam
479 1662 650 1697 diducitis
678 1674 702 1696 a
722 1673 778 1697 me
803 1662 938 1708 singuli
964 1661 1089 1696 vestris
1116 1660 1221 1696 bene-

94 1723 206 1770 ficiis,
236 1723 500 1766 intercedendo,
532 1725 716 1764 eximendo
745 1725 789 1759 de
817 1736 923 1759 nervo
955 1724 1045 1758 cives
1071 1727 1217 1766 vestros,

101 1786 321 1834 prohibendo
330 1785 516 1833 judicatos
535 1788 766 1836 addictosque
785 1788 880 1830 duci,
902 1800 943 1823 ex
962 1799 1016 1829 eo,
1037 1787 1133 1835 quod
1151 1786 1220 1822 ad-

91 1850 184 1900 fluit
216 1850 337 1899 opibus
370 1852 506 1894 vestris,
540 1853 744 1888 sustinendo
775 1853 1000 1888 necessitates
1031 1851 1222 1887 aliorum?

105 1914 179 1950 Sed
202 1915 290 1962 quid
314 1926 379 1962 ego
407 1927 480 1958 vos,
501 1916 546 1951 de
571 1921 684 1952 vestro
706 1916 922 1963 inpendatis,
944 1914 1102 1951 hortor.9
1129 1912 1218 1949 Sor-

105 1982 178 2014 tem
195 1978 307 2013 aliam
315 1977 418 2026 ferte
431 1995 443 2016 .·
472 1979 516 2015 de
535 1980 652 2027 capite
677 1980 852 2022 deducite,
874 1980 970 2027 quod
994 1979 1109 2014 usuris
1131 1990 1218 2026 per·

103 2047 332 2078 numeratum
359 2047 438 2079 est:
457 2041 540 2089 jam
566 2043 680 2080 nihilo
706 2055 787 2079 ‘mea
817 2043 933 2086 turba,
956 2055 1065 2091 quam
1092 2043 1217 2086 ullius,

106 2109 323 2155 conspectior
343 2110 424 2144 erit.
478 2110 530 2144 At
554 2110 661 2152 enim,
683 2109 769 2157 quid
794 2110 848 2144 ita
871 2109 968 2145 solus
995 2119 1059 2155 ego
1088 2109 1219 2143 civium

107 2183 232 2207 curam
258 2173 362 2219 ago?
395 2172 510 2208 nihilo
536 2175 664 2220 magis,
695 2174 790 2220 quod
817 2172 1064 2221 respondeam,
1094 2171 1218 2214 habeo,

107 2246 216 2283 quam
241 2237 273 2271 si
300 2248 449 2284 qua’ras,
477 2238 564 2285 quid
591 2239 645 2273 ita
670 2238 766 2273 solus
786 2236 1005 2285 Capitolium
1033 2247 1221 2284 arcemque

103 2301 331 2337 serva-verim.
385 2301 438 2338 Et
455 2305 533 2350 tum*
547 2303 732 2346 universis,
754 2314 861 2350 quam
877 2301 995 2350 potui,
1013 2312 1116 2348 opem
1135 2300 1218 2343 tuli,
