1573 2598
111 565 153 598 U.
171 567 208 597 C.
228 574 299 599 114.

108 611 149 640 A.
166 610 202 641 C.
220 615 294 643 638.

106 693 218 723 Ancus

108 735 250 767 Marcius

104 788 161 809 rex
177 779 310 811 electus.

99 1022 195 1054 Sacra
210 1026 267 1056 rite

96 1067 233 1099 colenda
245 1079 301 1100 cu-

97 1118 155 1142 Iat-

331 153 390 206 48
788 166 833 196 τ.
858 165 991 197 mvn

332 258 399 288 aut
421 258 592 289 curatum
618 250 654 287 id
684 263 830 288 sacrum
863 266 966 298 esse3
999 265 1068 289 nec
1101 251 1224 291 solum
1246 255 1388 293 nullam
1411 257 1444 293 el

331 313 501 352 oblatam
529 315 739 352 coelestium
768 318 945 367 speciem,
977 318 1040 354 sed
1069 318 1125 354 ira
1153 317 1274 362 Jovis,
1303 320 1442 357 sollici-

329 380 400 418 tati
419 395 534 432 prava
556 381 753 430 religione,
773 381 931 418 fulmine
955 383 1071 419 ictum
1093 396 1178 419 cum
1207 384 1321 421 domo
1349 398 1440 422 con-

328 445 517 495 flagrasse.
573 444 706 481 Tullus
734 457 873 494 magna
904 445 1025 495 gloria
1052 446 1140 484 belli
1173 449 1346 497 regnavit
1373 462 1439 486 an-

327 522 397 546 nos
418 509 510 545 duos
532 514 569 544 et
587 508 757 557 triginta.

379 573 560 610 XXXII.
579 572 739 610 Mortuo
752 569 881 617 Tullo,
898 587 971 618 res,
989 581 1030 611 ut
1048 573 1265 612 institutum
1277 572 1360 626 jam
1379 576 1437 613 in-

325 638 370 674 de
389 636 436 674 ab
464 638 574 673 initio
594 642 687 680 erat,
708 637 754 673 ad
773 635 904 673 Patres
924 637 1107 675 redierat:
1139 640 1252 689 hique
1278 640 1437 677 interre-

323 714 409 750 gem
437 700 751 737 nominaverant:
791 713 866 749 quo
896 702 1050 737 comitia
1077 702 1255 746 habente,
1285 704 1436 740 Ancum

322 765 510 801 Marcium
539 777 664 813 regem
695 763 856 814 populus
877 765 1038 801 creavit:
1069 766 1202 802 Patres
1221 766 1326 803 fuere
1344 780 1434 803 auc-

321 837 434 866 toreS.
504 829 642 865 Numae
678 828 857 878 Pompilii
893 830 992 878 regis
1028 842 1161 880 nepos,
1200 830 1277 867 filia
1312 838 1432 874 ortus,

318 895 448 931 Ancus
467 893 635 930 Liarcius
663 899 765 929 erat:
797 893 874 942 qui,
896 900 937 929 ut
962 906 1120 942 regnare
1142 895 1272 944 coepit,
1293 902 1331 931 et
1353 896 1431 931 avi-

317 966 366 995 tae
386 959 516 1008 gloriae
536 971 694 1002 memor,
715 964 752 993 et
772 958 859 1007 quia
877 958 1092 1007 proximum
1111 971 1284 1007 regnum,
1306 966 1432 996 cetera

316 1025 524 1074 egregium,
542 1023 588 1060 ab
605 1037 680 1059 una
698 1029 804 1072 parte
823 1022 924 1058 haud
944 1023 1033 1058 satis
1054 1036 1276 1074 prosperum
1290 1024 1428 1068 fuerat,

313 1094 379 1124 aut
410 1086 592 1135 neglectis
622 1085 882 1134 religionibus,
908 1092 974 1121 aut
1001 1098 1114 1135 prave
1143 1085 1282 1132 cultis3
1313 1086 1429 1137 longe

311 1151 616 1201 antiquissimum
638 1155 756 1192 ratus,
778 1161 882 1184 sacra
903 1147 1068 1198 publica,
1094 1157 1134 1185 ut
1153 1150 1200 1186 ab
1220 1150 1349 1187 Numa
1366 1150 1426 1188 in-

311 1216 445 1252 stituta
464 1220 584 1256 erant,
603 1213 727 1250 facere
743 1228 754 1258 3
787 1213 916 1248 omnia
937 1225 982 1248 ea
1001 1225 1046 1249 ex
1066 1214 1344 1250 commentariis
1365 1227 1424 1251 re·

309 1279 366 1328 gis
386 1278 605 1330 pontificem
624 1278 663 1313 in
683 1275 810 1313 album
828 1275 960 1319 relata,
980 1288 1192 1327 proponere
1212 1277 1250 1314 in
1269 1277 1423 1328 publico

301 1343 427 1394 jubet.
484 1342 578 1379 Inde
602 1348 639 1378 et
666 1341 809 1377 civibus
839 1341 907 1377 otii
931 1342 1089 1391 cupidiS,
1114 1349 1151 1379 et
1173 1342 1341 1378 finitimis
1369 1344 1422 1379 ci-

305 1407 486 1445 vitatibus
509 1407 611 1444 facta
628 1419 728 1457 speS‚
749 1406 788 1442 in
814 1406 873 1441 avi
893 1418 1016 1442 mores
1037 1412 1149 1456 atque
1169 1407 1344 1444 instituta
1361 1420 1421 1444 re-

305 1485 392 1522 gem
422 1471 624 1508 abiturum,
681 1469 803 1519 Igitur
832 1468 976 1513 Latini,
1008 1483 1093 1507 cum
1124 1470 1274 1520 quibu5‚
1305 1471 1419 1508 Tullo

303 1543 501 1586 regnante,
523 1536 640 1572 ictum
659 1535 782 1571 foedus
803 1541 896 1577 erat,
918 1534 1147 1572 sustulerant
1166 1536 1331 1572 animos:
1365 1542 1416 1579 et,

303 1614 419 1651 quum
451 1600 705 1636 incursionem
734 1599 773 1633 in
809 1610 941 1647 agrum
973 1597 1193 1635 Romanum
1223 1597 1415 1643 fecissent,

301 1664 558 1716 repetentibus
591 1675 648 1699 res
677 1661 864 1699 Romanis
894 1662 1052 1713 superbe
1081 1675 1301 1713 responsum
1332 1663 1415 1701 red-

302 1730 423 1775 dunt3
464 1727 629 1763 desidem
664 1725 883 1762 Romanum
914 1738 1042 1775 regem
1079 1727 1178 1762 inter
1209 1726 1345 1764 sacella
1378 1735 1416 1764 et

301 1805 384 1831 aras
414 1798 585 1828 acturum
615 1802 695 1826 esse
723 1802 883 1839 regnum
910 1790 994 1826 rati.
1049 1789 1222 1827 Medium
1259 1798 1339 1827 erat
1374 1792 1413 1828 in

299 1858 409 1893 Anco
438 1855 647 1904 ingenium,
675 1860 712 1890 et
733 1853 886 1897 Numae,
911 1859 948 1889 et
975 1852 1133 1889 Romuli
1161 1865 1327 1890 memor:
1359 1862 1411 1899 et,

297 1927 547 1971 praeterquam
573 1918 674 1967 quod
700 1919 759 1954 avi
783 1930 902 1966 regno
930 1918 1050 1966 magis
1073 1919 1322 1954 necessariam
1351 1919 1411 1955 fu-

296 1987 369 2022 isse
387 1995 520 2034 pacem
539 1981 729 2024 credebat,
750 1994 865 2030 quum
890 1982 930 2017 in
955 1994 1069 2025 novo,
1090 1989 1170 2018 tum
1194 1982 1311 2019 feroci
1340 1995 1410 2034 po-

296 2049 414 2102 pulo;
446 2048 574 2091 etiam,
595 2047 696 2096 quod
718 2044 772 2082 illi
795 2047 1016 2095 contigisset
1039 2047 1172 2090 otium,
1200 2049 1280 2084 sine
1309 2049 1409 2099 inju-

296 2117 351 2152 ria
370 2115 408 2151 id
428 2126 466 2149 se
483 2112 583 2149 haud
603 2111 713 2148 facile
731 2110 951 2147 habiturum
969 2126 976 2147 ι
1008 2113 1146 2148 tentari
1169 2113 1406 2162 patientiam,

293 2186 330 2216 et
355 2184 542 2214 tentatam
568 2176 785 2212 contemni:
818 2182 1063 2226 temporaque
1089 2188 1168 2212 esse
1187 2177 1300 2214 Tullo
1326 2178 1407 2228 regi

291 2242 453 2292 aptiora,
480 2253 592 2290 quam
616 2239 767 2276 Numae.
826 2239 880 2276 Ut
904 2247 1046 2283 tamen,
1073 2241 1251 2289 quoniam
1277 2241 1406 2279 Numa

291 2307 330 2343 in
357 2317 451 2357 pace
474 2303 674 2353 religiones
700 2303 942 2347 instituisset,
963 2316 984 2340 a
1007 2315 1046 2340 se
1069 2303 1213 2341 bellica:
1237 2316 1403 2344 ceremo-
