1573 2598
111 231 201 263 U.C.
220 236 293 263 365.

110 275 202 308 A.C.
219 281 295 311 887·

89 873 198 905 Vincit
220 874 296 905 Gal-

92 916 151 946 los.

309 135 396 178 400
758 135 804 165 T.
830 135 966 166 L1v11

308 226 471 263 dictator
490 230 636 262 creatus
657 232 769 270 esset,
790 225 937 276 injussu
967 238 1036 262 suo
1065 225 1113 263 ab
1142 226 1330 264 inferioris
1353 226 1419 279 ju-

307 291 356 327 ris
386 291 611 339 magistratu
634 289 734 326 facta
762 296 884 326 esset:
918 291 1196 340 denunciatque
1215 291 1350 335 Gallis,
1378 298 1422 329 ut

307 366 347 389 se
374 354 420 390 ad
450 353 624 404 proelium
655 354 869 403 expediant.
928 354 1025 390 Suos
1045 355 1085 390 in
1105 367 1279 391 acervum
1299 354 1421 406 conji-

307 431 391 455 cere
420 419 598 461 sarcinas,
628 425 666 454 et
695 431 800 455 arma
826 425 971 469 aptare,
992 420 1182 469 ferroque,
1205 433 1281 457 non
1312 433 1422 464 auro,

305 494 528 532 recuperare
547 483 709 533 patriam
725 482 849 530 jubet,
873 484 910 519 in
930 490 1137 533 conspectu
1161 485 1343 521 habentes
1362 485 1421 521 fa-

306 559 356 582 na
373 547 514 590 Deum,
535 554 573 582 et
602 546 798 597 conjuges,
820 553 858 583 et
887 547 1040 591 liberos,
1070 555 1107 585 et
1136 549 1259 589 solum
1287 549 1420 599 patriae

307 610 475 647 deforme
502 610 593 647 belli
622 611 744 655 malis,
766 617 803 647 et
828 613 971 655 omnia,
992 625 1073 660 quae
1103 612 1252 649 defendi
1281 613 1420 663 repeti-

306 688 379 724 que
395 681 434 711 et
452 675 580 711 ulcisci
601 674 657 711 fas
678 675 738 712 sit.
795 674 956 712 Instruit
976 677 1110 712 deinde
1130 678 1263 720 aciem,
1285 684 1327 712 ut
1345 676 1420 713 loci

306 746 443 776 natura
470 739 698 789 patiebatur,
718 739 758 774 in
778 740 964 775 semirutae
986 739 1068 776 solo
1089 740 1207 783 urbis,
1227 747 1265 776 et
1284 746 1421 777 natura

306 802 483 852 inaequali
501 819 512 848 3
545 809 582 838 et
615 803 756 845 omnia,
791 816 874 852 quae
907 810 988 839 arte
1021 803 1111 840 belli
1145 805 1309 840 secunda
1343 805 1419 840 suis

309 866 399 916 eligi
434 867 683 916 praepararive
719 872 911 915 poterant,
942 867 1119 916 providit.
1177 867 1292 910 Galli,
1321 880 1422 903 nova

308 943 348 967 re
376 929 528 980 trepidi,
550 941 652 965 arma
673 929 842 978 capiunt,
874 929 1003 978 iraque
1029 931 1164 978 magis,
1185 943 1298 979 quam
1330 943 1422 966 con-

309 994 409 1038 silio,
439 994 478 1030 in
505 993 703 1029 Romanos
733 993 943 1029 incurrunt.
1000 993 1087 1029 Jam
1106 1000 1270 1030 verterat
1297 993 1421 1030 fortu-

308 1072 372 1103 na,
387 1057 470 1108 jam
489 1057 662 1097 Deorum
682 1069 771 1106 opes
797 1057 1039 1107 humanaque
1059 1059 1216 1095 consilia
1239 1071 1317 1095 rem
1336 1059 1420 1096 Ro-

309 1136 461 1159 manam
493 1121 750 1171 adjuvabant:
792 1123 909 1170 igitur
941 1123 1065 1173 primo
1098 1136 1284 1160 concursu
1320 1124 1422 1160 haud

310 1187 455 1238 majore
484 1193 680 1223 momento
708 1186 782 1222 fusi
809 1186 911 1223 Galli
941 1194 1042 1231 sunt,
1073 1201 1185 1237 quam
1214 1189 1261 1224 ad
1281 1188 1425 1225 Alliam

310 1253 492 1288 vicerant.
549 1251 573 1287 J
578 1252 718 1287 ustiore
748 1251 867 1288 altero
900 1253 1035 1288 deinde
1066 1252 1202 1303 proelio
1236 1253 1283 1289 ad
1316 1259 1425 1290 octa-

309 1330 399 1353 vum
425 1316 590 1366 lapidem
610 1316 761 1352 Gabina
778 1317 853 1360 via,
882 1329 958 1366 quo
987 1329 1026 1353 se
1055 1329 1102 1353 ex
1130 1317 1222 1366 fuga
1248 1314 1426 1353 contule-

309 1387 409 1425 rant,
437 1380 605 1431 ejusdem
631 1381 747 1417 ductu
770 1381 1016 1431 auspicioque
1037 1381 1188 1417 Camilli
1207 1381 1421 1419 vincuntur.

310 1446 369 1482 Ibi
390 1445 509 1481 caedes
535 1445 664 1480 omnia
692 1445 887 1481 obtinuit:
920 1452 1043 1481 castra
1073 1446 1286 1496 capiuntur,
1308 1452 1346 1482 et
1373 1458 1422 1482 ne

308 1509 469 1545 nuncius
499 1508 651 1557 quidem
679 1507 794 1544 cladis
823 1507 989 1544 relictus.
1045 1507 1238 1551 Dictator,
1265 1521 1423 1559 recupe-

308 1580 392 1611 rata
411 1586 455 1610 cx
475 1572 650 1608 hostibus
671 1573 807 1622 patria,
829 1573 1067 1622 triumphans
1086 1573 1126 1609 in
1146 1572 1277 1609 urbem
1295 1572 1415 1609 redit:

308 1638 482 1686 interque
510 1635 623 1686 jocos
654 1635 850 1679 militares,
881 1648 975 1685 quos
1009 1636 1224 1672 inconditos
1251 1635 1422 1686 jaciunt,

307 1700 497 1737 Romulus
524 1713 567 1736 ac
596 1712 732 1750 parens
760 1700 893 1750 patriae
917 1700 1167 1749 conditorque
1192 1700 1288 1737 alter
1316 1701 1423 1738 urbis

307 1765 410 1801 haud
438 1765 543 1801 vanis
580 1764 754 1800 laudibus
784 1763 1006 1814 adpellatur.
1064 1764 1258 1801 Servatam
1287 1765 1422 1802 deinde

307 1827 410 1864 bello
438 1828 598 1878 patriam
627 1827 763 1863 iterum
784 1828 823 1863 in
852 1840 944 1878 pace
972 1828 1074 1864 haud
1103 1828 1215 1864 dubie
1243 1829 1418 1873 servavit,

308 1905 423 1941 quum
453 1892 649 1941 prohibuit
676 1892 831 1940 migrari
857 1892 988 1936 Veios,
1013 1899 1050 1928 et
1072 1892 1232 1928 tribunis
1255 1905 1337 1928 rem-
1360 1893 1419 1928 in—

307 1956 449 1992 tentius
479 1955 679 2005 agentibus
709 1962 797 2006 post
824 1956 1018 1992 incensam
1047 1955 1191 1998 urbem,
1219 1963 1256 1993 et
1284 1968 1351 2006 per
1378 1969 1418 1993 se

307 2019 492 2056 inclinata
509 2019 629 2067 magis
649 2018 760 2069 plebe
779 2019 826 2055 ad
845 2020 882 2055 id
901 2019 1120 2055 consilium:
1149 2032 1266 2069 eaque
1286 2032 1424 2057 caussa⁴

305 2084 380 2120 fuit
406 2096 484 2120 non
510 2083 730 2120 abdicandae
756 2089 844 2133 post
868 2083 1102 2133 triumphum
1125 2084 1334 2127 dictaturae,
1357 2097 1418 2121 se·

303 2147 662 2191 natu'obsecrante,
685 2160 734 2184 ne
758 2147 1029 2198 rempublicam
1059 2148 1096 2184 in
1126 2147 1272 2185 incerto
1301 2148 1416 2186 relin-

302 2217 436 2259 queret
456 2217 571 2248 statu.

354 2274 403 2312 L.
433 2274 617 2317 Omnium
635 2275 813 2328 primum,
833 2282 876 2314 ut
895 2283 977 2314 erat
996 2276 1306 2326 diligentissimus
1327 2277 1416 2315 reli-
