1573 2598
358 211 516 242 LIBER
540 210 612 241 VI·
645 207 752 239 CAP.
775 209 953 238 xxxvl.
1142 207 1222 250 457

108 301 422 350 magistratuum,
442 308 481 339 et
500 300 617 353 ‘plebe
639 300 829 338 reficiente
857 300 950 336 duos
976 298 1163 342 tribunos,
1187 305 1225 335 et
1238 309 1292 341 per
1306 300 1399 348 qujn-

106 363 169 400 his
208 366 364 402 comitia
399 365 640 403 tribunorum
679 365 846 402 militum
882 362 1119 406 tollentibus,
1156 375 1223 414 per
1236 351 1430 384 qummum'

107 428 410 477 quinquennium
429 430 561 467 urbem
577 431 713 467 tenuit.

163 491 358 530 XXXVI.
387 493 475 529 Alia
505 493 606 530 bella
638 498 852 544 opportune
889 492 1084 542 quievere:
1116 491 1218 528 Veli·

105 555 207 591 terni
237 556 378 600 coloni,
403 544 607 606 gestientes
633 558 729 600 otio,
757 553 857 605 quod
885 555 1008 592 nullus
1035 556 1220 592 exercitus

109 617 307 657 Romanus
332 626 443 664 esset,
471 628 509 657 et
532 631 664 670 agrum
688 620 909 657 Romanum
928 620 1135 670 ‘aliquoties
1162 621 1220 656 in-

107 692 318 727 cursavere,
338 691 377 720 et
394 684 602 721 Tusculum
622 684 846 735 obpugnare
864 685 986 721 adorti
1011 692 1100 721 sunt
1116 700 1125 721 z
1156 698 1219 722 ea-

106 758 180 795 que
206 759 280 790 res,
306 747 531 784 Tusculanis
557 749 746 785 veteribus
776 750 903 792 sociis,
929 749 1036 785 novis
1060 748 1217 792 civibus,

105 821 219 859 opem
255 811 467 856 orantibus,
505 813 734 850 verecundia
768 814 934 850 maxime
972 825 1051 849 non
1087 813 1219 849 Patres

105 874 235 918 modo,
270 876 336 912 sed
371 877 486 913 etiam
521 877 686 928 plebem,
723 878 855 914 movit.
919 875 1218 914 Remittentibus

105 938 267 975 tribunis
292 939 432 989 plebis,
459 941 614 977 comitia
641 953 709 991 per
737 942 965 990 interregem
993 946 1082 978 sunt
1101 940 1218 978 habi-

105 1008 169 1048 ta5
192 1004 392 1053 creatique
420 1005 565 1042 tribuni
591 1005 756 1042 militum
784 1005 831 1042 L.
855 1005 1007 1050 Furius,
1033 1006 1082 1043 A.
1102 1005 1217 1043 Man-
1230 1015 1272 1045 U.
1284 1014 1317 1046 C.
1335 1022 1409 1047 aas„

104 1064 191 1109 lius,
222 1066 303 1103 Ser.
331 1068 533 1119 Sulpicius,
565 1069 644 1106 Ser.
665 1069 878 1112 Cornelius,
904 1069 947 1106 P.
976 1075 1015 1105 et
1041 1069 1084 1106 C.
1103 1060 1267 1106 Vale-A·
1283 1058 1319 1091 C·
1337 1064 1410 1094 ³⁶⁷²

104 1129 165 1172 rii,
185 1130 478 1181 haudquaquam
495 1139 575 1169 tam
592 1132 836 1169 obedientem
863 1133 903 1168 in
923 1131 1084 1177 delectu,
1105 1146 1219 1183 quam

103 1192 143 1228 in
171 1195 350 1238 comitiis,
384 1195 534 1245 plebem
570 1196 763 1232 habuere:
803 1197 1026 1246 ingentique
1059 1204 1217 1234 conten-

104 1256 210 1293 tione
227 1260 398 1297 exercitu
416 1261 558 1311 scripto
577 1260 754 1311 profecti,
775 1274 854 1297 non
878 1261 926 1297 ab
945 1261 1113 1298 Tusculo
1132 1274 1218 1298 mo-

104 1320 152 1356 do
171 1321 393 1359 submovere
412 1324 576 1368 hostem,
598 1325 663 1361 sed
693 1326 793 1361 intra
811 1331 959 1361 suamet
981 1325 1103 1376 ipsum
1123 1339 1218 1362 moe-

103 1383 169 1420 nia
187 1386 422 1437 compulere:
450 1388 797 1439 obsidebanturque
816 1389 918 1426 haud
935 1388 1064 1439 paullo
1080 1390 1117 1425 vi
1136 1402 1217 1426 ma·

97 1447 186 1498 jore
204 1450 372 1495 Velitrae,
393 1465 506 1502 quam
523 1453 730 1490 'Tusculum
751 1454 948 1490 obsessum
965 1453 1091 1490 fuerat
1106 1468 1113 1490 :
1145 1467 1216 1490 nec
1230 1457 1357 1488 Velitrae
1374 1457 1431 1488 ot>

100 1520 230 1550 tamen
258 1515 305 1552 ab
336 1517 403 1560 eis,
423 1531 446 1554 a
474 1518 608 1567 quibus
638 1517 802 1554 obsideri
832 1523 968 1567 coeptae
997 1524 1118 1560 erant,
1150 1524 1215 1554 ex·
1227 1510 1331 1554 *Ἐξ

103 1579 263 1626 pugnari
283 1588 453 1629 potuere.
484 1615 491 1620 ,
508 1581 611 1617 Ante
630 1582 719 1617 novi
739 1582 855 1617 creati
873 1588 962 1617 sunt
980 1581 1123 1618 tribuni
1144 1581 1215 1617 mi-

103 1639 237 1678 litum:
269 1643 317 1682 Q.
342 1643 537 1687 Servilius,
567 1645 609 1681 C.
630 1644 824 1687 Veturius,
851 1645 899 1681 A.
924 1651 963 1680 et
987 1644 1045 1680 M.
1067 1645 1214 1680 Cornea·
1228 1642 1318 1677 U·C-
1335 1647 1411 1674 38⁶·

102 1699 158 1750 lii,
184 1706 232 1745 Q.
252 1707 470 1750 Quinctius,
492 1707 550 1744 M.
570 1707 733 1744 Fabius:
766 1707 862 1743 nihil
889 1720 938 1744 ne
965 1707 1014 1743 ab
1043 1708 1101 1743 his
1131 1687 1316 1756 qui-‘³⁴⁴‘
1334 1690 1409 1716 ³⁶⁶·

103 1768 189 1804 dem
219 1769 381 1805 tribunis
414 1771 460 1806 ad
485 1770 648 1806 Velitras
678 1769 924 1806 memorabile
955 1770 1112 1807 factum.
1169 1770 1216 1807 In

103 1831 248 1883 majore
268 1834 482 1870 discrimine
502 1835 603 1870 domi
622 1847 679 1871 res
700 1834 969 1871 vertebantur:
1001 1847 1090 1870 nam
1119 1848 1215 1885 prae·

103 1903 162 1932 ter
191 1897 362 1933 Sextium
385 1898 651 1947 Liciniumque
677 1898 816 1934 latores
845 1897 985 1946 legum,
1007 1897 1089 1948 jam
1102 1906 1215 1935 >octa-

102 1973 190 1998 vum
208 1962 388 1998 «tribunos
414 1962 534 2012 plebis
561 1963 736 2005 refectos,
757 1962 897 1998 Fabius
921 1975 1071 2012 quoque
1093 1963 1212 2000 tribu-

102 2037 173 2061 nus
201 2025 377 2069 militum,
407 2026 574 2062 Stolonis
605 2039 725 2069 socer,
746 2039 904 2075 quarum
929 2026 1056 2074 legum
1081 2033 1214 2063 auctor

100 2087 240 2134 fuerat,
271 2101 399 2126 earum
428 2103 620 2127 suasorem
651 2103 690 2126 se
722 2091 823 2126 haud
856 2090 1011 2126 dubium
1039 2090 1207 2127 ferebat:

102 2157 153 2195 et,
174 2164 289 2201 quum
308 2161 397 2190 octo
417 2166 464 2190 ex
485 2154 648 2202 collegio
673 2155 912 2190 tribunorum
940 2153 1060 2204 plebis
1086 2154 1212 2203 primo

100 2215 367 2253 intercessores
393 2218 519 2267 legum
536 2218 712 2261 fuissent,
733 2220 898 2267 quinque
919 2218 990 2254 soli
1010 2224 1118 2253 erant
1135 2232 1142 2253 :
1171 2224 1212 2254 et

104 2283 165 2325 (ut
196 2278 314 2315 ferme
343 2281 480 2324 solent,
510 2283 575 2331 qui
607 2295 630 2318 a
661 2283 736 2317 suis
769 2282 998 2326 desciscunt)
1030 2282 1144 2331 capti,
1174 2288 1210 2317 et

102 2347 297 2391 stupentes
321 2344 450 2388 animi,
470 2345 626 2381 vocibus
652 2345 784 2382 alienis
811 2346 848 2382 id
875 2345 1001 2388 modo,
1022 2344 1123 2393 quod
1145 2345 1210 2382 do-

153 2404 254 2442 VoL.
283 2405 315 2444 Ι.
651 2408 690 2444 X
