1573 2598
409 204 565 234 LIBER
589 203 671 239 111.
706 201 813 238 CAP·
837 202 957 231 vlu.
1162 199 1242 246 179

121 293 272 332 morbi:
305 293 491 344 inopsque
519 297 673 332 senatus
702 289 835 328 auxilii
861 289 1034 341 humani,
1065 290 1114 327 ad
1135 290 1241 336 Deos

121 359 305 410 populum
334 371 378 395 ac
407 365 497 399 vota
527 357 663 396 vertit:
696 355 797 407 jussi
826 368 913 392 curn
937 354 1167 406 conjugibus
1197 369 1242 393 ac

121 423 250 461 liberis
277 423 532 473 supplicatum
556 422 624 466 ire,
652 433 860 472 pacemque
878 433 1084 471 exposcere
1101 419 1242 463 Deum.

122 489 185 525 Ad
214 489 265 531 id,
297 488 398 538 quod
433 500 501 524 sua
531 498 718 536 quemque
743 485 844 522 mala
873 485 1077 535 cogebant,
1108 492 1243 523 aucto-

121 554 234 590 ritate
248 552 405 603 publica
424 551 586 594 evocati,
607 551 738 592 omnia
760 549 917 586 delubra
940 549 1112 600 inplent:
1144 555 1243 587 stra—

121 623 170 653 tae
205 617 344 667 passim
375 622 529 658 matreS,
564 614 731 650 crinibus
768 613 912 664 templa
939 620 1146 658 verrentes,
1177 626 1243 651 ve-

122 682 224 718 niam
243 682 383 717 irarum
403 680 629 722 coelestium,
652 679 841 728 finemque
861 679 959 728 pesti
979 685 1205 729 exposcunt.

174 745 287 781 VIII.
317 745 412 783 Inde
441 744 652 795 paullatim,
680 756 745 779 seu
772 755 865 793 pace
883 742 1012 779 Deum
1037 744 1243 793 inpetrata,

121 823 188 846 seu
215 811 389 859 graviore
410 815 582 859 tempore
605 808 695 844 anni
712 807 796 857 jam
818 808 1064 850 circumacto,
1086 807 1244 844 defunc-

121 881 163 912 ta
187 874 327 911 morbis
358 887 519 924 corpora
541 873 751 909 salubriora
774 884 855 908 esse
882 872 1047 921 incipere
1067 885 1074 907 ε
1106 872 1243 913 versis-

122 953 195 989 que
224 939 358 976 animis
380 938 465 989 jam
494 938 542 974 ad
571 937 763 988 publicam
791 950 934 980 curam,
955 950 1072 986 quum
1095 936 1243 987 aliquot

124 1005 343 1052 interregna
360 1004 542 1046 exissent,
562 1002 606 1041 P.
622 1002 794 1038 Valerius
815 1001 1015 1038 Publicola
1032 1002 1147 1038 tertio
1166 1002 1240 1046 die,
1256 1003 1299 1032 U.
1315 1002 1352 1032 C.
1371 1009 1444 1035 292,

123 1084 236 1120 quam
255 1071 514 1119 interregnum
539 1070 690 1112 inierat,
713 1068 886 1109 consules
907 1074 1009 1109 creat
1029 1068 1076 1105 L.
1095 1067 1242 1105 Lucre·
1253 1047 1293 1078 A'
1310 1046 1347 1077 C‘
1365 1050 1440 1077 ὥθ’

122 1135 219 1172 tium
246 1135 516 1185 Tricipitinum
546 1141 583 1170 et
607 1134 654 1171 T.
673 1134 875 1171 Veturium
905 1133 1132 1179 Geminum3
1166 1135 1244 1173 sive

121 1198 185 1234 ille
203 1198 382 1234 Vetusius
402 1198 487 1234 fuit.
543 1198 646 1234 Ante
673 1198 772 1233 diem
795 1198 951 1233 tertium
971 1197 1060 1233 Idus
1081 1198 1242 1235 Sextiles

124 1262 364 1299 consulatum
386 1263 534 1305 ineunt,
549 1261 632 1312 jam
651 1263 742 1297 satis
763 1261 887 1297 valida
906 1262 1072 1305 civitate,
1095 1268 1136 1298 ut
1162 1275 1242 1300 non

124 1326 247 1364 solum
265 1339 392 1364 arcere
410 1325 567 1370 bellum,
587 1326 652 1362 sed
672 1325 772 1362 ultro
793 1326 909 1361 etiam
934 1325 1074 1362 inferre
1099 1333 1244 1376 posset.

124 1390 249 1440 Igitur
280 1390 550 1429 nunciantibus
577 1390 771 1433 Hernicis,
802 1391 842 1426 in
876 1390 968 1427 fines
1003 1403 1090 1427 suos
1119 1398 1245 1428 trans—

125 1455 294 1492 cendisse
321 1456 465 1498 hostes,
492 1456 641 1505 inpigre
669 1456 900 1505 promissum
926 1455 1135 1492 auxilium:
1168 1456 1244 1492 duo

123 1519 341 1556 consulares
380 1520 566 1556 exercitus
603 1519 748 1569 scripti.
815 1519 994 1555 Veturius
1032 1520 1167 1556 missus
1205 1522 1247 1557 in

124 1584 285 1621 Volscos
308 1584 356 1621 ad
380 1583 522 1621 bellum
545 1583 646 1621 ultro
672 1584 922 1621 inferendum.
979 1583 1364 1634 Tricipitinus,„Volsci
1380 1597 1478 1629 prae--

123 1650 435 1702 populationibus
469 1651 639 1688 arcendis
677 1652 868 1690 sociorum
906 1663 999 1699 agro
1028 1648 1243 1699 obpositus,
1254 1634 1366 1664 dones.

125 1728 205 1752 non
233 1715 346 1758 ultra,
377 1728 490 1764 quam
518 1716 559 1753 in
588 1715 794 1759 Hernicos,
823 1714 1007 1765 procedit.
1065 1713 1244 1752 Veturius

125 1780 249 1830 primo
278 1778 414 1828 proelio
443 1779 573 1817 hostes
602 1779 729 1816 fundit
755 1779 950 1828 fugatque.
1006 1777 1244 1822 Lucretium,

125 1844 215 1881 dum
251 1843 290 1879 in
320 1842 499 1881 Hernicis
528 1843 647 1887 sedet,
677 1844 900 1893 praedonum
928 1855 1065 1891 agmen
1093 1843 1244 1886 fefellit,

125 1921 239 1958 supra
267 1913 419 1946 montes
443 1907 698 1945 Praenestinos
725 1909 895 1951 ductum,
925 1908 1013 1944 inde
1042 1908 1245 1946 demissum

124 1974 165 2009 in
201 1985 368 2022 campos.
424 1972 632 2010 vastavere
667 1986 779 2022 agros
817 1973 1095 2010 Praenestinum
1125 1973 1243 2010 Gabi-

126 2051 317 2088 nnmque:
349 2052 397 2075 ex
419 2038 573 2076 Gabino
602 2040 642 2076 in
668 2039 906 2076 Tusculanos
934 2039 1073 2076 flexere
1101 2040 1241 2077 colles:

126 2103 211 2141 urbi
240 2115 390 2152 quoque
417 2102 554 2140 Romae
583 2104 717 2152 ingens
746 2103 927 2154 praebitus
955 2110 1092 2146 terror,
1122 2105 1243 2153 magis

127 2166 168 2206 in
196 2178 236 2202 re
263 2166 403 2210 subita,
429 2179 543 2216 quam
572 2167 674 2216 quod
702 2168 751 2204 ad
778 2168 980 2205 arcendam
1008 2168 1084 2204 vim
1112 2181 1247 2218 parum

128 2232 266 2270 virium
290 2238 400 2270 esset.
455 2234 505 2273 Q.
523 2233 856 2284 Fabius-praeerat
883 2233 995 2270 urbi:
1028 2233 1074 2275 is,
1102 2240 1249 2271 armata

122 2291 342 2346 juventute,
380 2297 650 2348 dispositisque
685 2298 883 2348 praesidiis,
921 2303 1006 2333 tuta
1040 2297 1170 2333 omnia
1203 2310 1248 2335 ac

128 2360 334 2410 tranquilla
350 2361 457 2401 fecit,
511 2362 648 2414 Itaque
669 2363 814 2407 hostes,
837 2362 966 2414 praeda
994 2374 1040 2400 ex
1065 2362 1252 2413 proximis

656 2426 719 2464 1.6
