<?xml version="1.0" encoding="UTF-8"?>
<!DOCTYPE html PUBLIC "-//W3C//DTD XHTML 1.0 Transitional//EN"
    "http://www.w3.org/TR/xhtml1/DTD/xhtml1-transitional.dtd">
<html xmlns="http://www.w3.org/1999/xhtml" xml:lang="en" lang="en">
 <head>
  <title>
</title>
<meta http-equiv="Content-Type" content="text/html;charset=utf-8" />
  <meta name='ocr-system' content='tesseract 3.04.00' />
  <meta name='ocr-capabilities' content='ocr_page ocr_carea ocr_par ocr_line ocrx_word'/>
</head>
<body>
  <div class='ocr_page' id='page_1' title='image "./historiarumquaes01livyuoft/historiarumquaes01livyuoft_0247.png"; bbox 0 0 1573 2598; ppageno 0'>
   <div class='ocr_carea' id='block_1_1' title="bbox 376 127 1222 175">
    <p class='ocr_par' dir='ltr' id='par_1_1' title="bbox 376 127 1222 175">
     <span class='ocr_line' id='line_1_1' title="bbox 376 127 1222 175; baseline 0 -18"><span class='ocrx_word' id='word_1_1' title='bbox 376 128 532 157; x_wconf 70' lang='lat' dir='ltr'>LIBER</span> <span class='ocrx_word' id='word_1_2' title='bbox 557 128 639 156; x_wconf 86' lang='lat'>111.</span> <span class='ocrx_word' id='word_1_3' title='bbox 673 127 781 155; x_wconf 68' lang='lat' dir='ltr'><strong>CAP.</strong></span> <span class='ocrx_word' id='word_1_4' title='bbox 808 127 911 157; x_wconf 79' lang='lat' dir='ltr'>LIV.</span> <span class='ocrx_word' id='word_1_5' title='bbox 1134 127 1222 175; x_wconf 76' lang='lat'>235</span> 
     </span>
    </p>
   </div>
   <div class='ocr_carea' id='block_1_2' title="bbox 0 214 1432 2326">
    <p class='ocr_par' dir='ltr' id='par_1_2' title="bbox 92 214 1420 1103">
     <span class='ocr_line' id='line_1_2' title="bbox 97 214 1420 267; baseline 0 -15"><span class='ocrx_word' id='word_1_6' title='bbox 97 215 158 253; x_wconf 80' lang='lat' dir='ltr'>dia</span> <span class='ocrx_word' id='word_1_7' title='bbox 185 216 388 267; x_wconf 87' lang='lat' dir='ltr'>praecipua,</span> <span class='ocrx_word' id='word_1_8' title='bbox 410 216 539 253; x_wconf 88' lang='lat' dir='ltr'>odium</span> <span class='ocrx_word' id='word_1_9' title='bbox 562 215 601 252; x_wconf 89' lang='lat' dir='ltr'>in</span> <span class='ocrx_word' id='word_1_10' title='bbox 626 227 665 251; x_wconf 91' lang='lat' dir='ltr'>se</span> <span class='ocrx_word' id='word_1_11' title='bbox 691 214 852 251; x_wconf 86' lang='lat' dir='ltr'>aliorum</span> <span class='ocrx_word' id='word_1_12' title='bbox 875 228 945 252; x_wconf 86' lang='lat' dir='ltr'>suo</span> <span class='ocrx_word' id='word_1_13' title='bbox 973 215 1013 251; x_wconf 89' lang='lat' dir='ltr'>in</span> <span class='ocrx_word' id='word_1_14' title='bbox 1043 229 1107 252; x_wconf 87' lang='lat' dir='ltr'>eos</span> <span class='ocrx_word' id='word_1_15' title='bbox 1137 230 1215 253; x_wconf 90' lang='lat' dir='ltr'>me·</span> <span class='ocrx_word' id='word_1_16' title='bbox 1231 222 1273 252; x_wconf 93' lang='lat' dir='ltr'>U.</span> <span class='ocrx_word' id='word_1_17' title='bbox 1290 221 1325 252; x_wconf 92' lang='lat' dir='ltr'>C.</span> <span class='ocrx_word' id='word_1_18' title='bbox 1343 225 1420 252; x_wconf 76' lang='lat'><strong>30⁵.</strong></span> 
     </span>
     <span class='ocr_line' id='line_1_3' title="bbox 97 265 1415 328; baseline 0.002 -13"><span class='ocrx_word' id='word_1_19' title='bbox 97 281 194 317; x_wconf 84' lang='lat' dir='ltr'>tiens</span> <span class='ocrx_word' id='word_1_20' title='bbox 233 280 337 324; x_wconf 86' lang='lat' dir='ltr'>odio,</span> <span class='ocrx_word' id='word_1_21' title='bbox 374 281 488 316; x_wconf 81' lang='lat' dir='ltr'>Haud</span> <span class='ocrx_word' id='word_1_22' title='bbox 520 280 659 327; x_wconf 81' lang='lat' dir='ltr'>ignaro,</span> <span class='ocrx_word' id='word_1_23' title='bbox 697 279 834 327; x_wconf 82' lang='lat' dir='ltr'>inquit,</span> <span class='ocrx_word' id='word_1_24' title='bbox 874 280 1021 316; x_wconf 81' lang='lat' dir='ltr'>inminet</span> <span class='ocrx_word' id='word_1_25' title='bbox 1046 279 1216 328; x_wconf 82' lang='lat' dir='ltr'>fortuna.</span> <span class='ocrx_word' id='word_1_26' title='bbox 1230 265 1269 295; x_wconf 66' lang='grc' dir='ltr'>Α·</span> <span class='ocrx_word' id='word_1_27' title='bbox 1288 265 1415 299; x_wconf 78' lang='lat' dir='ltr'>C.447.</span> 
     </span>
     <span class='ocr_line' id='line_1_4' title="bbox 104 344 1217 393; baseline 0.001 -13"><span class='ocrx_word' id='word_1_28' title='bbox 104 344 224 388; x_wconf 79' lang='lat' dir='ltr'>Video,</span> <span class='ocrx_word' id='word_1_29' title='bbox 252 346 361 382; x_wconf 79' lang='lat' dir='ltr'>donec</span> <span class='ocrx_word' id='word_1_30' title='bbox 385 357 488 381; x_wconf 86' lang='lat' dir='ltr'>arma</span> <span class='ocrx_word' id='word_1_31' title='bbox 512 344 722 380; x_wconf 70' lang='lat' dir='ltr'>adversariis</span> <span class='ocrx_word' id='word_1_32' title='bbox 751 344 954 387; x_wconf 74' lang='lat' dir='ltr'>tradantur,</span> <span class='ocrx_word' id='word_1_33' title='bbox 985 345 1123 393; x_wconf 81' lang='lat' dir='ltr'>differri</span> <span class='ocrx_word' id='word_1_34' title='bbox 1150 347 1217 382; x_wconf 79' lang='lat' dir='ltr'>acl-</span> 
     </span>
     <span class='ocr_line' id='line_1_5' title="bbox 94 409 1217 457; baseline 0.001 -13"><span class='ocrx_word' id='word_1_35' title='bbox 94 421 213 445; x_wconf 76' lang='lat' dir='ltr'>versus</span> <span class='ocrx_word' id='word_1_36' title='bbox 237 421 299 445; x_wconf 82' lang='lat' dir='ltr'>nos</span> <span class='ocrx_word' id='word_1_37' title='bbox 319 414 495 446; x_wconf 84' lang='lat' dir='ltr'>certamen</span> <span class='ocrx_word' id='word_1_38' title='bbox 508 425 519 445; x_wconf 91' lang='lat'>.·</span> <span class='ocrx_word' id='word_1_39' title='bbox 548 409 686 444; x_wconf 78' lang='lat' dir='ltr'>dandus</span> <span class='ocrx_word' id='word_1_40' title='bbox 705 409 848 444; x_wconf 70' lang='lat' dir='ltr'>invidiae</span> <span class='ocrx_word' id='word_1_41' title='bbox 866 413 918 444; x_wconf 87' lang='lat' dir='ltr'>est</span> <span class='ocrx_word' id='word_1_42' title='bbox 935 411 1090 457; x_wconf 80' lang='lat' dir='ltr'>sanguis.</span> <span class='ocrx_word' id='word_1_43' title='bbox 1146 410 1217 445; x_wconf 83' lang='lat' dir='ltr'>Ni-</span> 
     </span>
     <span class='ocr_line' id='line_1_6' title="bbox 98 473 1218 523; baseline 0.001 -13"><span class='ocrx_word' id='word_1_44' title='bbox 98 473 150 510; x_wconf 76' lang='lat' dir='ltr'>hil</span> <span class='ocrx_word' id='word_1_45' title='bbox 176 486 220 510; x_wconf 82' lang='lat' dir='ltr'>ne</span> <span class='ocrx_word' id='word_1_46' title='bbox 242 486 306 522; x_wconf 86' lang='lat' dir='ltr'>ego</span> <span class='ocrx_word' id='word_1_47' title='bbox 331 475 472 523; x_wconf 83' lang='lat' dir='ltr'>quidem</span> <span class='ocrx_word' id='word_1_48' title='bbox 498 485 631 516; x_wconf 69' lang='lat' dir='ltr'>vneror,</span> <span class='ocrx_word' id='word_1_49' title='bbox 655 485 722 521; x_wconf 74' lang='lat' dir='ltr'>qao</span> <span class='ocrx_word' id='word_1_50' title='bbox 748 475 863 509; x_wconf 80' lang='lat' dir='ltr'>minus</span> <span class='ocrx_word' id='word_1_51' title='bbox 889 474 1130 510; x_wconf 64' lang='lat' dir='ltr'>decemviratu*</span> <span class='ocrx_word' id='word_1_52' title='bbox 1154 474 1218 511; x_wconf 82' lang='lat' dir='ltr'>ab·</span> 
     </span>
     <span class='ocr_line' id='line_1_7' title="bbox 97 536 1220 580; baseline 0 -5"><span class='ocrx_word' id='word_1_53' title='bbox 97 550 188 575; x_wconf 87' lang='lat' dir='ltr'>eam.</span> <span class='ocrx_word' id='word_1_54' title='bbox 244 538 403 575; x_wconf 88' lang='lat' dir='ltr'>Factum</span> <span class='ocrx_word' id='word_1_55' title='bbox 441 536 829 580; x_wconf 88' lang='lat' dir='ltr'>senatusconsultum,</span> <span class='ocrx_word' id='word_1_56' title='bbox 875 538 924 575; x_wconf 92' lang='lat' dir='ltr'>Ut</span> <span class='ocrx_word' id='word_1_57' title='bbox 959 539 1147 575; x_wconf 74' lang='lat' dir='ltr'>decemviri</span> <span class='ocrx_word' id='word_1_58' title='bbox 1182 550 1220 576; x_wconf 82' lang='lat' dir='ltr'>se</span> 
     </span>
     <span class='ocr_line' id='line_1_8' title="bbox 92 602 1218 652; baseline 0.001 -13"><span class='ocrx_word' id='word_1_59' title='bbox 92 605 212 652; x_wconf 83' lang='lat' dir='ltr'>primo</span> <span class='ocrx_word' id='word_1_60' title='bbox 231 615 367 652; x_wconf 82' lang='lat' dir='ltr'>quoque</span> <span class='ocrx_word' id='word_1_61' title='bbox 387 608 540 651; x_wconf 83' lang='lat' dir='ltr'>tempore</span> <span class='ocrx_word' id='word_1_62' title='bbox 565 603 782 650; x_wconf 76' lang='lat' dir='ltr'>magistratu</span> <span class='ocrx_word' id='word_1_63' title='bbox 807 602 1022 640; x_wconf 70' lang='lat' dir='ltr'><strong><em>abdicarent.</em></strong></span> <span class='ocrx_word' id='word_1_64' title='bbox 1082 603 1125 646; x_wconf 87' lang='lat' dir='ltr'>Q.</span> <span class='ocrx_word' id='word_1_65' title='bbox 1146 603 1218 640; x_wconf 83' lang='lat' dir='ltr'>Fu-</span> 
     </span>
     <span class='ocr_line' id='line_1_9' title="bbox 94 666 1220 716; baseline 0.001 -12"><span class='ocrx_word' id='word_1_66' title='bbox 94 668 168 704; x_wconf 74' lang='lat' dir='ltr'>rius</span> <span class='ocrx_word' id='word_1_67' title='bbox 198 666 364 716; x_wconf 71' lang='lat' dir='ltr'>pontifex</span> <span class='ocrx_word' id='word_1_68' title='bbox 390 669 566 704; x_wconf 78' lang='lat' dir='ltr'>maximus</span> <span class='ocrx_word' id='word_1_69' title='bbox 595 667 752 703; x_wconf 70' lang='lat' dir='ltr'>tribunos</span> <span class='ocrx_word' id='word_1_70' title='bbox 774 667 890 715; x_wconf 74' lang='lat' dir='ltr'>plebis</span> <span class='ocrx_word' id='word_1_71' title='bbox 918 672 1078 704; x_wconf 84' lang='lat' dir='ltr'>crearet:</span> <span class='ocrx_word' id='word_1_72' title='bbox 1113 673 1148 704; x_wconf 85' lang='lat' dir='ltr'>et</span> <span class='ocrx_word' id='word_1_73' title='bbox 1174 680 1220 705; x_wconf 81' lang='lat' dir='ltr'>ne</span> 
     </span>
     <span class='ocr_line' id='line_1_10' title="bbox 95 731 1218 780; baseline 0 -13"><span class='ocrx_word' id='word_1_74' title='bbox 95 732 153 768; x_wconf 76' lang='lat' dir='ltr'>cui</span> <span class='ocrx_word' id='word_1_75' title='bbox 169 731 305 780; x_wconf 82' lang='lat' dir='ltr'>fraudi</span> <span class='ocrx_word' id='word_1_76' title='bbox 333 736 419 767; x_wconf 78' lang='lat' dir='ltr'>esset</span> <span class='ocrx_word' id='word_1_77' title='bbox 444 733 586 768; x_wconf 83' lang='lat' dir='ltr'>secessio</span> <span class='ocrx_word' id='word_1_78' title='bbox 615 732 772 767; x_wconf 81' lang='lat' dir='ltr'>militum</span> <span class='ocrx_word' id='word_1_79' title='bbox 799 731 990 779; x_wconf 76' lang='lat' dir='ltr'><em>plebisque.</em></span> <span class='ocrx_word' id='word_1_80' title='bbox 1046 731 1121 767; x_wconf 93' lang='lat' dir='ltr'>His</span> <span class='ocrx_word' id='word_1_81' title='bbox 1158 743 1218 768; x_wconf 87' lang='lat' dir='ltr'>se-</span> 
     </span>
     <span class='ocr_line' id='line_1_11' title="bbox 95 794 1218 845; baseline 0.001 -14"><span class='ocrx_word' id='word_1_82' title='bbox 95 794 393 840; x_wconf 82' lang='lat' dir='ltr'>natusconsultis</span> <span class='ocrx_word' id='word_1_83' title='bbox 423 795 616 845; x_wconf 88' lang='lat' dir='ltr'>perfectis,</span> <span class='ocrx_word' id='word_1_84' title='bbox 649 795 804 830; x_wconf 81' lang='lat' dir='ltr'>dimisso</span> <span class='ocrx_word' id='word_1_85' title='bbox 834 800 983 838; x_wconf 86' lang='lat' dir='ltr'>senatu,</span> <span class='ocrx_word' id='word_1_86' title='bbox 1013 794 1218 832; x_wconf 85' lang='lat' dir='ltr'>decemviri</span> 
     </span>
     <span class='ocr_line' id='line_1_12' title="bbox 95 859 1225 910; baseline 0.001 -14"><span class='ocrx_word' id='word_1_87' title='bbox 95 859 284 910; x_wconf 78' lang='lat' dir='ltr'>prodeunt</span> <span class='ocrx_word' id='word_1_88' title='bbox 309 860 349 896; x_wconf 87' lang='lat' dir='ltr'>in</span> <span class='ocrx_word' id='word_1_89' title='bbox 369 860 608 903; x_wconf 78' lang='lat' dir='ltr'>concionem,</span> <span class='ocrx_word' id='word_1_90' title='bbox 631 859 885 908; x_wconf 80' lang='lat' dir='ltr'>abdicantque</span> <span class='ocrx_word' id='word_1_91' title='bbox 908 871 948 896; x_wconf 88' lang='lat' dir='ltr'>se</span> <span class='ocrx_word' id='word_1_92' title='bbox 973 859 1225 908; x_wconf 65' lang='lat' dir='ltr'>magistratu,</span> 
     </span>
     <span class='ocr_line' id='line_1_13' title="bbox 94 923 1213 975; baseline 0.001 -15"><span class='ocrx_word' id='word_1_93' title='bbox 94 924 242 973; x_wconf 87' lang='lat' dir='ltr'><strong>ingenti</strong></span> <span class='ocrx_word' id='word_1_94' title='bbox 270 925 470 960; x_wconf 85' lang='lat' dir='ltr'>hominum</span> <span class='ocrx_word' id='word_1_95' title='bbox 499 924 644 961; x_wconf 81' lang='lat' dir='ltr'>laetitia.</span> <span class='ocrx_word' id='word_1_96' title='bbox 700 923 948 960; x_wconf 86' lang='lat' dir='ltr'>Nunciantur</span> <span class='ocrx_word' id='word_1_97' title='bbox 974 923 1058 960; x_wconf 86' lang='lat' dir='ltr'>haec</span> <span class='ocrx_word' id='word_1_98' title='bbox 1085 923 1213 975; x_wconf 86' lang='lat' dir='ltr'>plebi:</span> 
     </span>
     <span class='ocr_line' id='line_1_14' title="bbox 94 987 1217 1039; baseline 0.001 -14"><span class='ocrx_word' id='word_1_99' title='bbox 94 987 257 1038; x_wconf 74' lang='lat' dir='ltr'>legatOS,</span> <span class='ocrx_word' id='word_1_100' title='bbox 278 989 458 1038; x_wconf 90' lang='lat' dir='ltr'>quidquid</span> <span class='ocrx_word' id='word_1_101' title='bbox 487 989 525 1024; x_wconf 87' lang='lat' dir='ltr'>in</span> <span class='ocrx_word' id='word_1_102' title='bbox 554 989 649 1025; x_wconf 84' lang='lat' dir='ltr'>urbe</span> <span class='ocrx_word' id='word_1_103' title='bbox 670 988 870 1024; x_wconf 89' lang='lat' dir='ltr'>hominum</span> <span class='ocrx_word' id='word_1_104' title='bbox 896 994 1106 1038; x_wconf 81' lang='lat' dir='ltr'>supererat,</span> <span class='ocrx_word' id='word_1_105' title='bbox 1126 1001 1217 1039; x_wconf 89' lang='lat' dir='ltr'>pro-</span> 
     </span>
     <span class='ocr_line' id='line_1_15' title="bbox 95 1051 1217 1103; baseline 0 -13"><span class='ocrx_word' id='word_1_106' title='bbox 95 1054 276 1103; x_wconf 79' lang='lat' dir='ltr'>sequitur.</span> <span class='ocrx_word' id='word_1_107' title='bbox 334 1052 438 1090; x_wconf 89' lang='lat' dir='ltr'>Huic</span> <span class='ocrx_word' id='word_1_108' title='bbox 465 1052 700 1089; x_wconf 81' lang='lat' dir='ltr'>multitudini</span> <span class='ocrx_word' id='word_1_109' title='bbox 728 1051 816 1088; x_wconf 86' lang='lat' dir='ltr'>laeta</span> <span class='ocrx_word' id='word_1_110' title='bbox 842 1051 916 1089; x_wconf 88' lang='lat' dir='ltr'>alia</span> <span class='ocrx_word' id='word_1_111' title='bbox 940 1052 1056 1089; x_wconf 85' lang='lat' dir='ltr'>turba</span> <span class='ocrx_word' id='word_1_112' title='bbox 1083 1065 1130 1090; x_wconf 85' lang='lat' dir='ltr'>ex</span> <span class='ocrx_word' id='word_1_113' title='bbox 1153 1066 1217 1090; x_wconf 84' lang='lat' dir='ltr'>ca·</span> 
     </span>
    </p>

    <p class='ocr_par' dir='ltr' id='par_1_3' title="bbox 0 1116 1216 1171">
     <span class='ocr_line' id='line_1_16' title="bbox 0 1116 1216 1171; baseline 0.001 -18"><span class='ocrx_word' id='word_1_114' title='bbox 0 1121 8 1171; x_wconf 58' lang='lat' dir='ltr'><em>J</em></span> <span class='ocrx_word' id='word_1_115' title='bbox 96 1118 183 1154; x_wconf 84' lang='lat' dir='ltr'>stris</span> <span class='ocrx_word' id='word_1_116' title='bbox 219 1117 414 1154; x_wconf 74' lang='lat' dir='ltr'>obcurrit:</span> <span class='ocrx_word' id='word_1_117' title='bbox 456 1116 772 1166; x_wconf 86' lang='lat' dir='ltr'>congratulantur</span> <span class='ocrx_word' id='word_1_118' title='bbox 808 1116 1025 1153; x_wconf 84' lang='lat' dir='ltr'>libertatem</span> <span class='ocrx_word' id='word_1_119' title='bbox 1054 1129 1216 1154; x_wconf 90' lang='lat' dir='ltr'>concor-</span> 
     </span>
    </p>

    <p class='ocr_par' dir='ltr' id='par_1_4' title="bbox 2 1131 1218 1295">
     <span class='ocr_line' id='line_1_17' title="bbox 2 1131 1215 1256; baseline 0.001 -38"><span class='ocrx_word' id='word_1_120' title='bbox 2 1131 9 1256; x_wconf 58' lang='grc' dir='ltr'>ι</span> <span class='ocrx_word' id='word_1_121' title='bbox 100 1182 276 1230; x_wconf 87' lang='lat' dir='ltr'>diamque</span> <span class='ocrx_word' id='word_1_122' title='bbox 295 1182 439 1218; x_wconf 84' lang='lat' dir='ltr'>civitati</span> <span class='ocrx_word' id='word_1_123' title='bbox 460 1183 687 1217; x_wconf 85' lang='lat' dir='ltr'>restitutam.</span> <span class='ocrx_word' id='word_1_124' title='bbox 743 1180 883 1229; x_wconf 88' lang='lat' dir='ltr'>Legati</span> <span class='ocrx_word' id='word_1_125' title='bbox 912 1193 982 1230; x_wconf 88' lang='lat' dir='ltr'>pro</span> <span class='ocrx_word' id='word_1_126' title='bbox 1002 1182 1188 1219; x_wconf 89' lang='lat' dir='ltr'>concione</span> <span class='ocrx_word' id='word_1_127' title='bbox 1205 1196 1215 1218; x_wconf 74' lang='grc' dir='ltr'><strong>ε</strong></span> 
     </span>
     <span class='ocr_line' id='line_1_18' title="bbox 99 1244 1218 1295; baseline 0.001 -13"><span class='ocrx_word' id='word_1_128' title='bbox 99 1246 204 1288; x_wconf 78' lang='lat' dir='ltr'><strong><em>Quod</em></strong></span> <span class='ocrx_word' id='word_1_129' title='bbox 221 1246 361 1288; x_wconf 78' lang='lat' dir='ltr'><strong><em>bonum,</em></strong></span> <span class='ocrx_word' id='word_1_130' title='bbox 377 1244 562 1295; x_wconf 78' lang='lat' dir='ltr'>faustum,</span> <span class='ocrx_word' id='word_1_131' title='bbox 578 1245 745 1295; x_wconf 66' lang='lat' dir='ltr'>felixque</span> <span class='ocrx_word' id='word_1_132' title='bbox 760 1246 809 1281; x_wconf 74' lang='lat' dir='ltr'>sit</span> <span class='ocrx_word' id='word_1_133' title='bbox 823 1245 931 1288; x_wconf 85' lang='lat' dir='ltr'>vobis,</span> <span class='ocrx_word' id='word_1_134' title='bbox 955 1247 1075 1294; x_wconf 79' lang='lat' dir='ltr'>reique</span> <span class='ocrx_word' id='word_1_135' title='bbox 1093 1246 1218 1294; x_wconf 81' lang='lat' dir='ltr'>publi·</span> 
     </span>
    </p>

    <p class='ocr_par' dir='ltr' id='par_1_5' title="bbox 0 1291 1219 1370">
     <span class='ocr_line' id='line_1_19' title="bbox 0 1291 1219 1370; baseline 0 -22"><span class='ocrx_word' id='word_1_136' title='bbox 0 1291 3 1370; x_wconf 68' lang='grc' dir='ltr'>ι</span> <span class='ocrx_word' id='word_1_137' title='bbox 96 1324 158 1355; x_wconf 86' lang='lat' dir='ltr'>cae,</span> <span class='ocrx_word' id='word_1_138' title='bbox 184 1313 297 1348; x_wconf 76' lang='lat' dir='ltr'>redite</span> <span class='ocrx_word' id='word_1_139' title='bbox 320 1313 358 1348; x_wconf 82' lang='lat' dir='ltr'>in</span> <span class='ocrx_word' id='word_1_140' title='bbox 379 1313 542 1361; x_wconf 68' lang='lat' dir='ltr'>patriam</span> <span class='ocrx_word' id='word_1_141' title='bbox 567 1312 616 1347; x_wconf 86' lang='lat' dir='ltr'>ad</span> <span class='ocrx_word' id='word_1_142' title='bbox 636 1315 798 1359; x_wconf 80' lang='lat' dir='ltr'>penates,</span> <span class='ocrx_word' id='word_1_143' title='bbox 821 1308 997 1358; x_wconf 83' lang='lat' dir='ltr'>conjuges,</span> <span class='ocrx_word' id='word_1_144' title='bbox 1025 1309 1219 1359; x_wconf 82' lang='lat' dir='ltr'>liberosque</span> 
     </span>
    </p>

    <p class='ocr_par' dir='ltr' id='par_1_6' title="bbox 0 1372 1432 2326">
     <span class='ocr_line' id='line_1_20' title="bbox 0 1372 1218 1425; baseline 0 -13"><span class='ocrx_word' id='word_1_145' title='bbox 0 1372 4 1403; x_wconf 60' lang='grc' dir='ltr'>ἱ</span> <span class='ocrx_word' id='word_1_146' title='bbox 94 1381 252 1414; x_wconf 83' lang='lat' dir='ltr'>vestros:</span> <span class='ocrx_word' id='word_1_147' title='bbox 280 1377 353 1419; x_wconf 86' lang='lat' dir='ltr'>sed,</span> <span class='ocrx_word' id='word_1_148' title='bbox 374 1388 445 1425; x_wconf 83' lang='lat' dir='ltr'>qua</span> <span class='ocrx_word' id='word_1_149' title='bbox 465 1376 522 1412; x_wconf 82' lang='lat' dir='ltr'>hic</span> <span class='ocrx_word' id='word_1_150' title='bbox 546 1377 719 1412; x_wconf 81' lang='lat' dir='ltr'>modestia</span> <span class='ocrx_word' id='word_1_151' title='bbox 733 1374 876 1424; x_wconf 71' lang='lat' dir='ltr'>fuisti-9,</span> <span class='ocrx_word' id='word_1_152' title='bbox 895 1374 955 1411; x_wconf 84' lang='lat' dir='ltr'>ubi</span> <span class='ocrx_word' id='word_1_153' title='bbox 979 1375 1113 1411; x_wconf 77' lang='lat' dir='ltr'>nullius</span> <span class='ocrx_word' id='word_1_154' title='bbox 1131 1387 1218 1423; x_wconf 86' lang='lat' dir='ltr'>ager</span> 
     </span>
     <span class='ocr_line' id='line_1_21' title="bbox 94 1440 1216 1477; baseline 0 -1"><span class='ocrx_word' id='word_1_155' title='bbox 94 1442 132 1477; x_wconf 81' lang='lat' dir='ltr'>in</span> <span class='ocrx_word' id='word_1_156' title='bbox 156 1445 207 1476; x_wconf 86' lang='lat' dir='ltr'>tot</span> <span class='ocrx_word' id='word_1_157' title='bbox 229 1452 348 1477; x_wconf 84' lang='lat' dir='ltr'>rerum</span> <span class='ocrx_word' id='word_1_158' title='bbox 369 1452 435 1476; x_wconf 79' lang='lat' dir='ltr'>usu</span> <span class='ocrx_word' id='word_1_159' title='bbox 460 1441 651 1476; x_wconf 82' lang='lat' dir='ltr'>necessario</span> <span class='ocrx_word' id='word_1_160' title='bbox 679 1445 789 1476; x_wconf 79' lang='lat' dir='ltr'>tantae</span> <span class='ocrx_word' id='word_1_161' title='bbox 811 1440 1038 1475; x_wconf 78' lang='lat' dir='ltr'>multitudini</span> <span class='ocrx_word' id='word_1_162' title='bbox 1065 1444 1117 1475; x_wconf 80' lang='lat' dir='ltr'>est</span> <span class='ocrx_word' id='word_1_163' title='bbox 1139 1441 1216 1476; x_wconf 80' lang='lat' dir='ltr'>vio·</span> 
     </span>
     <span class='ocr_line' id='line_1_22' title="bbox 96 1504 1218 1553; baseline -0.001 -13"><span class='ocrx_word' id='word_1_164' title='bbox 96 1505 204 1547; x_wconf 75' lang='lat' dir='ltr'>latus,</span> <span class='ocrx_word' id='word_1_165' title='bbox 234 1517 314 1541; x_wconf 83' lang='lat' dir='ltr'>eam</span> <span class='ocrx_word' id='word_1_166' title='bbox 340 1505 548 1540; x_wconf 77' lang='lat' dir='ltr'>modestiam</span> <span class='ocrx_word' id='word_1_167' title='bbox 564 1504 666 1553; x_wconf 84' lang='lat' dir='ltr'>ferte</span> <span class='ocrx_word' id='word_1_168' title='bbox 694 1506 731 1540; x_wconf 82' lang='lat' dir='ltr'>in</span> <span class='ocrx_word' id='word_1_169' title='bbox 758 1504 879 1540; x_wconf 85' lang='lat' dir='ltr'>urbem</span> <span class='ocrx_word' id='word_1_170' title='bbox 895 1520 907 1540; x_wconf 89' lang='lat'>.·</span> <span class='ocrx_word' id='word_1_171' title='bbox 936 1506 973 1540; x_wconf 79' lang='lat' dir='ltr'>in</span> <span class='ocrx_word' id='word_1_172' title='bbox 998 1505 1218 1540; x_wconf 71' lang='lat' dir='ltr'>Aventinum</span> 
     </span>
     <span class='ocr_line' id='line_1_23' title="bbox 95 1556 1257 1617; baseline -0.001 -12"><span class='ocrx_word' id='word_1_173' title='bbox 95 1570 158 1611; x_wconf 78' lang='lat' dir='ltr'>ite,</span> <span class='ocrx_word' id='word_1_174' title='bbox 181 1569 273 1605; x_wconf 82' lang='lat' dir='ltr'>unde</span> <span class='ocrx_word' id='word_1_175' title='bbox 286 1567 442 1617; x_wconf 84' lang='lat' dir='ltr'>profecti</span> <span class='ocrx_word' id='word_1_176' title='bbox 461 1570 553 1604; x_wconf 78' lang='lat' dir='ltr'>estis.</span> <span class='ocrx_word' id='word_1_177' title='bbox 610 1569 665 1604; x_wconf 84' lang='lat' dir='ltr'>Ibi</span> <span class='ocrx_word' id='word_1_178' title='bbox 680 1568 790 1617; x_wconf 80' lang='lat' dir='ltr'>felici-</span> <span class='ocrx_word' id='word_1_179' title='bbox 810 1570 898 1611; x_wconf 87' lang='lat' dir='ltr'>loco,</span> <span class='ocrx_word' id='word_1_180' title='bbox 917 1569 978 1604; x_wconf 70' lang='lat' dir='ltr'>ubi</span> <span class='ocrx_word' id='word_1_181' title='bbox 999 1570 1120 1616; x_wconf 80' lang='lat' dir='ltr'>prima</span> <span class='ocrx_word' id='word_1_182' title='bbox 1144 1569 1214 1604; x_wconf 71' lang='lat' dir='ltr'>ini-</span> <span class='ocrx_word' id='word_1_183' title='bbox 1251 1556 1257 1561; x_wconf 61' lang='lat'><em>„</em></span> 
     </span>
     <span class='ocr_line' id='line_1_24' title="bbox 98 1631 1215 1680; baseline -0.001 -12"><span class='ocrx_word' id='word_1_184' title='bbox 98 1634 150 1668; x_wconf 77' lang='lat' dir='ltr'>tia</span> <span class='ocrx_word' id='word_1_185' title='bbox 182 1632 383 1670; x_wconf 71' lang='lat' dir='ltr'>inchoastis,</span> <span class='ocrx_word' id='word_1_186' title='bbox 400 1632 573 1668; x_wconf 79' lang='lat' dir='ltr'>libertatis</span> <span class='ocrx_word' id='word_1_187' title='bbox 600 1637 738 1675; x_wconf 77' lang='lat' dir='ltr'>vestrae,</span> <span class='ocrx_word' id='word_1_188' title='bbox 769 1633 924 1668; x_wconf 79' lang='lat' dir='ltr'>tribunos</span> <span class='ocrx_word' id='word_1_189' title='bbox 956 1632 1053 1680; x_wconf 78' lang='lat' dir='ltr'>plebi</span> <span class='ocrx_word' id='word_1_190' title='bbox 1081 1631 1215 1668; x_wconf 79' lang='lat' dir='ltr'>creabi-</span> 
     </span>
     <span class='ocr_line' id='line_1_25' title="bbox 101 1694 1216 1744; baseline 0 -13"><span class='ocrx_word' id='word_1_191' title='bbox 101 1697 170 1731; x_wconf 82' lang='lat' dir='ltr'>tis:</span> <span class='ocrx_word' id='word_1_192' title='bbox 194 1700 324 1743; x_wconf 83' lang='lat' dir='ltr'>praesto</span> <span class='ocrx_word' id='word_1_193' title='bbox 349 1697 416 1731; x_wconf 82' lang='lat' dir='ltr'>erit</span> <span class='ocrx_word' id='word_1_194' title='bbox 437 1694 602 1744; x_wconf 72' lang='lat' dir='ltr'>pontifex</span> <span class='ocrx_word' id='word_1_195' title='bbox 626 1697 814 1738; x_wconf 66' lang='lat' dir='ltr'>maximus,</span> <span class='ocrx_word' id='word_1_196' title='bbox 835 1697 895 1743; x_wconf 78' lang='lat' dir='ltr'>qui</span> <span class='ocrx_word' id='word_1_197' title='bbox 915 1696 1059 1731; x_wconf 79' lang='lat' dir='ltr'>comitia</span> <span class='ocrx_word' id='word_1_198' title='bbox 1077 1695 1216 1732; x_wconf 79' lang='lat' dir='ltr'>habeat.</span> 
     </span>
     <span class='ocr_line' id='line_1_26' title="bbox 100 1758 1216 1808; baseline -0.001 -13"><span class='ocrx_word' id='word_1_199' title='bbox 100 1759 241 1807; x_wconf 85' lang='lat' dir='ltr'>Ingens</span> <span class='ocrx_word' id='word_1_200' title='bbox 269 1759 447 1795; x_wconf 85' lang='lat' dir='ltr'>adsensus</span> <span class='ocrx_word' id='word_1_201' title='bbox 475 1759 725 1807; x_wconf 83' lang='lat' dir='ltr'>alacritasque</span> <span class='ocrx_word' id='word_1_202' title='bbox 753 1766 892 1795; x_wconf 88' lang='lat' dir='ltr'>cuncta</span> <span class='ocrx_word' id='word_1_203' title='bbox 922 1758 1216 1808; x_wconf 85' lang='lat' dir='ltr'>adprobantium</span> 
     </span>
     <span class='ocr_line' id='line_1_27' title="bbox 98 1823 1213 1873; baseline -0.002 -12"><span class='ocrx_word' id='word_1_204' title='bbox 98 1825 183 1861; x_wconf 86' lang='lat' dir='ltr'>fuit.</span> <span class='ocrx_word' id='word_1_205' title='bbox 241 1824 472 1860; x_wconf 87' lang='lat' dir='ltr'>Convellunt</span> <span class='ocrx_word' id='word_1_206' title='bbox 508 1824 596 1860; x_wconf 86' lang='lat' dir='ltr'>inde</span> <span class='ocrx_word' id='word_1_207' title='bbox 628 1825 750 1873; x_wconf 84' lang='lat' dir='ltr'>signa,</span> <span class='ocrx_word' id='word_1_208' title='bbox 781 1824 1018 1873; x_wconf 84' lang='lat' dir='ltr'>profectique</span> <span class='ocrx_word' id='word_1_209' title='bbox 1046 1823 1213 1859; x_wconf 86' lang='lat' dir='ltr'>Romam</span> 
     </span>
     <span class='ocr_line' id='line_1_28' title="bbox 97 1881 1358 1954; baseline -0.002 -29"><span class='ocrx_word' id='word_1_210' title='bbox 97 1896 244 1926; x_wconf 79' lang='lat' dir='ltr'>certant</span> <span class='ocrx_word' id='word_1_211' title='bbox 273 1901 359 1925; x_wconf 88' lang='lat' dir='ltr'>cum</span> <span class='ocrx_word' id='word_1_212' title='bbox 387 1889 509 1925; x_wconf 82' lang='lat' dir='ltr'>obviis</span> <span class='ocrx_word' id='word_1_213' title='bbox 539 1889 701 1937; x_wconf 68' lang='lat' dir='ltr'>gaudio:</span> <span class='ocrx_word' id='word_1_214' title='bbox 738 1889 873 1924; x_wconf 89' lang='lat' dir='ltr'>armati</span> <span class='ocrx_word' id='word_1_215' title='bbox 904 1901 970 1938; x_wconf 89' lang='lat' dir='ltr'>per</span> <span class='ocrx_word' id='word_1_216' title='bbox 1000 1888 1130 1924; x_wconf 89' lang='lat' dir='ltr'>urbem</span> <span class='ocrx_word' id='word_1_217' title='bbox 1160 1889 1209 1923; x_wconf 83' lang='lat' dir='ltr'>si·</span> <span class='ocrx_word' id='word_1_218' title='bbox 1222 1881 1358 1954; x_wconf 50' lang='lat' dir='ltr'>&#39;Iiribuni</span> 
     </span>
     <span class='ocr_line' id='line_1_29' title="bbox 97 1931 1432 2003; baseline 0.001 -14"><span class='ocrx_word' id='word_1_219' title='bbox 97 1952 215 1989; x_wconf 79' lang='lat' dir='ltr'>lentio</span> <span class='ocrx_word' id='word_1_220' title='bbox 236 1954 273 1989; x_wconf 84' lang='lat' dir='ltr'>in</span> <span class='ocrx_word' id='word_1_221' title='bbox 292 1953 525 1989; x_wconf 84' lang='lat' dir='ltr'>Aventinum</span> <span class='ocrx_word' id='word_1_222' title='bbox 545 1954 788 2003; x_wconf 87' lang='lat' dir='ltr'>perveniunt:</span> <span class='ocrx_word' id='word_1_223' title='bbox 814 1953 868 1989; x_wconf 83' lang='lat' dir='ltr'>ibi</span> <span class='ocrx_word' id='word_1_224' title='bbox 888 1952 1093 2003; x_wconf 76' lang='lat' dir='ltr'>extemplo,</span> <span class='ocrx_word' id='word_1_225' title='bbox 1114 1965 1209 2002; x_wconf 84' lang='lat' dir='ltr'>pon·</span> <span class='ocrx_word' id='word_1_226' title='bbox 1223 1934 1265 1998; x_wconf 47' lang='lat' dir='ltr'>Es</span> <span class='ocrx_word' id='word_1_227' title='bbox 1274 1931 1432 1999; x_wconf 41' lang='lat' dir='ltr'>{zzzntur</span> 
     </span>
     <span class='ocr_line' id='line_1_30' title="bbox 97 2012 1304 2066; baseline -0.001 -13"><span class='ocrx_word' id='word_1_228' title='bbox 97 2017 198 2053; x_wconf 88' lang='lat' dir='ltr'>tifice</span> <span class='ocrx_word' id='word_1_229' title='bbox 217 2019 383 2053; x_wconf 85' lang='lat' dir='ltr'>maximo</span> <span class='ocrx_word' id='word_1_230' title='bbox 398 2018 555 2054; x_wconf 86' lang='lat' dir='ltr'>comitia</span> <span class='ocrx_word' id='word_1_231' title='bbox 573 2017 754 2060; x_wconf 85' lang='lat' dir='ltr'>habente,</span> <span class='ocrx_word' id='word_1_232' title='bbox 768 2017 946 2054; x_wconf 78' lang='lat' dir='ltr'>t&#39;ribunos</span> <span class='ocrx_word' id='word_1_233' title='bbox 967 2016 1087 2066; x_wconf 89' lang='lat' dir='ltr'>plebis</span> <span class='ocrx_word' id='word_1_234' title='bbox 1108 2029 1211 2052; x_wconf 83' lang='lat' dir='ltr'>crea·</span> <span class='ocrx_word' id='word_1_235' title='bbox 1226 2012 1304 2043; x_wconf 62' lang='lat'>‘³¹¹0-</span> 
     </span>
     <span class='ocr_line' id='line_1_31' title="bbox 98 2079 1213 2131; baseline -0.001 -15"><span class='ocrx_word' id='word_1_236' title='bbox 98 2088 247 2124; x_wconf 84' lang='lat' dir='ltr'>verunt,</span> <span class='ocrx_word' id='word_1_237' title='bbox 267 2082 438 2118; x_wconf 85' lang='lat' dir='ltr'>omnium</span> <span class='ocrx_word' id='word_1_238' title='bbox 461 2082 625 2131; x_wconf 87' lang='lat' dir='ltr'>primum</span> <span class='ocrx_word' id='word_1_239' title='bbox 643 2081 691 2118; x_wconf 91' lang='lat' dir='ltr'>A.</span> <span class='ocrx_word' id='word_1_240' title='bbox 713 2080 942 2130; x_wconf 82' lang='lat' dir='ltr'>Virginium,</span> <span class='ocrx_word' id='word_1_241' title='bbox 964 2081 1051 2116; x_wconf 88' lang='lat' dir='ltr'>inde</span> <span class='ocrx_word' id='word_1_242' title='bbox 1069 2079 1117 2117; x_wconf 90' lang='lat' dir='ltr'>L.</span> <span class='ocrx_word' id='word_1_243' title='bbox 1138 2079 1213 2116; x_wconf 88' lang='lat' dir='ltr'>Ici-</span> 
     </span>
     <span class='ocr_line' id='line_1_32' title="bbox 98 2143 1212 2193; baseline -0.001 -13"><span class='ocrx_word' id='word_1_244' title='bbox 98 2143 191 2180; x_wconf 90' lang='lat' dir='ltr'>lium</span> <span class='ocrx_word' id='word_1_245' title='bbox 219 2151 257 2181; x_wconf 90' lang='lat' dir='ltr'>et</span> <span class='ocrx_word' id='word_1_246' title='bbox 285 2144 326 2181; x_wconf 92' lang='lat' dir='ltr'>P.</span> <span class='ocrx_word' id='word_1_247' title='bbox 351 2144 614 2182; x_wconf 87' lang='lat' dir='ltr'>Numitorium</span> <span class='ocrx_word' id='word_1_248' title='bbox 643 2145 871 2181; x_wconf 86' lang='lat' dir='ltr'>avunculum</span> <span class='ocrx_word' id='word_1_249' title='bbox 894 2145 1092 2193; x_wconf 84' lang='lat' dir='ltr'>Virginiae,</span> <span class='ocrx_word' id='word_1_250' title='bbox 1123 2156 1212 2179; x_wconf 88' lang='lat' dir='ltr'>auc-</span> 
     </span>
     <span class='ocr_line' id='line_1_33' title="bbox 98 2209 1214 2258; baseline -0.001 -15"><span class='ocrx_word' id='word_1_251' title='bbox 98 2215 200 2244; x_wconf 77' lang='lat' dir='ltr'>tores</span> <span class='ocrx_word' id='word_1_252' title='bbox 235 2209 471 2246; x_wconf 83' lang='lat' dir='ltr'>secessionis.</span> <span class='ocrx_word' id='word_1_253' title='bbox 533 2209 634 2246; x_wconf 84' lang='lat' dir='ltr'>Tum</span> <span class='ocrx_word' id='word_1_254' title='bbox 672 2210 715 2246; x_wconf 86' lang='lat' dir='ltr'>C.</span> <span class='ocrx_word' id='word_1_255' title='bbox 753 2210 951 2252; x_wconf 87' lang='lat' dir='ltr'>Sicinium,</span> <span class='ocrx_word' id='word_1_256' title='bbox 990 2209 1214 2258; x_wconf 85' lang='lat' dir='ltr'>progeniem</span> 
     </span>
     <span class='ocr_line' id='line_1_34' title="bbox 98 2271 1212 2326; baseline -0.001 -17"><span class='ocrx_word' id='word_1_257' title='bbox 98 2271 194 2323; x_wconf 78' lang='lat' dir='ltr'>ejus,</span> <span class='ocrx_word' id='word_1_258' title='bbox 215 2284 326 2322; x_wconf 81' lang='lat' dir='ltr'>quem</span> <span class='ocrx_word' id='word_1_259' title='bbox 348 2274 510 2324; x_wconf 85' lang='lat' dir='ltr'>primum</span> <span class='ocrx_word' id='word_1_260' title='bbox 531 2274 728 2312; x_wconf 85' lang='lat' dir='ltr'>tribunum</span> <span class='ocrx_word' id='word_1_261' title='bbox 753 2273 875 2326; x_wconf 84' lang='lat' dir='ltr'>plebis</span> <span class='ocrx_word' id='word_1_262' title='bbox 895 2280 1065 2310; x_wconf 79' lang='lat' dir='ltr'>creatum</span> <span class='ocrx_word' id='word_1_263' title='bbox 1083 2272 1124 2309; x_wconf 87' lang='lat' dir='ltr'>in</span> <span class='ocrx_word' id='word_1_264' title='bbox 1144 2271 1212 2308; x_wconf 86' lang='lat' dir='ltr'>Sa-</span> 
     </span>
    </p>
   </div>
  </div>
 </body>
</html>
