1573 2598
120 257 211 288 U.C.
229 262 304 289 393.

119 302 164 331 A.
175 301 212 330 C.
229 306 303 332 359.

119 382 245 423 Vorago
261 382 295 413 in

120 426 201 459 foro.

118 637 159 669 In
175 647 248 669 eam
262 647 297 669 se

120 681 170 730 Μ.
183 682 312 730 (ju-ttius

119 730 264 758 mmlttlt.

113 1789 246 1823 Bellum

114 1843 194 1865 cum
211 1835 294 1866 Her-

115 1886 208 1909 mets.

333 148 420 205 478
791 161 837 189 T.
859 161 990 191 mvn

390 249 462 287 VI.
480 248 628 287 Eodem
647 259 762 291 anno,
780 253 968 284 seu-motu
985 253 1108 290 terrae,
1126 258 1193 283 seu
1206 259 1281 296 qua
1297 247 1335 284 vi
1352 246 1439 292 alia,

335 314 462 351 forum
480 313 645 350 medium
662 312 781 348 ferme
802 324 916 362 specu
936 316 1043 347 vasto
1066 310 1284 361 conlapsum
1314 311 1354 347 in
1382 312 1440 348 in-

335 390 504 415 mensam
525 376 763 413 altitudinem
788 376 947 412 dicitur:
978 387 1101 424 neque
1120 387 1202 411 eam
1221 375 1440 424 voraginem

336 441 514 492 conjectu
533 448 655 483 terrae,
676 453 791 489 quum
810 453 880 489 pro
899 453 938 476 se
957 440 1114 489 quisque
1133 445 1294 488 gereret,
1315 437 1442 490 exple-

334 507 367 542 ri
394 507 564 558 potuisse
590 505 710 554 ¹priuS,
734 516 846 553 quam
869 504 996 540 Deum
1020 504 1167 540 monitu
1193 503 1310 552 quaeri
1338 515 1442 553 coep·

334 577 431 614 tum,
461 582 537 619 quo
565 567 769 619 plurimum
797 567 957 618 populus
986 567 1366 617 Romanusposset?
1398 566 1444 603 Id

336 636 436 671 enim
464 634 521 670 illi
556 633 642 670 loco
675 632 890 675 dicandum,
919 638 1023 668 vates
1051 631 1255 674 canebant,
1285 631 1317 667 si
1345 643 1442 667 rem-

335 698 527 749 publicam
545 697 762 734 Romanam
788 702 1009 746 perpetuam
1037 708 1118 733 esse
1136 695 1287 733 vellent.
1343 695 1444 732 Tum
1474 686 1477 687 ⁷

333 762 392 800 M.
413 762 601 804 Curtium,
615 760 795 810 juvenem
814 759 915 796 bello
935 760 1142 808 egregium,
1164 760 1368 808 castigasse
1386 758 1444 795 fe·

333 832 424 863 runt
435 824 672 868 dubitantes,
694 837 743 860 an
763 823 881 860 ullum
900 824 1028 872 magis
1040 823 1264 860 Romanum
1280 822 1440 866 bonum,

330 902 448 939 quam
466 902 570 926 arma
588 889 796 936 virtusque,
817 893 927 924 esset.
975 886 1134 923 Silentio
1162 885 1281 929 facto,
1301 886 1444 936 templa

334 954 507 991 Deorum
525 951 798 994 inmortalium,
820 963 902 1000 quae
921 950 1006 987 foro
1032 951 1234 994 inminent,
1256 949 1442 1000 Capitoli-

331 1029 474 1067 umque
501 1017 727 1058 intuentem,
757 1021 796 1051 et
823 1027 956 1051 manus
979 1026 1079 1050 nunc
1101 1015 1141 1050 in
1167 1013 1320 1058 coelum,
1341 1026 1444 1051 nunc

334 1082 374 1118 in
403 1087 575 1131 patentes
605 1086 715 1116 terrae
736 1080 862 1115 hiatus
889 1079 936 1115 ad
962 1078 1069 1115 Deos
1091 1091 1220 1115 manes
1245 1079 1443 1129 porrigen-

333 1152 426 1188 tem,
447 1157 487 1181 se
507 1144 700 1181 devovisse
719 1158 726 1179 :
759 1157 856 1192 equo
881 1143 1028 1186 deinde,
1049 1155 1162 1192 quam
1179 1148 1342 1193 poterat,
1362 1155 1444 1179 ma-

333 1208 435 1245 xime
464 1213 650 1244 exornato
680 1207 920 1250 insidentem,
944 1213 1130 1243 armatum
1158 1219 1197 1243 se
1225 1207 1264 1242 in
1290 1218 1443 1256 specum

333 1272 535 1315 inmisisse,
565 1271 738 1320 donaque
762 1284 805 1307 ac
826 1271 953 1319 fruges
980 1283 1091 1321 super
1112 1283 1198 1307 eum
1220 1283 1243 1306 a
1270 1269 1442 1306 multitu·

333 1335 422 1371 dine
458 1334 624 1370 virorum
661 1347 704 1370 ac
739 1333 938 1370 mulierum
975 1340 1174 1383 congestas
1191 1350 1202 1380 5
1244 1333 1443 1382 lacumque

333 1398 524 1441 Curtium,
544 1409 624 1434 non
642 1397 691 1434 ab
711 1398 869 1447 antiquo
889 1397 954 1434 illo
980 1398 1026 1435 T.
1045 1397 1150 1434 Tatii
1167 1396 1287 1434 milite
1307 1396 1441 1433 Curtio

332 1461 476 1505 Metto,
503 1462 567 1498 sed
590 1462 637 1498 ab
659 1462 733 1498 hoc
755 1461 997 1511 adpellatum.
1054 1462 1155 1498 Cura
1179 1474 1258 1498 non
1281 1461 1440 1505 deesset,

331 1527 365 1561 si
385 1538 459 1575 qua
478 1525 524 1561 ad
543 1538 672 1561 verum
691 1526 752 1561 via
772 1526 1025 1574 inquirentem
1044 1525 1160 1562 ferret
1176 1539 1186 1561 t
1218 1537 1319 1561 nunc
1338 1525 1441 1561 fama

331 1600 457 1624 rerum
480 1588 655 1624 standum
678 1594 749 1632 est,
780 1588 842 1625 ubi
867 1595 1008 1625 certam
1033 1589 1192 1637 derogat
1209 1594 1375 1624 vetustas
1395 1588 1439 1625 fi-

332 1652 418 1688 dem
436 1666 444 1689 :
476 1659 514 1688 et
542 1652 644 1688 lacus
674 1665 815 1688 nomen
835 1652 882 1688 ab
904 1653 976 1688 hac
994 1653 1204 1688 recentiore
1223 1652 1440 1700 insignitius

331 1714 462 1752 fabula
481 1722 549 1752 est.
605 1715 701 1752 Post
719 1716 816 1752 tanti
835 1716 999 1766 prodigii
1025 1716 1346 1766 procurationem,
1376 1729 1440 1753 eo-

333 1779 418 1815 dem
443 1791 544 1815 anno
568 1778 614 1815 de
635 1779 814 1815 Hernicis
838 1779 1031 1816 consultus
1058 1786 1224 1823 senatus,
1245 1792 1360 1828 quum
1385 1780 1441 1817 fe-

333 1842 446 1879 ciales
466 1843 512 1879 ad
530 1854 588 1879 res
608 1843 830 1893 repetendas
851 1843 1104 1892 nequidquam
1122 1843 1299 1886 misisset,
1319 1843 1442 1893 primo

331 1918 482 1955 quoque
501 1906 561 1942 die
579 1905 776 1942 ferendum
803 1907 849 1942 ad
878 1906 1060 1956 populum
1079 1906 1125 1942 de
1152 1905 1253 1942 bello
1271 1906 1440 1942 indicen-

331 1970 381 2006 do
400 1969 578 2006 Hernicis
599 1971 769 2016 censuit5
792 1970 1028 2020 populusque
1047 1971 1085 2007 id
1103 1970 1244 2006 bellum
1263 1969 1438 2020 frequens

324 2032 453 2083 jussit.
509 2033 555 2069 L.
577 2032 750 2070 Genucio
777 2034 922 2070 consuli
943 2047 987 2070 ea
1005 2035 1200 2084 provincia
1224 2040 1326 2070 sorte
1352 2046 1438 2071 eve-

330 2097 400 2134 nit.
448 2096 495 2133 In
514 2098 798 2148 exspectatione
818 2098 949 2134 civitas
969 2105 1063 2142 erat,
1090 2097 1190 2147 quod
1215 2098 1356 2148 primus
1376 2097 1440 2135 ille

331 2160 376 2195 de
395 2160 505 2210 plebe
525 2160 658 2196 consul
676 2160 816 2197 bellum
836 2161 911 2196 suis
932 2161 1107 2211 auspiciis
1128 2167 1300 2210 gesturus
1316 2169 1413 2198 esset
1423 2178 1435 2208 3

329 2221 486 2272 perinde
516 2230 557 2259 ut
586 2224 753 2260 eveniret
780 2236 853 2266 reS‚
874 2225 927 2260 ita
947 2225 1246 2261 communicatos
1272 2225 1435 2262 honores

331 2298 401 2334 pro
426 2285 523 2323 bene
553 2293 619 2324 aut
652 2299 757 2324 secus
789 2287 963 2324 consulto
996 2287 1185 2326 habitura.
1240 2287 1356 2326 Forte
1384 2288 1438 2325 ita
