1573 2598
398 142 554 171 mmm
579 140 664 171 111.
698 141 808 172 en.
833 144 962 174 an.
1161 143 1244 190 245

118 233 202 284 jam
229 231 423 268 turbatum
448 243 602 281 pugna:
636 236 687 275 et,
712 232 901 282 perruptis
924 232 1135 277 ordinibus,
1156 233 1245 270 elati
1259 245 1302 276 u,
1317 242 1356 275 c,
1372 249 1447 276 305,

127 298 175 334 ad
205 296 450 333 novissimam
480 295 614 340 aciem,
649 307 736 345 pars
769 295 891 333 libero
925 297 1051 348 spatio
1085 298 1244 335 circum-
1258 288 1441 322 ‘hc-⁴⁴⁶·

124 362 239 404 vecti,
259 360 342 412 jam
372 359 503 409 fugam
531 360 698 409 undique
727 368 965 411 capessentes
995 361 1196 413 plerosque
1225 375 1247 399 a

128 429 260 465 castris
274 433 463 470 avertunt,
480 426 908 476 praeterequitantesque
928 426 1153 463 absterrent.
1173 426 1245 462 Pe-

127 493 248 529 ditum
270 491 383 534 acies,
410 497 448 526 et
480 489 612 526 consul
637 490 732 540 ipse,
753 491 885 540 visque
907 490 1030 526 omnis
1057 489 1147 526 belli
1171 489 1246 526 fer·

127 561 189 593 tur
214 557 254 592 in
280 560 427 591 castra:
457 555 656 604 captisque
677 567 762 591 cum
788 553 936 604 ingenti
964 553 1078 598 caede,
1102 552 1248 604 majore

127 620 254 672 praeda
282 619 438 670 potitur.
495 616 626 667 Hujuy
649 631 788 668 pugnae
813 618 917 655 fama
942 617 1088 668 perlata
1109 630 1187 654 non
1209 618 1249 654 in

128 684 259 721 urbem
281 682 411 726 modo,
432 682 498 718 sed
525 682 565 718 in
589 681 753 719 Sabinos
773 683 821 720 ad
847 683 1006 720 alterum
1028 683 1248 719 exercitum.

129 748 175 785 In
194 747 288 784 urbe
315 746 450 782 laetitia
468 746 584 783 modo
603 746 796 783 celebrata
822 753 879 783 est
895 763 907 793 3
939 748 979 783 in
1004 747 1136 783 castris
1166 747 1247 783 ani-
1262 746 1390 778 Bellum

128 825 211 850 mos
240 810 402 848 militum
426 810 473 846 ad
503 810 757 848 aemulandum
782 812 895 848 decus
918 811 1104 848 accendit.

130 876 316 914 Horatius
344 887 423 918 eos,
444 875 732 911 excursionibus
760 876 1009 919 subficiendo,
1029 875 1249 925 proeliisque

128 941 273 978 levibus
303 940 536 990 experiundo
566 940 828 977 adsuefecerat
857 941 930 977 sibi
962 941 1090 991 potius
1120 940 1249 984 fidere,

131 1017 245 1056 quam
263 1003 479 1041 meminisse
497 1003 721 1053 ignominiae
737 1005 1035 1042 decemvirorum
1050 1004 1167 1040 ductu
1186 1017 1249 1040 ac-

130 1076 249 1121 ceptae
268 1084 275 1106 ε
308 1081 498 1120 parvaque
517 1070 728 1106 certamina
746 1071 786 1106 in
809 1082 996 1106 summam
1013 1069 1133 1105 totius
1159 1081 1249 1118 pro·-

129 1134 300 1172 fecerant
336 1135 427 1184 spei.
484 1133 569 1171 Nec
603 1135 805 1171 cessabant
837 1135 984 1178 Sabini,
1022 1133 1167 1170 feroces
1202 1133 1250 1170 ab

130 1210 171 1236 re
192 1200 318 1250 priore
343 1211 445 1235 anno
470 1199 568 1236 bene
597 1208 720 1248 gesta,
742 1200 925 1236 lacessere
951 1205 1066 1246 atque
1093 1199 1250 1242 instare,

130 1264 357 1313 rogitantes,
389 1263 487 1305 Quid
515 1264 697 1300 latrocinii
725 1265 830 1298 modo
854 1266 1108 1310 procursantes
1139 1263 1254 1311 pauci

129 1331 415 1375 recurrentesque
434 1330 587 1362 tererent
607 1331 758 1375 tempus,
779 1331 814 1363 et
830 1328 868 1363 in
885 1328 1003 1363 multa
1016 1327 1146 1375 proelia
1160 1339 1251 1376 par-

131 1404 246 1441 vaque
271 1396 460 1440 carperent
478 1403 656 1428 summam
683 1394 787 1428 unius
811 1391 929 1428 belli?
959 1393 1055 1433 Quin
1084 1392 1140 1428 ult
1168 1404 1251 1429 con-

130 1457 366 1505 grederentur
393 1458 482 1500 acie,
511 1458 830 1506 inclinandamque
856 1458 964 1495 semel
984 1457 1151 1507 fortunae
1177 1469 1252 1495 rem

135 1523 263 1558 darent
278 1523 299 1558 ‚9
1255 1558 1261 1563 s

188 1584 321 1622 LXII.
350 1585 412 1621 Ad
439 1585 492 1629 id,
522 1585 625 1634 quod
653 1597 722 1621 sua
750 1591 887 1635 sponte
916 1585 1007 1621 satis
1037 1584 1252 1622 conlectum

136 1651 346 1686 animorum
372 1656 467 1694 erat,
487 1650 718 1699 indignitate
743 1651 857 1686 etiam
876 1649 1045 1686 Romani
1071 1650 1254 1686 accende-

134 1713 286 1750 bantur.
342 1714 430 1751 Jam
459 1716 614 1751 alterum
647 1716 840 1752 exercitum
866 1716 1034 1751 victorem
1065 1716 1103 1750 in
1134 1714 1256 1758 urbem

135 1779 337 1813 rediturum
352 1795 365 1822 ,-
393 1779 457 1815 siba?
488 1780 584 1814 ultro
617 1790 684 1827 per
715 1779 949 1815 contumelias
980 1778 1113 1814 hostem
1143 1779 1256 1815 insul-

135 1847 238 1879 tare:
268 1844 412 1891 quando
437 1848 557 1879 autem
581 1855 630 1886 se,
650 1845 681 1879 si
708 1848 783 1880 tum
807 1856 878 1879 non
905 1845 991 1886 sint,
1010 1855 1117 1892 pares
1145 1843 1256 1880 hosti·

134 1906 291 1957 bussore
307 1909 328 1944 .9
357 1907 432 1944 Ubi
463 1907 544 1944 haec
569 1907 729 1944 fremere
755 1907 916 1943 militem
942 1908 981 1943 in
1002 1908 1135 1943 castris
1163 1921 1256 1944 con-

133 1971 192 2008 sul
219 1973 351 2017 sensit,
381 1973 566 2009 concione
598 1972 796 2016 advocata,
829 1973 1158 2016 Quemadmodum,
1193 1973 1253 2008 in·

136 2037 231 2085 quit,
257 2039 295 2074 in
314 2039 448 2086 Algido
473 2050 527 2075 res
548 2042 649 2086 gesta
675 2040 735 2082 sit,
756 2038 912 2075 arbitror
929 2051 1002 2081 vos,
1023 2039 1167 2082 milites,
1187 2050 1255 2074 au-

138 2102 226 2137 disse
240 2119 253 2145 ,·
283 2104 423 2150 qualem
447 2103 546 2139 liberi
568 2104 695 2152 populi
720 2105 910 2140 exercitum
931 2104 1049 2139 decuit
1067 2115 1151 2145 esse,
1174 2103 1258 2139 talis

127 2164 210 2214 fuit
226 2182 237 2202 .·
265 2168 426 2203 consultu
452 2169 607 2216 collegae,
634 2170 765 2204 virtute
789 2169 946 2204 militum
970 2169 1121 2204 victoria
1144 2171 1259 2215 parta

138 2236 201 2267 est.
251 2233 364 2273 Quod
382 2235 432 2269 ad
449 2245 505 2271 me
523 2235 674 2276 adtinet,
695 2235 733 2270 id
752 2236 890 2270 consilii
913 2234 1096 2282 animique
1115 2232 1256 2268 habita-

138 2307 199 2331 rus
216 2308 306 2338 sum,
329 2299 422 2345 quod
439 2310 498 2334 vos
516 2298 603 2335 mihi
625 2299 837 2347 effeceritis.-
865 2304 900 2335 et
923 2298 1018 2334 trahi
1044 2297 1172 2333 bellum
1197 2308 1256 2332 sa·-

647 2361 734 2399 M3

1160 810 1248 847 Jam
1261 800 1339 839 cum
1355 790 1444 821 Sabi-

1261 843 1322 865 nus.
