1573 2598
91 1254 137 1286 U.
149 1254 185 1286 C.
201 1261 276 1286 354.

90 1299 132 1330 A.
146 1298 183 1329 C.
201 1304 275 1331 398.

87 2159 263 2190 Tributum

90 2211 172 2241 aegre
187 2203 295 2233 conla-

89 2250 123 2276 tu
129 2254 172 2276 m.

304 209 389 256 3'50
754 213 799 242 Τ.
825 214 965 243 mvn

306 313 413 338 suros
443 314 536 338 csse.
591 301 693 338 Tum
719 302 762 339 C.
784 303 962 339 Servilius
982 302 1107 339 Ahala
1124 302 1304 351 tribunus·
1318 304 1417 342 mili·

306 371 410 401 tum:
459 367 563 407 Quod
592 368 641 402 ad
669 379 728 402 vos
755 369 906 408 adtinet,
936 368 1068 403 tribuni
1088 368 1211 415 plebis,
1238 370 1420 417 ‘minasque

306 436 451 473 vestras,
471 443 525 467 παῖ
543 444 606 479 ego
627 432 771 468 libenter
789 434 979 480 experirer,
1003 444 1109 480 quam
1125 445 1195 468 non
1211 434 1294 480 plus
1313 435 1348 469 in-
1367 434 1422 469 his

298 492 407 539 juris,
438 507 543 543 quam
572 497 609 530 in
633 495 726 531 vobis
752 497 876 538 animi,
905 501 1000 531 esset.
1059 496 1131 531 Sed
1149 496 1250 545 nefas
1266 501 1318 532 est
1344 501 1420 532 ten-

309 559 391 593 dere
409 560 575 595 adversus
593 562 841 596 auctoritatem
867 565 1008 596 senatus
1021 576 1032 596 .·
1059 562 1212 608 proinde
1230 565 1265 596 et
1282 573 1341 597 vos
1360 562 1422 597 de·-

306 623 411 659 sinite
428 624 522 658 inter
541 629 660 659 nostra
680 627 876 660 certamina
896 626 1006 661 locum
1029 623 1169 671 injuriae
1187 637 1360 673 quaerere:
1388 629 1426 661 et

309 687 454 734 collega?
471 693 536 723 aut
552 688 710 736 facient,
731 690 831 736 quod·
852 694 966 725 censet
985 694 1137 731 senatus,
1159 694 1236 732 aut,
1257 692 1287 725 si
1308 690 1422 738 perti·

309 751 432 785 „acius
469 753 626 793 tendent,
662 754 871 788 dictatorem
907 753 1082 800 extemplo
1115 754 1245 795 dicam,
1280 755 1340 801 qui
1368 765 1427 789 eos

309 814 408 850 abi-re
426 817 638 863 magistratu
654 822 768 863 cogat.
798 817 927 855 Quum
947 818 1118 853 omnium
1137 817 1298 853 adsensu
1318 830 1423 853 com-

309 877 471 927 probata
490 880 613 915 oratio
634 886 745 922 esset,
773 881 1054 929 gauderentque
1081 881 1228 924 Patres,
1253 882 1334 917 sine
1351 882 1423 917 tri-

308 940 471 977 buniciae
509 943 709 991 potestatis
746 942 930 978 terriculis
969 943 1162 978 inventam
1194 955 1274 979 esse
1307 943 1421 980 aliam

308 1005 384 1040 vim
405 1003 587 1054 majorem
608 1005 653 1041 ad
674 1006 902 1041 coercendos
924 1005 1189 1053 magistratus3
1219 1007 1308 1042 victi
1328 1019 1423 1042 con-

309 1080 422 1104 sensu
441 1070 611 1105 omnium
630 1071 785 1106 comitia
802 1070 1041 1105 tribunorum
1058 1069 1220 1106 militum
1237 1070 1420 1115 habuere,

310 1133 373 1181 qui
400 1132 584 1169 Kalendis
615 1133 848 1169 Octobribus
882 1134 1146 1182 magistratum
1175 1135 1418 1184 occiperenti

310 1209 424 1246 seque
443 1205 531 1234 ante
551 1211 634 1234 eam
654 1198 751 1234 diem
772 1198 997 1247 magistratu
1016 1198 1250 1234 abdicavere.

364 1261 415 1297 X.
445 1261 492 1297 L.
512 1261 664 1297 Valerio
684 1262 816 1298 Potito
836 1268 1024 1310 quartum,
1045 1262 1102 1297 M.
1122 1262 1238 1298 Furio
1259 1262 1423 1299 Camillo

309 1325 460 1368 iterum,
490 1325 559 1361 Μ’.
580 1325 738 1361 AEtnilio
766 1326 1004 1362 Mamercino
1034 1327 1201 1369 tertium,
1231 1326 1300 1363 Cn.
1325 1327 1421 1362 Cor-⁴

308 1389 411 1425 nelio
449 1389 571 1425 Cosso
600 1390 750 1432 iterum,
781 1389 833 1427 K.
860 1390 980 1426 Fabio
1008 1391 1213 1434 Ambusto,
1243 1390 1289 1427 L.
1316 1390 1422 1427 Julio

308 1454 408 1497 Iulo,
426 1454 587 1490 tribunis
608 1454 770 1490 militum
789 1454 977 1491 consulari
998 1461 1202 1504 potestate,
1219 1455 1338 1491 multa
1352 1455 1422 1492 do·-

307 1519 361 1554 mi
380 1518 598 1566 militiaeque
618 1524 724 1566 gesta
741 1531 747 1551 ε
781 1531 866 1554 nam
894 1524 931 1554 et
952 1518 1094 1554 bellum
1122 1518 1330 1569 multiplex'
1348 1518 1422 1555 fuit

309 1581 439 1617 eodem
469 1587 654 1630 tempore,
689 1581 735 1617 ad
761 1581 890 1623 Veios,
922 1587 959 1617 et
989 1582 1034 1617 ad
1067 1581 1273 1631 Capenam,
1305 1588 1343 1618 et
1375 1582 1426 1619 ad

306 1644 490 1687 Falerios,
512 1651 549 1681 et
568 1646 607 1680 in
626 1644 789 1688 Volscis,
812 1651 854 1681 ut
872 1646 1007 1681 Anxur
1035 1645 1082 1681 ab
1112 1645 1285 1682 hostibus
1315 1659 1422 1682 recu-

307 1715 524 1760 peraretur:
565 1714 604 1744 et
630 1707 766 1744 Romae
795 1709 907 1744 simul
935 1709 1096 1752 delectu,
1128 1709 1239 1746 simul
1273 1709 1420 1745 tributo

308 1773 552 1816 conferendo,
586 1772 801 1809 laboratum
834 1780 912 1809 est:
956 1780 994 1810 et
1026 1774 1071 1810 de
1103 1774 1264 1810 tribunis
1297 1773 1422 1824 plebei

308 1837 531 1888 cooptandis
559 1837 870 1873 contentio‘fnit:
903 1843 941 1874 et
965 1838 1067 1874 haud
1092 1850 1250 1887 parvum
1275 1843 1422 1874 motum

308 1901 382 1937 duo
405 1900 552 1950 judicia·
569 1913 712 1943 eorum,
734 1901 797 1950 qui
817 1901 945 1951 paullo
964 1908 1053 1937 ante
1080 1900 1268 1937 consulari
1293 1907 1421 1950 potes-

307 1970 387 2000 tate
418 1965 582 2007 fuerant,
614 1966 795 2001 excivere.
853 1965 1034 2001 Omnium
1064 1966 1226 2015 primum
1257 1964 1419 2000 tribunis

306 2027 470 2064 militum
498 2028 585 2072 fuit,
608 2028 794 2065 delectum
819 2029 978 2074 haberi3
1016 2041 1085 2065 nec
1107 2028 1280 2079 juniores
1308 2029 1420 2065 modo

309 2094 527 2143 conscripti,
549 2094 613 2129 sed
642 2094 807 2130 seniores
838 2095 951 2130 etiam
982 2094 1104 2129 coacti
1133 2093 1288 2129 nomina
1317 2093 1420 2137 dare,

308 2162 350 2192 ut
370 2157 472 2193 urbis
493 2157 702 2193 custodiam
723 2167 889 2205 agerent.
943 2157 1138 2196 Quantum
1159 2163 1284 2193 autem
1305 2169 1421 2205 auge-

308 2220 421 2264 batur
457 2221 619 2257 militum
653 2234 843 2264 numerus,
874 2228 983 2258 tanto
1017 2221 1160 2271 majore
1193 2221 1351 2270 pecunia
1380 2221 1423 2257 in-

309 2286 536 2335 stipeudium
559 2299 653 2336 opus
681 2292 784 2322 erat:
820 2299 937 2335 eaque
965 2286 1109 2322 tributo
1139 2284 1418 2330 conferebatur,

307 2349 433 2386 invitis
472 2350 769 2397 conferentibus,
800 2351 864 2402 qui
901 2351 1003 2388 domi
1040 2349 1300 2396 remanebant,
1331 2349 1424 2402 quia-

1563 847 1573 887 ι,
