1573 2598
328 182 386 221 40
781 180 827 210 τ.
851 180 990 212 mvn

113 276 266 308 Horatius
328 269 470 307 Stricto
497 269 624 319 itaque
650 267 791 318 gladio,
811 269 925 306 simul
943 267 1065 306 verbis
1088 267 1300 321 increpans,
1320 277 1451 309 transi

110 329 252 394 ἓῖἓῗὲῗζῖι
327 333 410 383 figit
438 333 614 384 puellam.
664 333 735 369 Abi
753 333 834 370 hinc
848 346 929 370 cum
944 335 1123 370 inmaturo
1140 346 1260 372 amore
1275 337 1323 372 ad
1338 348 1449 385 spon--

324 410 416 440 sum,
446 397 593 446 inquit,
608 397 718 433 oblita
735 396 903 445 fratrum
924 402 1144 434 mortuorum
1164 398 1314 447 vivique,
1335 399 1445 436 oblita

320 463 463 511 patriae.
520 461 582 497 Sic
607 465 678 503 eat,
702 472 926 509 quaecumque
944 460 1111 497 Romana
1139 461 1271 509 lugebit
1299 462 1442 499 hostem.

323 525 449 560 Atrox
468 524 589 560 visum
617 523 656 559 id
683 523 830 560 facinus
849 523 1026 560 Patribus
1057 523 1259 574 plebique:
1291 525 1356 562 sed
1384 538 1442 562 re-

323 600 414 624 cens
430 588 607 624 meritum
624 587 729 624 facto
742 587 940 624 obstabat:
961 593 1090 625 tamen
1109 595 1238 639 raptus
1259 589 1299 625 in
1311 588 1376 640 jus
1396 589 1445 627 ad

312 664 464 700 regem.
493 651 593 695 Rex,
613 664 661 688 ne
681 652 761 702 ipse
779 658 859 689 tam
876 653 995 688 tristis
1014 653 1230 702 ingratique
1249 654 1297 690 ad
1308 653 1442 703 vulgus

318 712 470 764 judi-cii,
490 721 569 758 aut,
590 715 794 751 secundum
811 714 1013 766 judicium,
1034 716 1208 766 supplicii
1228 723 1362 753 auctor
1384 729 1444 753 es·

326 785 397 822 set,
418 779 581 816 concilio
601 779 731 829 populi
751 779 951 824 advocato,
973 781 1205 824 Duumviros,
1226 781 1362 830 inquit,
1383 783 1445 829 qui

324 843 481 880 Horatio
498 845 776 892 perduellionem
793 843 970 891 judicent,
989 846 1178 881 secundum
1200 846 1311 893 legem
1323 844 1447 893 facie.

110 911 216 950 Injus
232 922 288 943 vo·
324 905 409 942 Lex
445 907 623 943 horrendi
661 907 835 943 carminis
866 913 973 943 erat:
1005 909 1202 944 Duumviri
1224 910 1445 957 perduellio·

108 961 210 986 ‘³⁰³¹‘
325 983 404 1006 nem
415 969 589 1017 judicent,
647 971 690 1007 Si
708 984 731 1008 a
749 973 945 1008 duumviris
959 974 1177 1020 provocarit,
1193 975 1443 1021 provocatione

325 1039 458 1070 certato
469 1051 480 1070 .·
509 1037 539 1071 si
557 1037 707 1078 vincent,
729 1041 837 1083 caput
856 1036 1040 1071 obnubito:
1065 1036 1202 1085 infelici
1219 1037 1338 1072 arbori
1355 1042 1447 1073 reste

322 1100 551 1146 suspendite:
578 1099 759 1134 verberato
786 1100 841 1134 vel
871 1100 966 1136 intra
1000 1102 1220 1147 pomoerium,
1257 1101 1312 1137 vel
1342 1106 1444 1137 extra

319 1165 540 1212 pomoerium.
597 1162 683 1199 Hac
712 1162 795 1212 lege
818 1163 1005 1200 duumviri
1025 1165 1155 1208 creati,
1176 1165 1239 1214 qui
1257 1178 1297 1202 se
1315 1164 1444 1202 absol·

323 1239 410 1262 vere
443 1239 520 1262 non
550 1225 730 1262 rebantur
759 1239 803 1262 ea
835 1226 932 1275 lege,
965 1240 1017 1263 ne
1045 1228 1246 1265 innoxium
1274 1229 1442 1278 quidem,

322 1302 448 1339 posse,
477 1302 590 1338 quum
617 1288 959 1336 condemnassent3
991 1296 1073 1327 tum
1101 1291 1196 1328 alter
1225 1304 1272 1328 ex
1299 1292 1372 1335 his,
1394 1293 1442 1329 P.

321 1355 469 1397 Horati,
508 1354 571 1389 tibi
600 1354 878 1402 perduellionem
904 1353 1045 1401 judico,
1084 1356 1221 1405 inquit,
1253 1357 1287 1399 I,
1323 1357 1439 1400 lictor,

323 1419 463 1466 conliga
489 1429 621 1453 manus.
678 1417 902 1454 Accesserat
930 1417 1056 1463 lictor,
1087 1418 1357 1469 injiciebatque
1384 1419 1441 1456 la-

321 1495 472 1534 queum.
527 1482 626 1518 Tum
644 1481 844 1526 Horatius,
862 1491 1018 1521 auctore
1035 1483 1165 1528 Tullo,
1182 1484 1368 1521 clemente
1384 1483 1442 1521 le-

321 1549 378 1597 gis
394 1549 616 1598 interprete,
639 1548 810 1591 Provoco,
832 1548 966 1597 inquit.
1023 1549 1085 1586 Ita
1104 1549 1149 1585 de
1167 1549 1440 1599 provocatione

321 1618 505 1648 certatum
536 1612 581 1647 ad
614 1611 796 1662 populum
826 1618 894 1649 est.
949 1612 1052 1649 Moti
1081 1614 1254 1650 homines
1285 1618 1373 1648 sunt
1398 1613 1438 1649 in

321 1691 367 1714 eo
389 1677 551 1727 judicio,
578 1678 741 1714 maxime
770 1678 813 1715 P.
835 1677 1000 1714 Horatio
1029 1683 1136 1727 patre
1165 1676 1441 1727 proclamante,

321 1755 361 1777 se
383 1740 498 1777 filiam
516 1740 604 1791 jure
631 1754 766 1778 caesam
788 1740 990 1791 judicare:
1022 1742 1061 1777 ni
1090 1741 1145 1776 ita
1173 1745 1284 1782 esset,
1314 1740 1438 1790 patrio

313 1805 401 1856 jure
424 1806 463 1841 in
492 1804 611 1841 filium
639 1806 988 1842 animadversurum
1013 1806 1141 1842 fuisse.
1199 1804 1346 1841 Orabat
1374 1805 1438 1841 de-

320 1869 420 1912 inde,
452 1881 499 1905 ne
529 1882 581 1911 se,
612 1882 723 1918 quem
752 1869 880 1920 paullo
910 1876 999 1906 ante
1028 1882 1113 1905 cum
1143 1868 1295 1917 egregia
1322 1869 1439 1918 stirpe

320 1933 618 1982 conspexissent,
650 1933 785 1969 orbum
821 1933 952 1969 liberis
978 1934 1159 1970 facerent.
1216 1931 1321 1968 Inter
1357 1933 1437 1969 haec

319 2009 449 2040 senex,
472 1995 652 2045 juvenem
683 1996 891 2046 amplexus,
923 1996 1043 2046 spolia
1074 1996 1332 2032 Curiatiorum
1363 1995 1439 2032 fixa

319 2073 365 2096 eo
395 2059 493 2102 loco,
525 2060 588 2109 qui
617 2072 718 2096 nunc
746 2059 831 2096 Pila
859 2060 1024 2096 Horatia
1053 2059 1277 2110 adpellatur,
1308 2066 1436 2096 osten-

318 2130 417 2166 tans,
439 2124 634 2167 Hzmccine,
665 2123 804 2167 aiebat,
835 2137 934 2173 quem
963 2126 1067 2161 modo
1097 2125 1299 2160 decoratum
1328 2136 1436 2160 ovan-

320 2196 455 2238 temque
479 2192 627 2226 victoria
657 2192 872 2226 incedentem
899 2192 1049 2233 vidistis,
1077 2190 1245 2233 Quirites,
1272 2202 1350 2227 eum
1374 2190 1436 2227 sub

288 2290 294 2299 „
306 2255 421 2307 furca
439 2256 591 2291 vinctum
612 2257 703 2290 inter
721 2255 863 2291 verbera
881 2260 915 2290 et
934 2257 1108 2292 cruciatus
1126 2256 1245 2291 videre
1259 2256 1436 2303 potestis?

297 2311 411 2369 'quod
446 2321 503 2355 vix
531 2320 749 2357 Albanorum
781 2320 874 2357 oculi
905 2325 978 2357 tam
1008 2319 1166 2369 deforme
1197 2319 1435 2367 spectaculum
