1573 2598
373 159 529 188 mmm
554 159 588 188 1.
620 158 727 188 cAr.
751 159 892 188 xmx.
1136 149 1191 206 69

77 247 243 291 heretur,
272 247 412 284 restitit
448 246 618 298 pavidus,
648 253 762 296 atque
794 246 961 284 inhibuit
988 247 1115 286 frenos
1145 251 1191 294 is,

77 310 142 359 qui
160 309 338 361 jumenta
359 309 510 360 agebat,
529 309 800 361 jacentemque
828 310 991 348 dominae
1021 313 1193 350 Servium

75 374 306 412 trucidatum
331 375 509 412 ostendit.
564 374 725 411 Foedum
755 374 1078 425 inhumanumque
1105 377 1194 414 inde

75 438 239 476 traditur
252 438 387 483 scelus,
403 444 726 487 monumentoque
743 437 847 474 locus
862 445 936 475 est:
960 439 1193 478 Sceleratum

76 503 202 539 vicum
220 510 372 547 vocant,
392 516 467 552 quo
493 515 637 546 amens,
659 502 892 551 agitantibus
919 503 1026 540 furiis
1053 507 1194 543 sororis

77 583 121 607 ac
149 570 233 613 viri,
261 568 389 606 Tullia
415 581 482 619 per
509 569 627 618 patris
657 581 792 619 corpus
823 576 1044 620 carpentum
1073 571 1195 620 egisse

76 633 219 679 fertur3
252 639 472 684 partemque
497 634 692 682 sanguinis
712 646 756 669 ac
783 633 893 669 caedis
916 641 1084 684 patemae
1109 649 1194 673 cru-

78 705 169 736 ento
187 698 376 741 vehiculo,
398 698 658 735 contaminata
684 699 767 748 ipsa
785 711 1043 748 respersaque,
1064 700 1197 738 tulisse

79 764 127 800 ad
162 769 318 814 penates
348 775 436 799 suos
465 763 610 811 virique
647 763 730 798 sui:
763 762 898 812 quibus
937 764 1056 806 iratis,
1094 764 1197 802 malo

78 829 186 878 regni
215 828 402 878 principio
430 826 570 864 similes
593 839 711 877 prope
737 827 836 863 diem
853 828 975 864 exitus
995 841 1197 878 sequeren-

78 900 152 931 tur.
204 894 283 930 Ser.
298 892 445 929 Tullius
465 892 638 941 regnavit
656 904 776 928 annos
797 898 960 941 quatuor
979 899 1018 929 et
1035 895 1197 943 quadra-
1209 899 1307 932 Servii
1323 898 1405 940 laus.

79 959 200 1008 ginta,
234 958 289 994 ita
320 963 363 993 ut
390 956 496 993 bono
529 956 644 992 etiam
681 955 953 1006 moderatoque
982 958 1199 996 succedenti

79 1024 161 1072 regi
189 1021 347 1059 difficilis
378 1021 569 1057 aemulatio
599 1026 708 1057 esset.
767 1021 945 1058 Ceterum
981 1022 1019 1058 id
1048 1035 1200 1072 quoque

81 1087 128 1124 ad
157 1086 318 1135 gloriam
346 1085 517 1128 accessit,
545 1084 648 1133 quod
676 1097 761 1120 cum
790 1083 856 1120 illo
885 1084 997 1122 simul
1018 1085 1127 1136 justa
1155 1101 1199 1124 ac

80 1149 252 1199 legitima
273 1161 392 1198 regna
417 1148 649 1185 occiderunt.
706 1147 751 1184 Id
779 1148 904 1198 ipsum
932 1154 1010 1185 tam
1035 1150 1126 1186 mite
1155 1163 1199 1186 ac

82 1220 162 1252 tam
188 1212 427 1250 moderatum
451 1212 651 1261 imperium
677 1217 820 1254 tamen,
841 1212 929 1260 quia
953 1213 1063 1248 unius
1084 1220 1197 1258 esset,

83 1279 272 1329 deponere
297 1289 383 1313 eum
411 1276 450 1312 in
475 1276 604 1312 animo
633 1275 825 1320 habuisse,
849 1277 1002 1325 quidam
1024 1284 1198 1315 auctores

83 1348 199 1388 sunt,
230 1342 272 1378 ni
303 1339 422 1377 scelus
452 1340 676 1376 intestinum
708 1339 912 1376 liberandae
945 1342 1077 1391 patriae
1108 1355 1200 1380 con-

84 1407 169 1444 silia
187 1406 350 1456 agitanti
369 1405 646 1441 intervenisset.

137 1470 290 1508 XLIX.
319 1469 414 1507 Inde
438 1469 485 1507 L.
505 1469 733 1518 Tarquinius
762 1482 920 1518 regnare
949 1471 1110 1521 occepit,
1141 1472 1202 1508 cui
1214 1477 1258 1509 U.
1275 1477 1312 1509 C.
1329 1485 1403 1510 220,

86 1536 257 1587 Superbo
287 1547 501 1584 cognomen
529 1534 630 1570 facta
659 1534 890 1578 indiderunt,
914 1535 1003 1584 quia
1031 1522 1411 1597 socerumssafuisssi‘iss

85 1614 201 1651 gener
229 1599 421 1650 sepultura
448 1598 658 1649 prohibuit,
680 1598 872 1634 Romulum
895 1611 1029 1647 qaoque
1051 1601 1203 1649 insepul—
1216 1575 1379 1648 Supcssrbus

88 1670 163 1702 tum
176 1666 308 1714 perisse
326 1664 502 1700 dictitans
522 1677 530 1698 z
561 1662 744 1712 primores
770 1662 941 1706 Patrum,
963 1676 1056 1712 quos
1085 1664 1205 1701 Servii
1215 1658 1335 1692 regnat.

87 1728 198 1766 rebus
227 1728 365 1764 favisse
386 1726 577 1770 credebat,
607 1726 819 1762 interfecit:
853 1728 1025 1763 conscius
1055 1727 1204 1773 deinde,

89 1792 187 1830 male
216 1792 407 1842 quaerendi
434 1791 541 1840 regni
567 1790 614 1826 ab
641 1803 680 1825 se
702 1791 784 1840 ipso
811 1791 986 1827 adversus
1017 1804 1056 1828 se
1079 1805 1206 1830 exem·

89 1856 195 1908 plum
213 1857 296 1906 capi
316 1868 441 1906 posse,
458 1855 611 1891 armatis
628 1866 766 1903 corpus
783 1854 1061 1905 circumsepsit:
1085 1869 1208 1906 neque

90 1921 193 1958 enim
217 1920 267 1957 ad
285 1919 350 1970 jus
380 1919 488 1967 regni
516 1918 720 1968 quidquam
748 1924 885 1968 praeter
906 1919 982 1954 vim
1010 1919 1204 1966 habebat3

91 1994 134 2026 ut
161 1987 226 2037 qui
253 1999 376 2036 neque
404 1984 534 2036 populi
557 1984 683 2034 jussu,
703 1996 826 2034 neque
845 1985 1063 2021 auctoribus
1083 1986 1208 2023 Patri-

90 2055 161 2093 bus
189 2059 376 2103 regnaret.
432 2053 495 2089 Eo
522 2051 738 2095 accedebat,
759 2058 801 2088 ut
826 2052 866 2088 in
892 2053 1051 2090 caritate
1070 2055 1209 2091 civium
1222 2068 1314 2099 Metu
1331 2077 1400 2107 seg..

92 2119 190 2157 nihil
215 2120 296 2169 spei
319 2118 519 2168 reponenti
545 2123 649 2153 metu
676 2129 835 2165 regnum
860 2118 1062 2154 tutandum
1081 2125 1180 2155 esset
1197 2133 1205 2154 z
1221 2121 1304 2142 'mm
1321 2111 1373 2143 fif·

94 2197 206 2234 quem
234 2190 277 2220 ut
303 2182 473 2233 pluribus
503 2182 702 2225 incuteret,
723 2183 962 2230 cognitiones
990 2182 1209 2233 capitalium
1223 2162 1302 2187 mat.

91 2248 327 2292 rerumssine
355 2247 520 2284 consiliis
546 2260 614 2297 per
635 2260 674 2284 se
694 2247 795 2284 solus
815 2248 1038 2284 exercebat:
1069 2261 1210 2298 perque

91 2325 178 2352 eam
193 2325 364 2350 caussam
383 2312 567 2356 occidere,
587 2313 627 2349 in
647 2311 819 2350 exsilium
837 2325 962 2362 agere,
982 2313 1093 2349 bonis
1113 2312 1210 2349 mul-
