1573 2598
209 203 252 235 U.
264 203 301 235 C.
313 209 388 236 430.

204 248 249 279 A.
262 248 300 280 C.
313 253 388 279 322.

185 393 331 425 Dictator

186 438 381 477 indignatur.

182 1234 270 1267 Fabii
285 1232 385 1264 oratio

179 1280 218 1310 ad
235 1278 363 1310 milites.

398 97 483 152 576
853 108 900 138 T.
924 107 1057 139 mvn

402 214 565 252 menque
584 199 637 238 ibi
655 199 849 245 scriberet,
869 208 936 239 aut
953 200 1076 253 spolia
1094 201 1134 239 in
1160 202 1354 256 triumpho
1380 203 1506 244 ferret.

399 265 542 305 Literae
571 278 722 315 quoque
751 262 803 302 de*
829 277 870 302 re
901 278 1081 317 prospere
1113 272 1221 316 gesta
1248 268 1296 305 ad
1319 275 1506 314 senatum,

400 343 481 368 non
500 330 548 368 ad
567 330 805 374 dictatorem,
825 330 963 374 missae,
983 337 1248 380 argumentum
1271 331 1377 370 fuere
1395 333 1509 370 mini-

400 408 462 433 me
481 407 567 432 cum
586 407 632 432 eo
651 395 965 441 communicantis
988 395 1131 434 laudes.
1177 396 1238 434 Ita
1263 403 1365 434 certe
1389 397 1509 435 dicta-

399 465 464 496 tor
488 459 527 495 id
547 459 690 496 factum
709 459 869 509 accepit,
888 464 944 503 ut,
971 458 1066 496 laetis
1095 459 1178 498 aliis
1197 460 1359 498 victoria
1384 469 1508 512 parta,

400 536 477 575 prae
497 536 538 560 se
556 522 672 560 ferret
694 523 789 560 iram
807 523 1089 574 tristitiamque.
1142 524 1267 563 Misso
1295 525 1433 575 itaque*
1449 537 1510 563 re-

399 593 515 639 pente
531 593 679 630 senatu,
706 599 746 623 se
771 599 820 624 ex
841 587 945 624 curia
963 588 1151 639 proripuit
1168 603 1176 626 ε
1206 595 1290 627 tum
1307 601 1412 634 vern,
1430 601 1510 628 non

400 652 628 689 Samnitium
650 651 771 701 magis
795 651 980 702 legiones,
1000 665 1114 702 quam
1132 652 1372 705 majestatem
1389 653 1509 692 dicta·

399 715 539 752 toriam
566 721 605 752 et
632 714 870 765 disciplinam
898 714 1115 760 militarem,
1142 728 1165 753 a
1188 717 1373 765 magistro
1401 717 1508 766 equi-

399 786 481 816 tum
500 781 638 815 victam
658 785 696 815 et
715 791 882 816 eversam
901 779 1094 823 dictitans,
1115 780 1145 815 si
1166 779 1224 816 illi
1242 781 1384 830 inpune
1402 792 1508 830 spre-

399 850 481 879 tum
502 844 700 893 imperium
718 842 864 879 fuisset.
911 841 1048 891 Itaque
1066 842 1199 893 plenus
1219 843 1407 880 minarum
1425 844 1509 882 irae-

399 920 486 957 que,
518 907 710 957 profectus
734 907 773 942 in
799 911 937 949 castra,
964 919 1081 956 quum
1109 907 1282 944 maximis
1310 907 1508 946 itineribus

397 971 503 1015 isset,
525 984 603 1008 non
621 977 750 1007 tamen
769 970 976 1020 praevenire
995 970 1136 1007 famam
1161 971 1343 1008 adventus
1362 972 1420 1008 sui
1437 985 1508 1024 po-

396 1038 484 1074 tuit.
522 1036 852 1073 Praecucurrerant
870 1037 971 1073 enim
990 1035 1039 1074 ab
1057 1036 1164 1081 urbe,
1185 1037 1250 1087 qui
1268 1038 1506 1082 nunciarent,

398 1102 621 1139 dictatorem
648 1101 798 1137 avidum
823 1114 947 1151 poenae
969 1101 1111 1145 venire,
1132 1101 1285 1139 alternis
1305 1114 1402 1153 pene
1425 1110 1508 1140 ver·-

396 1166 455 1202 bis
474 1167 520 1203 T.
533 1166 671 1203 Manlii
689 1165 833 1202 sactum
851 1165 1082 1204 laudantem.

451 1230 612 1268 XXXI.
658 1229 820 1273 Fabius,
860 1231 1045 1267 concione
1082 1229 1274 1280 extemplo
1309 1226 1506 1275 advocata,

397 1294 611 1332 obtestatus
629 1294 766 1331 milites
787 1301 857 1338 est,
879 1301 931 1339 ut,
953 1308 1025 1344 qua
1041 1296 1174 1332 virtute
1191 1295 1447 1343 rempublicam
1465 1294 1509 1332 al·

394 1364 629 1413 infestissimis
648 1364 803 1400 hostibus
822 1362 1073 1411 ‹lcfenclissem‘‚
1093 1361 1218 1396 eadem
1235 1371 1284 1402 se,
1305 1357 1404 1405 cujus
1421 1359 1506 1395 duc-

397 1435 438 1467 tu
456 1431 686 1478 auspicioque
702 1430 877 1471 vicissent,
899 1428 942 1464 ab
963 1427 1138 1476 inpotenti
1162 1425 1375 1461 crudelitate
1394 1425 1509 1461 dicta-

395 1495 482 1530 toris
501 1498 718 1530 tutarentur.
771 1493 897 1528 Venire
918 1495 1092 1526 amentem
1115 1490 1264 1531 invidia,
1284 1490 1419 1524 iratum
1436 1489 1509 1525 vir·

396 1558 467 1594 tuti
485 1558 612 1594 alienae
626 1557 888 1606 felicitatisque,
908 1555 1052 1604 furere,
1083 1554 1190 1602 quod,
1218 1563 1255 1588 se
1275 1551 1429 1594 absente,
1454 1563 1510 1588 res

391 1621 539 1670 publica
559 1622 700 1668 egregie
714 1625 816 1668 gesta
835 1625 921 1655 esset
934 1634 945 1655 .·
976 1618 1097 1660 malle,
1116 1617 1146 1652 si
1165 1621 1306 1652 mutare
1313 1614 1508 1664 fortunam

393 1690 523 1734 posset,
545 1685 643 1733 apud
668 1684 861 1726 Samnites,
883 1694 992 1730 quam
1008 1682 1201 1721 Romanos,
1220 1680 1408 1715 victoriam
1425 1689 1508 1715 esse.

397 1749 597 1797 Imperium
634 1748 803 1783 dictitare
837 1751 1014 1795 spretam,
1057 1749 1240 1792 tamquam
1281 1753 1352 1778 non
1387 1741 1509 1778 eadem

395 1817 514 1849 mente
528 1813 688 1861 pugnari
705 1812 870 1854 vetuerit,
891 1822 962 1859 qua
979 1812 1181 1857 pugnatum
1201 1807 1341 1843 doleat:
1371 1810 1406 1842 et
1427 1809 1509 1842 tunc

395 1877 536 1912 invidia
565 1876 726 1924 inpedire
752 1876 921 1911 virtutem
947 1873 1102 1908 alienam
1129 1871 1293 1913 voluisse,
1323 1869 1508 1918 cupidissi—

399 1941 538 1988 misque
555 1952 658 1975 arma
674 1939 877 1974 ablaturum
887 1937 1007 1986 fuisse
1023 1934 1209 1977 militibus,
1226 1945 1284 1975 ue,
1301 1944 1338 1969 se
1355 1932 1508 1974 absente,

396 2005 534 2040 ‘moveri
549 2008 717 2052 possent:
745 2008 780 2039 et
798 2013 892 2038 nunc
909 2002 947 2037 id
962 2000 1108 2050 furere,
1128 1999 1167 2034 id
1189 2008 1282 2044 oegre
1300 1997 1394 2044 pati,
1415 1995 1512 2044 quod

397 2068 474 2103 sine
501 2067 547 2104 L.
570 2067 737 2116 Papiria,
763 2078 833 2103 uon
858 2067 1021 2107 inerms,
1046 2074 1118 2100 non
1137 2061 1256 2098 manci
1274 2060 1405 2096 milites
1420 2057 1512 2107 sue·-

395 2132 484 2174 rint,
506 2132 601 2179 quod
625 2143 662 2168 se
682 2131 724 2172 Q.
741 2131 868 2168 Fabius
885 2131 1098 2178 magistrum
1116 2127 1275 2175 equitum
1295 2125 1450 2166 duxerit,
1468 2134 1511 2159 ac

395 2207 468 2231 non
488 2208 672 2232 accensum
694 2197 894 2233 dictatoris.
943 2195 1041 2235 Quid
1057 2190 1360 2240 illumfaclurum
1377 2187 1509 2237 fuisse,

391 2259 436 2303 si,
458 2260 555 2309 quocl
574 2260 659 2298 belli
675 2272 777 2298 casus
783 2259 927 2311 serunt,
945 2259 1116 2308 Marsque
1133 2267 1208 2294 eom
1216 2255 1345 2298 munte,
1361 2253 1511 2290 adversa
