1573 2598
284 174 341 217 32
740 176 787 205 T.
811 175 943 206 nvn

284 265 395 313 orbe)
417 264 700 302 intercalaribus
720 267 911 303 mensibus
931 267 1229 318 interponendis,
1249 268 1303 305 ita
1320 269 1396 305 dis-

282 330 469 380 pensavit,
502 336 545 366 ut
580 336 715 379 quarto
751 336 790 366 et
815 331 999 379 vigesimo
1036 343 1136 367 anno
1173 331 1220 367 ad
1256 339 1396 369 metam

282 393 452 430 eamdem
489 392 601 436 Solis,
639 392 738 429 unde
773 394 851 429 orsi
887 400 1024 437 essent,
1054 394 1174 444 plenis
1210 408 1396 432 annorum

282 458 452 494 omnium
488 458 618 508 spatiis
655 458 733 493 dies
764 465 1027 506 congruerent.
1085 458 1190 494 Idem
1226 459 1394 494 nefastos

281 521 359 557 dies
390 521 583 571 fastosque
607 521 713 565 fecit,
743 522 831 571 quia
859 522 1061 572 aliquando
1088 522 1183 559 nihil
1212 535 1297 559 cum
1325 535 1396 573 po·

278 585 370 636 pulo
390 587 452 634 agi
472 585 564 622 utile
581 586 752 623 futurum
771 593 863 623 erat.

332 649 427 686 XX.
456 649 557 686 Tum
582 650 840 686 sacerdotibus
861 650 1029 687 creandis
1050 651 1218 687 animum
1240 649 1392 700 adjecit,

277 721 508 762 quamquam
535 714 616 763 ipse
643 713 806 763 plurima
833 726 941 750 sacra
968 713 1114 757 obibat,
1142 727 1186 750 ea
1213 714 1391 756 maxime,

276 789 360 825 quae
379 789 480 813 nunc
499 777 546 813 ad
563 776 716 813 Dialem
734 777 925 814 flaminem
943 778 1146 828 pertinent.
1197 776 1284 819 Sed,
1305 777 1393 826 quia

275 840 315 876 in
341 840 494 877 civitate
525 841 706 878 bellicosa
734 841 858 892 plures
887 841 1059 886 Romuli,
1093 854 1204 891 quam
1236 841 1390 884 Numae,

275 904 415 940 similes
440 917 547 954 reges
573 905 733 955 putabat
750 906 847 949 fore,
867 907 1061 955 iturosque
1083 906 1184 956 ipsos
1207 905 1255 941 ad
1275 904 1389 948 bella,

82 969 253 1004 flamines.
274 981 324 1006 ne
342 981 449 1005 sacra
466 970 579 1018 regiae
597 971 688 1006 vicis
709 970 981 1015 desererentur,
1002 971 1192 1007 flaminem
1209 969 1235 1005 J
1237 969 1299 1005 ovi
1324 969 1390 1005 ad-

275 1033 424 1069 siduum
451 1034 687 1070 sacerdotem
714 1035 868 1077 creavit,
890 1034 1104 1082 insignique
1126 1046 1211 1069 eum
1229 1038 1333 1068 veste
1352 1039 1391 1068 et

273 1096 394 1133 curuli
413 1098 516 1146 regia
535 1097 628 1134 sella
647 1098 855 1134 adornavit.
898 1097 1001 1134 Huic
1021 1098 1115 1134 duos
1134 1097 1304 1133 flamines
1324 1096 1389 1132 ad-

264 1159 388 1210 jecit:
419 1160 540 1197 Marti
565 1173 697 1205 unum,
725 1160 885 1197 alterum
907 1161 1082 1201 Quirino.
1137 1161 1388 1209 Virginesque

271 1224 398 1260 Vestae
426 1223 533 1272 legit,
559 1223 662 1260 Alba
690 1224 891 1260 oriundum
920 1224 1186 1267 sacerdotium,
1217 1230 1254 1259 et
1282 1223 1388 1271 genti

270 1288 479 1324 conditoris
507 1288 610 1324 haud
638 1288 815 1324 alienum.
871 1288 960 1332 His,
991 1294 1034 1324 ut
1062 1288 1226 1324 adsiduae
1254 1285 1388 1336 templi

269 1352 460 1389 antistites
496 1359 636 1396 essent,
674 1353 904 1402 stipendium
941 1353 986 1388 de
1029 1352 1183 1402 publico
1220 1351 1384 1387 statuit:

267 1416 489 1465 virginitate
517 1416 674 1466 aliisque
701 1415 926 1452 ceremoniis
943 1414 1175 1452 venerabiles
1205 1427 1248 1451 ac
1277 1427 1387 1451 sanc-

98 1490 185 1522 Salii.
267 1486 326 1517 tas
355 1480 459 1517 fecit.
516 1480 637 1518 Salios
659 1481 752 1517 item
777 1480 976 1517 duodecim
997 1479 1115 1516 Marti
1136 1479 1302 1516 Gradivo
1330 1478 1385 1515 le-

268 1545 339 1593 git,
368 1546 581 1595 tunicaeque
609 1545 720 1595 pictae
750 1545 898 1592 insigne
931 1543 1046 1586 dedit,
1078 1549 1116 1579 et
1144 1554 1255 1593 super
1282 1542 1386 1578 tuni-

267 1621 352 1645 cam
388 1621 533 1645 aeneum
569 1609 715 1659 pectori
748 1614 948 1656 tegumen:
989 1606 1232 1654 coelestiaque
1265 1618 1383 1648 arma,

267 1685 351 1722 quae
370 1673 508 1710 ancilia
529 1673 779 1724 adpellantur,
800 1673 912 1715 ferre,
933 1685 976 1708 ac
1003 1684 1070 1722 per
1090 1671 1220 1707 urbem
1243 1671 1296 1706 ire
1322 1683 1384 1706 ca-

267 1743 400 1774 nentes
434 1739 601 1774 carmina
631 1750 717 1773 cum
751 1737 925 1786 tripudiis
963 1736 1211 1784 sollemnique
1245 1734 1385 1770 saltatu

96 1807 255 1839 Pontifex.
261 1800 391 1851 jussit.
446 1802 673 1839 Pontificem
699 1801 832 1838 deinde
858 1801 1026 1837 Numam
1051 1800 1254 1842 Marcium,
1276 1798 1384 1834 Mar-

268 1867 303 1904 ci
325 1866 456 1910 filium,
485 1881 532 1904 ex
557 1867 735 1903 Patribus
762 1866 868 1915 legit,
890 1867 997 1914 eique
1026 1878 1132 1901 sacra
1163 1864 1293 1900 omnia
1318 1876 1382 1899 ex-

267 1932 407 1982 scripta
435 1932 707 1980 exsignataque
733 1930 915 1967 adtribuit
932 1945 943 1973 ;
975 1928 1109 1977 quibus
1129 1928 1278 1969 hostiis,
1299 1927 1382 1976 qui-

265 1996 336 2033 bus
362 1995 507 2039 diebus,
528 1995 574 2031 ad
597 2007 678 2044 quae
698 1993 840 2044 templa
858 2006 965 2029 sacra
984 1993 1130 2035 fierent,
1151 1998 1264 2041 atque
1283 1991 1382 2027 unde

266 2061 305 2097 in
332 2073 396 2097 eos
425 2066 569 2096 sumtus
594 2059 756 2109 pecunia
782 2064 1012 2107 erogaretur.
1070 2057 1207 2092 Cetera
1232 2067 1381 2104 quoque

267 2126 396 2162 omnia
414 2123 566 2174 publica
590 2124 811 2174 privataque
830 2135 935 2159 sacra
953 2121 1148 2158 Pontificis
1170 2120 1272 2156 scitis
1293 2119 1381 2155 sub-

258 2187 380 2239 jecit:
413 2195 456 2224 ut
485 2193 596 2230 esset,
625 2199 701 2236 quo
731 2185 945 2222 consultum
974 2184 1101 2235 plebes
1130 2184 1301 2228 veniret5
1334 2194 1381 2218 ne

265 2253 355 2302 quid
383 2252 500 2288 divini
521 2250 634 2302 juriS,
657 2250 886 2300 negligendo
915 2250 1057 2299 patrios
1086 2249 1194 2289 ritus,
1215 2247 1380 2297 peregri-

264 2329 409 2366 nosque
429 2316 687 2359 adsciscendo,
708 2314 933 2352 turbaretur.
989 2312 1073 2350 Nec
1100 2311 1271 2348 coelestes
1298 2322 1378 2348 mo—
