1573 2598
325 177 412 231 466
777 190 823 221 T.
844 189 984 221 mvn

133 278 176 311 U.
187 279 224 311 C.
240 284 314 317 ³⁸7.
322 279 457 328 potius,
478 279 749 328 quamvirtute,
771 285 898 329 petere
916 279 1065 317 honores
1081 281 1235 320 malunt.
1280 278 1350 320 Est
1366 283 1436 322 ati-

130 323 223 355 A'c'
239 329 314 356 ³⁶⁵·
326 343 417 393 quis,
438 345 499 393 qui
524 355 561 381 se
588 345 727 392 inspici,
756 346 925 381 aestimari
940 344 1119 394 fastidiat
1125 364 1138 390 ‚-
1167 349 1228 395 qui
1245 353 1358 384 certos
1373 349 1438 386 sibi

323 410 387 446 uni
406 409 553 446 honores
579 410 673 445 inter
700 409 908 446 dimicantes
932 413 1178 459 competitores
1196 424 1333 461 (equum
1353 425 1436 450 cen-

323 478 402 511 seat
433 487 529 520 esse,
566 469 632 523 qui.
653 486 692 511 se
719 474 865 511 arbitrio
892 480 1007 511 vestro
1035 477 1168 513 eximat
1180 493 1194 521 ,-
1230 478 1292 526 qui
1318 482 1437 514 vestra

323 541 522 576 necessaria
535 539 711 589 suffragia
725 551 794 587 pro
811 540 1035 583 voluntari-is,
1056 546 1092 577 et
1108 553 1210 577 serva
1230 554 1299 590 pro
1319 541 1437 579 liberis

313 603 450 652 saciat.
509 604 646 639 Omitto
674 602 857 639 Licinium
884 604 1127 653 Sentiumque,
1148 614 1298 654 quorum
1322 617 1437 643 annos

322 668 360 703 in
382 664 563 716 perpetua
586 671 776 716 potestate,
809 671 993 716 tamquam
1020 679 1143 716 regum
1172 669 1209 704 in
1240 668 1433 717 Capitolio,

320 733 543 768 numeratis:
571 733 649 780 quis
673 736 726 767 est
751 730 854 767 hodie
878 732 915 766 in
933 732 1078 767 civitate
1101 736 1176 767 tam
1198 731 1354 776 humilis,
1376 734 1435 768 cui

318 807 391 831 non
407 796 468 831 via
485 796 534 831 ad
553 795 778 831 consulatum
794 793 954 843 facilior
967 806 1035 842 per
1052 796 1154 831 istius
1173 796 1260 843 legis
1277 796 1432 832 occasio-

318 870 411 901 nem,
433 871 540 907 quam
559 858 657 895 nobis
671 870 714 894 ac
730 857 847 894 tiberis
861 859 1003 901 nostris,
1011 858 1119 906 fiat?
1149 859 1339 906 siquidem
1353 870 1430 902 nos,

318 935 363 959 ne
381 935 490 971 qaum
507 923 692 958 volueritis
709 922 867 970 quidem,
895 933 1017 958 creare
1034 923 1213 958 interdum
1238 923 1405 970 poteritis
1417 939 1433 967 3

318 988 417 1031 istos,
446 988 556 1023 etiam
582 988 613 1022 si
638 986 838 1029 nolueritis,
864 997 1001 1022 necesse
1020 987 1078 1022 sit.
1135 986 1198 1022 De
1215 987 1434 1033 indignitate

318 1053 405 1088 satis
424 1052 560 1088 dictum
578 1056 650 1087 est:
680 1051 827 1099 (etenim
843 1051 1002 1098 dignitas
1021 1050 1068 1087 ad
1087 1050 1241 1086 homines
1255 1051 1429 1099 pertinet)

317 1117 405 1164 quid
422 1117 467 1152 de
483 1115 710 1165 religionibus
728 1119 836 1163 atque
854 1116 1033 1163 auspiciis,
1061 1127 1137 1163 quae
1161 1116 1311 1163 propria
1327 1116 1430 1151 Deo-

315 1192 398 1216 rum
411 1181 658 1216 inmortalium
679 1180 869 1215 contemtio
888 1184 997 1228 atque
1019 1177 1154 1225 injuria
1175 1183 1238 1222 est,
1261 1179 1387 1227 loquar
1404 1180 1429 1214 ,ι’

315 1245 494 1293 Auspiciis
518 1244 610 1281 hanc
637 1244 759 1280 urbem
783 1245 964 1280 conditam
991 1255 1073 1287 esse,
1094 1244 1260 1291 auspiciis
1277 1243 1367 1278 bello
1385 1255 1430 1280 ac

310 1321 414 1358 pace,
441 1309 539 1346 domi
562 1309 782 1357 militiaeque,
812 1310 930 1344 omnia
953 1310 1043 1356 geri,
1065 1309 1143 1357 quis
1161 1312 1226 1350 est,
1246 1308 1309 1356 qui
1324 1307 1428 1355 igno-

313 1377 370 1409 ret
383 1375 405 1409 ?
437 1373 550 1409 Penes
577 1384 661 1420 quos
689 1373 800 1420 igitur
816 1377 898 1408 sunt
916 1373 1077 1420 auspicia
1093 1383 1193 1407 more
1209 1368 1386 1417 majorum
1402 1371 1428 1406 ,ι’

311 1449 451 1486 nempe,
469 1449 575 1485 penes
592 1437 748 1473 Patres:
774 1448 859 1472 nam
881 1436 1040 1485 plebeius
1067 1436 1210 1483 quidem
1233 1436 1428 1482 magistra-

314 1505 370 1536 tus
388 1500 509 1536 nullus
527 1500 715 1547 auspicato
734 1504 887 1535 creatur.
935 1499 1046 1534 Nobis
1064 1499 1153 1534 adeo
1172 1499 1327 1546 propria
1342 1503 1428 1534 sunt

314 1565 487 1612 auspicia,
516 1568 559 1598 ut
586 1574 656 1598 non
682 1562 811 1605 solum,
842 1573 926 1610 quos
950 1562 1106 1611 populus
1133 1566 1233 1598 creat
1254 1562 1429 1610 patricios

311 1630 556 1677 magistratus,
590 1641 661 1665 non
689 1630 809 1672 aliter,
844 1641 950 1678 quam
979 1630 1178 1677 auspicato,
1209 1633 1303 1664 creet
1316 1646 1330 1672 ‚-
1364 1629 1429 1665 sed

311 1706 375 1730 nos
403 1707 542 1743 quoque
569 1696 639 1744 ipsi
667 1696 740 1732 sine
763 1695 937 1744 suffragio
958 1694 1089 1743 populi
1107 1695 1292 1742 auspicato
1314 1695 1428 1730 inter·

312 1770 430 1806 regem
444 1760 657 1807 prodamus,
684 1764 720 1795 et
743 1760 916 1807 privatim
944 1759 1107 1806 auspicia
1125 1757 1326 1801 habeamus,
1347 1770 1429 1806 quae

311 1825 371 1859 isti
398 1835 444 1860 ne
468 1825 508 1860 in
534 1824 802 1872 magistratibus
827 1824 969 1872 quidem
990 1822 1129 1859 habent.
1187 1822 1286 1863 Quid
1311 1823 1428 1870 igitur

310 1888 425 1930 aliud,
454 1901 560 1936 quam
591 1889 688 1925 tollit
715 1900 757 1924 ex
785 1889 931 1925 civitate
963 1888 1138 1936 auspicia,
1170 1887 1244 1934 qui,
1270 1885 1425 1934 plebeios

310 1953 466 1988 consules
491 1953 659 1995 crea-ndo,
686 1965 709 1989 a
737 1953 920 1996 Patribus,
949 1954 1010 2000 qui
1032 1952 1100 1988 soli
1119 1963 1163 1987 ea
1187 1949 1314 1986 habere
1336 1961 1421 1999 pos-

293 2020 404 2059 sunt,
434 2015 594 2064 aufert?
636 2017 802 2053 Eludant
828 2027 924 2052 nunc
956 2017 1038 2052 licet
1070 2015 1267 2062 religiones.
1326 2013 1427 2055 Quia

310 2080 404 2115 enim
431 2085 496 2124 est,
519 2082 549 2117 si
571 2080 668 2129 pulli
685 2092 757 2116 non
780 2085 972 2129 pascentur
988 2081 1012 2116 ‚2
1040 2080 1070 2115 si
1093 2090 1136 2115 ex
1155 2089 1264 2114 cavea
1284 2079 1424 2115 tardius

312 2145 497 2181 exierint?
532 2145 564 2181 si
591 2145 784 2182 occinuerit
815 2145 927 2180 avis?
966 2144 1088 2180 Parva
1115 2147 1198 2179 sunt
1226 2142 1322 2179 haec:
1358 2143 1425 2179 sed

306 2220 425 2255 parva
452 2209 524 2244 ista
549 2219 622 2245 non
647 2207 899 2245 contemnendo
923 2205 1076 2254 majores
1092 2207 1206 2242 nostri
1223 2207 1419 2242 maximam

311 2271 401 2308 hanc
428 2284 505 2308 rem
525 2272 708 2320 fecerunt.
765 2273 873 2309 Nunc
901 2284 978 2316 nos,
1014 2276 1197 2320 tamquam
1218 2269 1301 2318 jam
1327 2269 1426 2306 nihil

306 2346 397 2381 pace
424 2335 591 2374 Deorum
621 2348 709 2387 opus
737 2338 798 2382 sit,
829 2347 949 2374 omnes
974 2337 1187 2374 ceremonias
1209 2334 1416 2384 polluimus,
