1573 2598
337 103 491 144 nizea
518 113 634 144 vnx.
667 112 773 142 cn.
796 112 988 143 xxx111.
1143 110 1227 158 579

122 203 316 241 clarissimo
333 207 424 248 viro,
443 217 511 242 neu
528 204 645 240 Fabioe
668 204 766 252 genti
793 214 872 239 eam
900 200 1098 250 injungeret
1126 203 1227 251 igno·
1243 211 1330 243 U.C.
1348 217 1424 244 430.

123 269 285 305 miniam.
331 269 458 308 Quum
478 280 610 319 parum
628 266 816 318 precibuS,
836 279 969 317 parum
988 278 1121 302 caussa
1139 279 1227 317 pro·
1240 256 1282 287 Α·
1297 255 1332 286 C·
1351 260 1427 287 3²⁹·

120 330 290 376 ficerent,
323 334 456 369 intueri
484 335 681 369 saevientem
713 333 914 368 concionem
936 329 1145 381 jubebant:
1179 332 1233 367 ita

119 396 274 433 irritatis
291 400 446 435 militum
466 399 594 435 animis
610 397 756 434 subdere
773 398 890 444 ignem
909 409 951 433 ac
968 398 1158 433 materiam
1175 409 1232 432 se-

118 459 261 503 ditioni,
282 473 351 497 non
369 473 440 498 esse
464 463 592 504 aetatz's,
620 473 689 497 non
712 461 912 508 prudentiae
929 458 1027 506 ejus:
1056 461 1232 496 neminem

119 523 160 558 id
180 524 223 565 Q.
239 525 360 568 Fabio,
388 538 531 574 poenam
558 526 766 573 deprecanti
789 536 906 567 suam,
926 525 1015 559 vitio
1033 535 1230 567 versurum,

116 588 180 624 sed
200 589 382 633 dictatori,
408 591 440 626 si
465 590 658 626 obcaecatus
684 590 740 625 ira
768 587 938 637 infestam
961 588 1234 624 multitudinem

115 651 155 686 in
178 663 215 687 se
239 664 354 700 pravo
385 654 581 690 certamine
604 654 779 689 movisset.
836 652 1038 694 Postremo,
1063 663 1107 687 ne
1134 652 1173 687 id
1196 663 1233 687 se

111 717 243 762 gratiae
260 717 348 752 dare
367 717 410 757 Q.
423 716 527 752 Fabii
546 717 718 759 crederet,
738 728 775 751 se
783 713 1040 761 jusjurandum
1059 716 1147 751 dare
1161 727 1232 763 pa-

112 782 214 813 ratos
239 790 333 823 esse;
368 791 440 815 non
463 780 580 815 videri
607 791 627 815 e
654 779 849 828 republica,
879 781 917 816 in
950 779 994 820 Q.
1010 779 1159 815 Fabium
1190 789 1232 815 eo

114 845 274 888 tempore
292 843 545 878 animadverti.

168 903 372 941 XXXIII.
401 904 475 941 His
504 903 660 940 vocibus
681 916 795 953 quum
823 904 862 940 in
888 915 928 939 se
951 904 1070 952 magis
1092 904 1230 941 incita·

113 973 200 1003 rent
215 967 456 1012 dictatorem,
476 980 588 1017 quam
609 967 648 1003 in
669 968 893 1016 magistrum
912 967 1082 1016 equitum
1101 966 1229 1018 placa-

112 1038 212 1074 rent,
225 1030 324 1081 jussi
343 1032 389 1068 de
405 1031 587 1068 tribunali
604 1031 830 1067 descendere
849 1030 985 1080 legati:
1008 1037 1059 1074 et,
1075 1030 1229 1068 silentio

111 1095 366 1145 nequidquam
385 1108 452 1146 per
474 1108 688 1145 praeconem
706 1102 872 1139 tentato,
889 1108 1020 1145 quum,
1035 1109 1111 1146 prae
1131 1103 1227 1133 stre-

109 1158 193 1208 pitu
211 1171 256 1194 ac
274 1159 454 1202 tumultu,
476 1172 547 1196 nec
573 1160 689 1210 ipsius
710 1160 921 1204 dictatoris,
941 1172 1011 1196 nec
1032 1160 1224 1211 adparito-

109 1233 192 1258 rum
219 1221 300 1272 ejus
319 1236 394 1259 vox
421 1223 613 1259 audiretur
626 1239 637 1268 3
668 1236 761 1267 nox,
782 1223 886 1260 velut
908 1224 947 1260 in
972 1223 1123 1274 proeliO,
1143 1237 1224 1261 cer·

108 1285 244 1321 tamini
259 1285 372 1322 finem
392 1286 495 1323 fecit.
542 1286 729 1334 Magister
747 1287 931 1335 equitum,
945 1286 1074 1336 jussus
1095 1294 1223 1337 poste-

106 1360 152 1384 ro
181 1349 242 1384 die
270 1349 414 1392 adesse,
449 1362 566 1398 quum
595 1362 730 1386 omnes
763 1349 1018 1393 adfirmarent,
1049 1350 1221 1387 infestius

98 1414 302 1465 ⁷Papirium
322 1427 559 1459 exarsurum,
581 1416 764 1464 agitatum
786 1415 1033 1451 contentione
1054 1416 1136 1465 ipsa
1155 1428 1220 1452 ex·
1234 1422 1371 1457 Romam
1384 1426 1434 1458 fu-

105 1478 412 1527 acerbatumque,
428 1477 526 1514 clam
547 1490 594 1514 ex
611 1478 743 1514 castris
764 1477 931 1514 Romam
951 1477 1143 1528 profugit:
1166 1486 1217 1522 et,
1230 1469 1285 1505 Ψ·
1386 1482 1388 1486 ’

104 1548 212 1592 patre
232 1548 387 1578 auctore
404 1541 464 1578 M.
479 1541 615 1585 Fabio,
635 1541 700 1589 qui
719 1547 777 1578 ter
789 1540 873 1591 jam
888 1540 1021 1578 consul
1036 1541 1218 1578 dictator-

102 1618 176 1654 que
200 1605 338 1648 fuerat,
357 1611 495 1641 vocato
524 1603 715 1655 extemplo
739 1611 888 1647 senatu,
910 1617 1025 1653 quum
1054 1606 1217 1642 maxime

101 1674 398 1716 conquereretur
416 1667 516 1717 apud
535 1667 668 1704 Patres
688 1668 766 1703 vim
796 1674 910 1716 atque
933 1665 1111 1717 injuriam
1135 1669 1215 1705 dic-

99 1730 252 1773 tatoris,
271 1736 427 1780 repente
456 1729 634 1779 strepitus
655 1738 745 1765 ante
767 1730 909 1766 curiam
929 1729 1104 1766 lictorum
1124 1731 1213 1768 sub-

98 1793 332 1829 moventium
354 1792 527 1828 auditur:
560 1799 598 1828 et
627 1793 708 1842 ipse
735 1792 904 1828 infensus
935 1793 1077 1836 aderat,
1104 1802 1211 1844 post-

97 1868 212 1905 quam
242 1857 426 1906 comperit
455 1855 670 1905 profectum
696 1868 743 1892 ex
761 1856 908 1899 castris,
928 1868 1013 1892 cum
1032 1857 1208 1907 expedito
1222 1865 1371 1906 Sequitur

97 1919 270 1967 equitatu
289 1925 452 1955 secutus.
485 1918 632 1956 lterata
649 1919 782 1955 deinde
801 1919 1021 1955 contentio:
1044 1926 1082 1955 et
1096 1932 1208 1969 pren·
1222 1909 1364 1943 dictator,

96 1981 136 2017 di
152 1981 313 2017 Fabium
339 1981 511 2031 Papirius
535 1980 665 2031 jussit.
724 1981 802 2018 Ubi
822 1995 951 2031 quum,
970 1982 1206 2032 deprecanti-

96 2043 166 2080 bus
185 2044 413 2098 pgimoribus
432 2044 590 2082 Patrum
615 2053 729 2094 atque
756 2046 932 2082 universo
951 2053 1098 2090 senatu,
1119 2059 1204 2097 per-

97 2101 215 2143 staret
232 2108 272 2144 in
291 2109 444 2159 incepto
463 2110 606 2145 inmitis
626 2110 772 2146 animus
786 2120 797 2155 3
829 2116 909 2146 tum
929 2116 1036 2159 pater
1057 2110 1114 2147 M.
1129 2111 1202 2148 Fa-

92 2169 192 2213 hius,
221 2171 530 2221 Quandoquidem,
561 2172 697 2222 inquit,
728 2174 826 2222 apud
856 2178 889 2209 te
917 2185 979 2209 nec
1007 2177 1203 2212 auctoritas
1217 2179 1302 2211 Fabii
1319 2190 1403 2222 pater

91 2239 246 2280 senaim,
266 2247 329 2272 nec
353 2241 439 2274 (εἰσ-ε·
460 2249 554 2281 mea,
581 2238 639 2273 cui
658 2237 844 2274 orbitatem
862 2250 988 2286 paras,
1007 2250 1071 2275 ⁷22⁰
1088 2241 1202 2277 virtus
1212 2225 1319 2304 {2112}ss
1329 2228 1382 2257 ad-

588 2301 701 2337 Cc2
