1573 2598
405 201 559 229 LIBER
585 197 621 227 1.
654 198 760 227 cAP.
784 199 925 227 xmv.
1165 187 1217 242 63

109 302 210 333 nem,
245 290 308 339 qui
340 301 440 325 nunc
472 294 542 330 est,
575 293 663 337 post
696 286 863 336 expletas
894 287 1058 337 quinque
1091 295 1129 324 et
1152 290 1221 325 tri-

110 355 218 403 ginta
241 353 376 395 tribus,
400 350 591 401 duplicato
617 363 745 386 earum
769 363 941 394 numero,
963 353 1140 388 centuriis
1157 352 1223 403 ju-

110 421 260 456 niorum
288 419 566 466 seniorumque,
596 416 644 452 ad
671 416 883 451 institutam
915 415 961 451 ab
992 415 1070 453 Ser.
1095 417 1224 454 Tullio

111 496 295 520 summam
331 495 409 518 non
437 480 664 517 convenire:
705 479 972 528 quadrifariam
1001 481 1101 517 enim
1135 482 1227 519 urbe

111 550 229 586 divisa
246 547 464 597 regionibus
481 546 728 594 collibusque,
749 558 831 594 quae
851 545 1122 582 habitabantur
1140 559 1226 596 par-

111 619 182 656 teS,
205 612 343 648 Tribus
370 623 431 647 eas
455 609 682 659 adpellavit3
717 616 757 644 ut
783 622 854 657 ego
884 609 1060 653 arbitror,
1082 610 1128 646 ab
1158 611 1226 646 tri-

111 677 228 713 buto:
261 689 348 711 nam
374 674 453 725 ejus
480 686 629 723 quoque
657 672 850 721 aequaliter
878 686 924 709 ex
953 686 1068 710 censu
1097 674 1227 710 confe-

113 740 217 776 rendi
243 740 289 776 ab
320 739 454 775 eodem
480 738 575 773 inita
604 737 701 772 ratio
732 744 799 773 est.
855 736 991 785 Neque
1020 738 1078 774 hae
1106 739 1227 775 tribus

113 805 160 841 ad
188 804 442 840 centuriarum
478 800 783 837 distributionem
820 814 1091 852 numerumque
1120 804 1228 853 quid-

113 882 225 918 quam
243 869 469 917 pertinuere.

166 933 312 970 XLIV.
343 933 469 968 Censu
494 930 677 981 perfecto,
705 944 815 980 quem
843 938 1098 969 maturaverat
1125 939 1228 969 metu
1242 938 1367 970 Servius
1383 938 1436 969 ln-

114 997 207 1046 legis
227 997 272 1033 de
291 997 453 1032 incensis
473 995 559 1031 latae
579 1008 665 1031 cum
679 994 916 1031 vinculorum
938 997 1048 1032 minis
1074 989 1343 1056 mortis-{gum
1358 991 1438 1012 σθω

115 1075 201 1111 que,
232 1061 362 1104 edixit,
390 1067 432 1096 ut
460 1072 591 1096 omnes
621 1060 719 1095 cives
747 1059 929 1102 Romani,
951 1061 1094 1110 equites
1124 1063 1229 1112 pcdi—
1290 1047 1298 1056 ⁸

114 1133 260 1175 tesque,
283 1126 323 1161 in
351 1125 426 1161 suis
455 1125 612 1174 quisque
641 1124 833 1167 centuriis,
860 1125 899 1160 in
928 1138 1064 1176 campo
1084 1126 1230 1164 Martio

115 1191 235 1241 prima
254 1189 337 1225 luce
356 1189 541 1225 adessent.
597 1188 658 1224 Ibi
676 1189 902 1224 instructum
922 1192 1128 1227 exercitum
1147 1206 1230 1229 om-

115 1267 202 1290 nem
231 1252 545 1289 suovetaurilibus
575 1252 772 1288 lustravit:
808 1253 921 1302 idque
950 1255 1145 1291 conditum
1173 1256 1231 1292 lu-

116 1324 234 1354 strum
257 1316 500 1367 adpellatum,
522 1316 610 1365 quia
631 1316 661 1351 is
691 1316 879 1352 censendo
902 1316 985 1353 finis
1009 1317 1131 1356 factus
1161 1328 1230 1358 est.

116 1382 242 1419 Millia
272 1382 470 1430 octoginta
502 1394 547 1417 eo
579 1381 699 1417 lustro
730 1381 866 1417 civium
897 1394 1009 1419 censa
1041 1384 1230 1423 dicuntur.

116 1446 260 1497 Adjicit
286 1447 511 1496 scriptorum
537 1445 818 1494 antiquissimus
839 1445 977 1482 Fabius
997 1447 1141 1492 Pictor,
1166 1462 1231 1485 eo·
1243 1450 1411 1498 Numerus

117 1524 214 1555 rum,
235 1512 299 1560 qui
319 1511 417 1547 ferre
440 1523 545 1546 arma
572 1517 740 1560 possent,
769 1523 855 1546 eum
884 1524 1081 1548 numerum
1102 1503 1375 1551 fuisse.⁰¹v¹um'

117 1576 178 1612 Ad
197 1589 279 1612 eam
298 1575 577 1612 multitudinem
597 1575 684 1611 urbs
705 1588 855 1624 quoque
874 1576 1137 1626 amplificanda
1152 1580 1232 1615 visa
1252 1617 1258 1622 ,

118 1646 186 1677 est.
242 1640 359 1675 Addit
382 1639 474 1675 duos
495 1639 624 1681 colles,
645 1638 881 1678 Quirinalem
899 1640 1202 1691 Viminalemque
1221 1657 1228 1678 ε
1245 1649 1328 1679 Urbs
1345 1657 1416 1678 am-

119 1704 206 1740 inde
228 1704 401 1753 deinceps
425 1711 539 1751 auget
557 1703 770 1752 Esquilias:
803 1703 931 1753 ibique
959 1705 1052 1754 ipse,
1077 1713 1119 1742 ut
1146 1707 1235 1743 loco
1245 1693 1397 1732 plificata.

118 1768 283 1817 dignitas
306 1767 425 1810 fieret,
455 1767 615 1803 habitat.
671 1767 822 1815 Aggere
852 1774 890 1803 et
918 1767 1029 1804 fossis
1059 1777 1096 1805 et
1125 1784 1234 1808 muro

121 1832 327 1870 circumdat
354 1831 506 1868 urbem:
538 1832 592 1867 ita
614 1832 841 1881 pomoerium
869 1832 1024 1882 profert.
1080 1834 1235 1873 Pomoe-

121 1899 232 1940 rium,
253 1897 357 1933 verbi
376 1897 451 1932 vim
471 1895 590 1932 solam
610 1897 814 1939 intuentes,
834 1899 1097 1946 postmoerium
1114 1892 1236 1937 vinter-

122 1969 320 2014 pretantur
338 1974 430 1998 esse.
485 1961 557 1997 Est
585 1967 711 1998 autem
736 1962 856 2010 magis
879 1962 978 1998 circa
1002 1976 1150 2001 murum
1179 1966 1237 2002 lo-

124 2041 204 2072 cuS,
233 2040 345 2077 quem
372 2027 412 2062 in
440 2026 644 2062 condendis
674 2025 829 2062 urbibus
853 2027 1042 2074 quondam
1069 2029 1236 2073 Etrusci,

126 2107 200 2143 qua
226 2105 375 2129 murum
404 2078 552 2127 ducturi
578 2097 699 2134 erant,
721 2092 830 2126 certis
855 2092 954 2127 circa
980 2094 1150 2129 terminis
1181 2095 1239 2130 in—

128 2163 312 2206 augurato
345 2156 642 2192 consecrabant:
682 2162 723 2191 ut
760 2168 881 2204 neque
917 2157 1096 2193 interiore
1132 2165 1242 2208 parte

129 2221 285 2259 aedificia
312 2220 499 2257 moenibus
529 2220 855 2262 continuarentur,
885 2233 967 2269 quae
996 2234 1097 2256 nunc
1125 2223 1240 2271 vulgo

129 2287 255 2323 etiam·
273 2284 536 2335 conjungunt3
570 2291 608 2320 et
639 2283 870 2320 extrinsecus
898 2285 983 2333 puri
1018 2284 1159 2334 aliquid
1191 2287 1243 2323 ab

127 2351 295 2390 humano
316 2348 419 2386 cultu
437 2355 584 2399 pateret
602 2348 685 2385 soli.
742 2348 830 2385 Hoc
849 2349 1027 2399 spatium,
1047 2350 1150 2400 quod
1173 2363 1242 2388 nea
