1573 2598
344 191 426 247 308
760 208 835 244 gr.
868 207 1001 243 mvn
1055 230 1059 234 .
1098 221 1102 233 1

155 291 194 321 U.
210 292 245 322 C·
260 298 387 331 mmet
411 294 497 345 ipsi,
517 307 591 344 qua
615 306 800 344 quemque
816 296 865 332 in
892 295 1066 333 tenebris-
1082 309 1199 346 pavor
1225 296 1328 341 tulit,
1348 288 1464 348 fuge-

154 335 192 366 Δ.
208 335 242 365 C.
259 343 334 370 420.

345 367 448 395 runt.
504 359 734 408 Tempanius
763 366 867 396 metu
894 360 1114 404 insidiarum
1143 373 1230 405 suos
1259 354 1316 398 ad
1334 361 1456 402 lucem

346 423 492 459 tenuit:
529 423 716 471 digressus
747 423 879 459 deinde
911 424 991 473 ipse
1020 436 1105 459 cum
1133 425 1261 472 paucis
1287 424 1456 475 specula-

347 492 443 529 tum,
475 499 590 536 quum
626 486 673 522 ab
711 487 844 533 sauciis
881 487 1055 523 hostibus
1089 481 1330 524 sciscitando'
1353 482 1457 525 comss

347 551 519 601 perisset,
555 557 678 587 castra
704 550 932 587 Volscorum
964 551 1112 588 deserta
1144 564 1238 595 esse,
1267 551 1376 588 laetus
1407 552 1457 598 ab

348 614 496 661 tumulo
515 627 603 651 suos
623 615 794 658 devocat,
809 622 846 652 et
864 617 904 651 in
924 624 1047 652 castra
1065 615 1243 652 Romana
1261 621 1455 666 penetrat:

346 678 409 715 ubi
441 691 557 727 quum
577 685 685 715 vasta
713 679 933 728 desertaque
961 680 1102 722 omnia,
1131 686 1245 728 atque
1273 679 1458 723 eamdem,

347 755 458 791 quam
479 743 578 793 apud
603 744 731 779 hostes
761 743 974 779 foeditatem
1003 744 1220 786 invenisset,
1241 743 1459 793 priusquam

347 807 506 844 Volscos
544 808 718 856 cognitus
752 819 856 844 error
891 808 1099 851 reduceret,
1138 807 1272 856 quibus
1308 813 1458 857 poterat

347 872 482 908 sauciis
498 871 618 907 ductis
639 883 780 914 secum,
800 871 953 919 ignarus
974 883 1086 919 quam
1105 871 1300 918 regionem
1325 870 1459 907 consul

347 935 516 987 petisset,
538 934 584 970 ad
605 934 735 970 urbem
754 935 935 984 proximis
955 934 1155 969 itineribus
1175 935 1310 983 pergit.

352 1030 358 1034 .
401 998 489 1035 XL.
518 998 606 1034 Jam
625 1010 670 1033 eo
689 997 791 1033 fama
818 1010 956 1047 pugnae
982 997 1145 1034 adversae
1175 1003 1460 1047 castrorumque

349 1063 583 1099 desertorum
612 1061 757 1112 perlata
789 1068 892 1098 erat:
929 1067 967 1098 et
1001 1068 1090 1098 ante
1119 1062 1247 1097 omnia
1275 1061 1463 1111 deplorati

349 1133 457 1164 erant
488 1127 647 1175 equites,
681 1138 760 1161 non
792 1126 940 1175 privato
976 1126 1111 1174 magis,
1147 1138 1260 1174 quam
1291 1125 1460 1175 publico,

349 1191 479 1234 luctu:
518 1191 734 1239 Fabiusque
761 1189 907 1233 consul,
938 1197 1082 1226 terrore
1111 1190 1194 1226 urbi
1223 1202 1373 1238 quoque
1401 1190 1465 1235 inq

342 1255 465 1307 ject0,
486 1256 690 1292 stationem
708 1261 797 1291 ante
815 1261 944 1304 portas
964 1254 1102 1303 agebat
1120 1269 1127 1289 :
1160 1266 1276 1302 quum
1299 1254 1461 1303 equites,

348 1319 483 1371 procul
500 1320 570 1356 visi
598 1332 676 1356 non
705 1320 785 1355 sine
812 1325 956 1355 terrore
984 1319 1031 1355 ab
1061 1318 1198 1361 dubiis,
1221 1319 1380 1367 quinam
1403 1330 1462 1354 es-

350 1390 449 1428 sent,
469 1397 557 1420 mox
588 1384 746 1432 cogniti,
766 1389 913 1419 tantam
933 1395 980 1419 ex
1005 1390 1108 1418 metu
1133 1381 1306 1418 laetitiam
1324 1380 1466 1426 fecere,-

349 1453 393 1487 ut
426 1447 568 1484 clamor
599 1447 732 1483 urbem
766 1446 986 1496 pervaderet
1019 1445 1305 1495 gratulantium,
1339 1445 1465 1484 salvos

349 1512 586 1561 victoresque
605 1513 744 1548 redisse
764 1512 926 1560 equites:
960 1521 998 1546 et
1016 1524 1062 1547 ex
1082 1511 1226 1547 moestis
1246 1509 1359 1560 paulo
1375 1515 1464 1554 ante,

350 1576 539 1620 domibus,
569 1590 653 1626 quae
681 1575 1009 1613 conclamaverant
1045 1587 1147 1618 suos,
1178 1579 1462 1624 procurreretur

349 1640 391 1676 in
408 1641 486 1676 vias
504 1656 514 1686 3
547 1640 765 1690 pavidaeque
784 1646 920 1675 matres
941 1652 984 1674 ac
1011 1637 1208 1687 conjuges,
1229 1637 1371 1678 oblitae,
1385 1649 1463 1687 prae

352 1703 492 1753 gaudio
512 1704 671 1746 decoris,
694 1703 845 1739 obviam
867 1703 1010 1750 agmini
1031 1702 1290 1744 obcurrerent,
1311 1701 1350 1736 in
1376 1712 1464 1736 suos

352 1780 524 1816 quaeque,
545 1767 655 1804 simul
676 1779 833 1816 corpore
857 1773 970 1815 atque
992 1766 1120 1801 animo
1139 1766 1202 1800 vix
1222 1777 1297 1814 prae
1326 1763 1465 1813 gaudio

352 1839 563 1882 compotes,
595 1832 733 1868 effusae.
788 1831 968 1867 Tribunis
1003 1829 1117 1879 plebi,
1152 1829 1214 1878 qui
1246 1828 1302 1864 M.
1326 1827 1468 1864 Postu⁴

351 1897 430 1932 mio
460 1903 498 1932 et
526 1897 571 1933 T.
599 1896 782 1935 Quinctio
812 1896 911 1930 diem
940 1895 1126 1936 dixerant,
1154 1893 1254 1941 quod
1283 1892 1329 1928 ad
1351 1891 1464 1928 Veios

352 1973 482 1995 eorum
503 1973 619 2009 opera
639 1959 734 1995 male
761 1965 971 2009 pugnatum
997 1965 1108 1999 esset,
1130 1957 1280 1992 occasio
1299 1956 1378 1991 visa
1408 1962 1466 1991 cst

351 2036 418 2074 per
438 2036 566 2059 recens
587 2023 715 2058 odium
742 2022 954 2071 Sempronii
980 2020 1143 2056 consulis
1175 2019 1399 2055 renovanda:
1425 2020 1464 2055 iu

353 2099 418 2123 eos
439 2088 597 2124 invidiae.
652 2086 800 2134 Itaque,
822 2085 1003 2121 advocata
1023 2085 1220 2126 concione,
1242 2096 1355 2132 quum
1377 2095 1464 2132 pro-

353 2151 471 2188 <litam
491 2151 594 2186 Veiis
615 2149 884 2200 rempublicam
907 2161 987 2184 esse
1013 2148 1060 2184 ab
1081 2148 1251 2189 ducibus,
1273 2146 1465 2196 proditum

353 2215 501 2261 deinde,
523 2216 610 2263 quia
632 2214 704 2250 illis
731 2215 871 2263 inpune
900 2212 1026 2254 fucrit,
1057 2213 1096 2247 in
1120 2211 1265 2246 Volscis
1294 2209 1341 2246 ab
1371 2222 1462 2246 con-

354 2278 433 2315 sule
454 2279 674 2321 exereitum,
695 2277 853 2313 traditos
874 2276 920 2312 ad
941 2276 1079 2311 caedem
1105 2275 1332 2311 fortissimos
1360 2273 1463 2321 equi-

354 2349 425 2386 tes,
456 2342 603 2380 deserta
630 2342 730 2379 foede
760 2347 895 2385 castra,
918 2340 1113 2378 vociferati
1142 2345 1290 2385 essent3
1331 2338 1374 2388 C.
1393 2336 1464 2375 Ju-
