1573 2598
338 173 494 202 LIBER
521 173 592 202 vl.
625 173 732 201 CAP.
758 174 913 203 XXXV·
1099 171 1182 218 455

65 256 302 304 sermonibus
331 269 478 313 tempus
508 268 688 305 tererent,
719 262 834 299 lictor
865 263 1037 314 Sulpicii,
1068 277 1184 313 quum

65 326 97 362 is
126 326 173 362 de
201 326 286 363 foro
315 339 355 363 se
384 328 538 363 domum
564 327 761 377 reciperet,
782 327 903 363 forem
927 330 986 376 (ut
1005 340 1085 364 mos
1107 330 1181 377 est)

66 390 172 439 virga
201 397 440 440 percuteret:
472 403 588 440 quum
617 391 662 427 ad
690 391 742 434 id,
770 392 884 427 moris
909 391 988 442 ejus
1019 392 1181 436 insueta,

69 454 283 503 expavisset
320 455 446 491 minor
474 454 607 497 Fabia,
637 454 728 490 risui
762 455 884 491 sorori
912 454 999 499 fuit,
1028 456 1184 492 miranti

68 518 247 565 ignorare
279 518 318 554 id
354 530 535 555 sororem.
593 518 772 554 Ceterum
809 520 838 554 is
877 519 972 555 risus
1009 518 1182 555 stimulos

67 582 192 632 parvis
222 582 355 619 mobili
384 582 494 619 rebus
524 583 652 619 animo
681 582 857 619 muliebri
886 583 1076 620 subdidit:
1108 583 1184 619 fre-

65 646 221 694 quentia
241 658 390 694 quoque
415 647 726 696 prosequentium
751 647 1058 696 rogantiumque,
1078 659 1184 683 num-

66 711 153 758 quid
171 710 278 745 vellet
294 712 315 746 .9
342 710 454 746 credo
483 710 722 747 fortunatum
748 712 1033 747 matrimonium
1057 712 1093 747 ei
1121 724 1184 747 so-

66 774 162 809 roris
194 774 342 819 visum;
383 775 516 823 suique
552 775 674 824 ipsam
709 775 811 811 malo
846 775 1019 818 arbitrio,
1054 788 1130 824 quo
1163 789 1186 812 a

66 837 248 886 proximis
279 837 437 886 quisque
465 837 620 873 minime
653 839 788 874 anteiri
818 838 913 881 vult,
947 839 1184 889 poenituisse.

68 902 277 939 Confusam
297 916 380 939 eam
400 917 446 940 ex
465 905 607 940 recenti
635 917 763 940 morsu
787 905 905 940 animi
933 917 1050 954 quum
1078 911 1186 955 pater

67 965 168 1002 forte
196 967 362 1009 vidisset,
392 974 676 1016 percunctatus,
705 969 810 1004 satin'
839 969 984 1004 salvoe?
1012 974 1184 1004 averten—

65 1036 145 1066 tem
167 1044 338 1067 caussam
359 1031 499 1068 doloris
524 1033 680 1081 (quippe
704 1044 773 1068 nec
802 1033 892 1068 satis
923 1033 1024 1081 piam
1053 1032 1185 1068 adver-

65 1106 128 1132 sus
158 1107 341 1139 sororem,
369 1108 440 1131 nec
469 1096 674 1132 admodum
702 1096 742 1132 in
762 1097 883 1132 virum
912 1096 1181 1144 honorificam)

69 1158 198 1194 elicuit
227 1160 386 1195 comiter
420 1160 664 1202 sciscitando,
695 1166 737 1195 ut
765 1160 962 1203 fateretur,
993 1173 1075 1196 eam
1105 1172 1186 1196 esse

67 1234 238 1258 caussam
265 1223 420 1266 doloris,
442 1224 543 1272 quod
562 1223 699 1273 juncta
727 1224 850 1273 inpari
870 1231 982 1268 esset,
1003 1230 1125 1274 nupta
1146 1225 1186 1261 in

69 1287 197 1329 domo,
228 1300 341 1336 quam
369 1300 438 1323 nec
468 1288 590 1323 honos
620 1300 690 1323 nec
719 1288 842 1336 gratia
870 1288 1012 1324 intrare
1044 1294 1186 1338 posset.

13 1372 23 1377 -
72 1350 285 1387 Consolans
323 1351 409 1387 inde
445 1351 561 1388 filiam
590 1351 800 1388 Ambustus
838 1352 982 1388 bonum
1019 1353 1188 1388 animum

71 1414 210 1451 habere
237 1415 379 1465 jussit:
420 1417 573 1452 eosdem
605 1429 724 1466 prope
757 1417 855 1452 diem
888 1416 990 1452 domi
1023 1417 1189 1452 visuram

69 1479 248 1522 honores,
273 1493 367 1528 quos
396 1481 495 1530 apud
523 1493 692 1517 sororem
719 1481 856 1518 videat.
914 1481 1009 1517 Inde
1029 1480 1189 1517 consilia

70 1543 165 1579 inire
186 1557 270 1579 cum
290 1557 430 1592 genero
451 1545 581 1594 coepit,
603 1545 777 1581 adhibito
796 1545 843 1582 L.
865 1545 1011 1588 Sextio,
1033 1551 1189 1580 strenuo

72 1606 326 1651 adolescente,
347 1614 385 1644 et
405 1607 510 1658 cujus
531 1609 612 1659 spei
642 1608 737 1644 nihil
765 1614 902 1659 praeter
927 1621 1046 1658 genus
1070 1608 1188 1658 patri-

72 1671 172 1705 cium
192 1671 348 1708 deesset.

101 1734 302 1771 -XXXV.
340 1735 502 1771 Occasio
532 1736 731 1772 videbatur
767 1749 892 1772 rerum
928 1735 1189 1772 novandarum

72 1808 228 1848 propter
262 1800 453 1847 ingentem
480 1800 556 1836 vim
590 1801 671 1836 aeris
705 1799 845 1846 alieni5
879 1799 985 1850 cujus
1018 1799 1190 1836 levamen

74 1865 163 1901 mali
184 1862 325 1912 plebes,
341 1865 412 1900 uisi
433 1866 509 1900 suis
528 1866 565 1902 in
588 1877 736 1901 summo
757 1866 915 1916 imperio
934 1865 1084 1908 locatis,
1104 1865 1190 1901 nul·

73 1928 152 1964 lum
182 1935 360 1978 speraret.
415 1929 706 1978 Adcingendum
735 1930 779 1966 ad
807 1943 890 1966 eam
917 1930 1190 1977 cogitationem

75 2002 181 2030 esse:
223 1994 397 2030 conando
427 1995 649 2044 agendoque
678 1993 763 2045 jam
792 2008 837 2031 eo
867 1994 1027 2043 gradum
1055 1994 1191 2031 fecisse

74 2059 256 2110 plebeios,
292 2060 404 2103 unde,
434 2061 462 2095 si
497 2073 612 2110 porro
647 2060 881 2104 adnitantur,
915 2061 1110 2110 pervenire
1143 2059 1190 2096 ad

74 2133 232 2167 summa,
254 2130 292 2159 et
310 2124 488 2161 Patribus
509 2126 662 2174 aequari,
690 2131 767 2161 tam
797 2125 958 2167 honore,
983 2137 1096 2172 quam
1115 2125 1190 2159 vir-

74 2193 170 2230 tute,
201 2195 368 2238 possent.
425 2188 471 2224 In
509 2189 711 2238 praesentia
748 2187 920 2224 tribunos
959 2187 1079 2237 plebis
1111 2186 1191 2224 fieri

74 2251 229 2303 placuit,
252 2265 326 2302 quo
347 2254 385 2289 in
405 2253 629 2303 magistratu
655 2252 807 2290 sibimet
838 2252 909 2303 ipsi
930 2252 1028 2288 viam
1053 2251 1100 2288 ad
1130 2263 1190 2288 ce-

1202 1732 1244 1763 U.
1256 1732 1292 1763 C.
1310 1737 1383 1767 ³79.

1201 1777 1242 1807 A.
1255 1776 1292 1806 C.
1309 1781 1384 1811 ³73.
