1573 2598
431 136 585 167 LIBER
611 136 645 164 1.
677 135 784 165 cAP.
809 135 904 165 xn.
1171 133 1226 181 23

109 230 212 269 laute
232 227 395 270 animos,
414 226 454 262 in
478 225 674 263 adversum
701 223 870 260 Romani
898 222 1059 261 subiere.
1114 223 1228 262 Prin-

109 293 210 344 cipes
241 292 429 341 utrimque
457 300 623 340 pugnam
653 287 803 324 ciebant
820 304 830 333 5
867 287 915 324 ab
945 288 1095 325 Sabinis
1122 287 1229 325 Met-

110 363 170 394 tus
201 356 369 398 Curtius,
400 352 446 390 ab
483 350 669 389 Romanis
704 351 852 388 Hostus
890 351 1094 389 Hostilius.
1149 352 1230 389 Hic

111 434 192 459 rem
219 420 436 457 Romanam
462 416 595 466 iniquo
623 415 710 452 loco
740 415 785 452 ad
815 417 938 466 prima
965 416 1075 466 signa
1099 417 1230 454 animo

112 492 226 534 atque
245 481 402 520 audacia
427 479 650 517 sustinebat.
707 479 764 517 Ut
789 479 936 517 Hostus
966 480 1116 525 cecidit,
1136 492 1232 518 con-

0 574 7 596 f
110 547 238 586 festim
255 545 435 582 Romana
453 544 658 580 inclinatur
677 544 774 580 acies
792 560 802 589 3
834 543 993 594 fusaque
1015 550 1073 581 est
1100 544 1148 582 ad
1166 556 1231 581 ve·

113 618 231 649 terem
255 616 406 661 portam
427 608 579 646 Palatii,
634 607 839 653 Romulus,
861 615 899 645 et
927 610 1007 659 ipse
1033 608 1147 646 turba
1170 608 1233 646 fu-

0 679 1 685 ’
90 668 299 725 ςίεηῖίυῐη
334 678 455 717 actus,
489 685 594 709 arma
630 672 678 709 ad
714 672 854 709 coelum
889 672 1043 717 tollens,
1072 673 1232 723 Jupiter,

0 692 3 789 l
110 740 194 783 tuis,
233 738 369 788 inquit,
389 737 510 786 jussus
536 738 656 774 avibus
683 737 741 774 Ιιὶσ
769 739 805 774 in
834 738 983 774 Palatio
1006 740 1130 786 prima
1155 737 1237 775 urbi

0 794 2 816 ³
101 803 347 853 fundamenta
369 801 471 850 jeci:
507 814 626 839 arcem
650 801 746 849 jam,
776 803 903 839 scelere
934 807 1079 845 emtam,
1110 801 1239 839 Sabini

111 868 269 905 habent:
302 869 384 905 inde
412 867 479 904 huc
506 868 653 911 armati,
681 871 851 916 superata
876 868 996 903 media
1021 866 1130 910 valle,
1160 871 1236 903 ten-

112 934 214 970 dunt.
269 934 322 969 At
351 937 402 975 tu,
431 937 538 981 pater
556 933 680 968 Deum
709 931 971 980 hominumque,
1002 932 1084 968 hinc
1110 931 1239 967 saltem

111 1009 194 1034 arce
212 997 325 1034 hostes
336 1013 350 1034 .·
379 998 478 1033 deme
493 1001 662 1033 terrorem
680 996 866 1040 Romanis,
882 997 1088 1046 fugamque
1094 994 1239 1046 foedam

3 1076 7 1102 ὶ
112 1062 205 1098 siste.
260 1061 335 1097 Hic
352 1073 416 1109 ego
439 1060 503 1097 tibi
529 1061 698 1109 templum
717 1061 857 1097 Statori
875 1061 972 1104 ιῙουὶ,
994 1061 1088 1109 quod
1112 1071 1237 1096 mortu·
1248 1056 1371 1098 Jupiter

4 1107 6 1135 Ε
106 1130 271 1162 'mentum
297 1126 345 1162 sit
367 1125 530 1173 posteris,
558 1131 621 1161 tua
639 1127 806 1174 praesenti
828 1138 892 1174 ope
916 1130 1094 1162 servatam
1120 1101 1368 1161 urbemsmor'

5 1206 9 1244 Ι
113 1201 197 1233 esse,
217 1201 333 1225 voveo.
390 1189 488 1224 Haec
515 1196 706 1238 precatus,
727 1188 844 1225 veluti
873 1190 905 1225 si
931 1189 1111 1225 sensisset
1133 1188 1241 1226 audi-

6 1251 11 1302 }
105 1259 173 1290 ’tas
210 1265 355 1304 preces,
386 1253 496 1295 Hinc,
534 1252 672 1302 inquit,
704 1253 874 1296 Romani,
911 1253 1058 1302 Jupiter
1088 1255 1247 1303 optimus

0 1306 12 1350 γ’
113 1320 290 1355 maximus
307 1319 464 1354 resistere
487 1322 593 1365 atque
614 1319 744 1354 iterare
761 1331 924 1367 pugnam
940 1317 1055 1365 jubet.
1109 1317 1243 1355 Resti-

104 1387 197 1418 'tere
223 1380 407 1426 Romani,
432 1386 628 1431 tamquam
649 1380 795 1418 coelesti
814 1395 908 1419 voce
928 1381 1052 1433 jussi:
1082 1381 1165 1433 ipse
1193 1381 1243 1419 ad

104 1446 301 1497 ⁴primores
336 1444 526 1483 Romulus
569 1445 757 1496 provolat.
812 1445 961 1483 Mettus
1000 1446 1155 1484 Curtius
1192 1444 1243 1483 ab

117 1509 269 1546 Sabinis
288 1510 462 1560 princeps
483 1509 530 1557 ab
547 1522 632 1546 arce
649 1510 928 1555 decucurrerat,
945 1517 984 1548 et
999 1511 1137 1548 effusos
1154 1521 1243 1559 ege-

118 1580 178 1611 rat
194 1573 409 1618 Romanos,
428 1580 514 1610 toto
541 1581 725 1623 quantum
752 1575 838 1612 foro
865 1575 1031 1627 spatium
1059 1582 1141 1612 est:
1171 1586 1250 1623 nec(

118 1637 254 1689 procul
273 1636 357 1688 jam
385 1651 408 1674 a
431 1643 544 1688 porta
564 1637 705 1674 Palatii
733 1644 828 1683 erat,
850 1638 1064 1684 clamitans,
1090 1639 1246 1676 Vicimus

105 1703 269 1751 *perfidos
302 1702 465 1750 hospites,
504 1702 645 1738 inbelles
673 1703 797 1740 hostes.
852 1703 941 1740 Jam
975 1705 1104 1748 sciunt,
1143 1704 1247 1751 longe

121 1767 223 1802 aliud
241 1778 311 1801 esse
327 1768 479 1814 virgines
493 1779 631 1814 rapere,
653 1767 754 1802 aliud
767 1779 931 1815 pugnare
949 1779 1029 1804 cum
1046 1768 1143 1804 viris.
1197 1766 1248 1804 In

121 1842 222 1873 eum,
259 1830 341 1866 haec
374 1829 617 1878 gloriantem,
651 1842 737 1866 cum
770 1829 889 1880 globo
920 1831 1247 1868 ferocissimorum

115 1892 301 1945 juvenum
314 1893 504 1931 Romulus
525 1894 698 1946 inpetum
715 1894 820 1932 facit.
848 1895 911 1932 Ex
930 1907 1030 1946 equo
1047 1902 1132 1933 tum
1144 1894 1248 1933 forte

120 1958 268 1996 Mettus
305 1958 525 2009 pugnabat:
565 1971 611 1996 eo
647 1959 738 2010 pelli
773 1958 922 1997 facilius
958 1959 1058 1997 fuit:
1093 1958 1247 2011 pulsum

120 2022 291 2061 Romani
321 2030 624 2074 persequuntur:
656 2030 695 2060 et
723 2023 798 2061 alia
823 2023 1005 2062 Romana
1033 2024 1147 2069 acies,
1177 2036 1245 2061 au·

124 2086 232 2123 dacia
248 2086 348 2135 regis
369 2099 541 2131 accensa,
562 2087 688 2124 fundit
708 2087 884 2126 Sabinos.
937 2088 1087 2126 Mettus
1115 2089 1156 2125 in
1176 2099 1245 2138 pa-

122 2149 250 2187 ludem
285 2163 380 2195 sese,
410 2153 571 2202 strepitu
608 2153 847 2202 sequentium
882 2153 1099 2204 trepidante
1130 2163 1245 2201 equo,

124 2211 312 2264 conjecit:
344 2216 630 2268 adverteratque
652 2230 698 2254 ea
721 2229 780 2254 res
809 2218 925 2255 etiam
954 2217 1116 2253 Sabinos
1145 2215 1247 2253 tanti

104 2276 294 2331 “periculo
320 2279 404 2318 viri.
458 2281 512 2318 Et
543 2280 607 2318 ille
634 2280 802 2333 quidem,
831 2280 1085 2320 adnuentibus
1109 2292 1158 2322 ac
1176 2290 1249 2317 vo-
