1573 2598
406 191 561 220 LIBER
585 190 633 218 v.
665 189 773 218 cm».
797 191 880 219 xv.
1113 187 1194 234 '357

81 286 241 318 ventum
261 281 322 317 sit.
379 280 569 322 Comitiis,
590 280 785 328 auspicato
806 292 887 328 quae
908 280 1053 321 fierent,
1075 280 1196 329 indig-

80 353 178 382 num'
222 344 307 381 Diis
344 345 465 380 visum
511 344 675 379 honores
712 343 870 391 vulgari,
909 344 1200 393 discriminaque

83 410 260 458 ,gentium
297 408 491 445 confundi.
547 408 801 455 Praeterquam
840 406 1038 455 majestate
1067 413 1198 457 peten-

83 474 200 514 tium,
234 471 417 520 religione
454 471 568 506 etiam
612 470 775 506 adtoniti
812 470 982 506 homines
1020 471 1199 520 patricios

88 548 234 579 omncs,
256 542 401 585 partem
430 547 606 584 magnam
634 535 971 570 honoratissimum
1000 547 1199 583 quemque,

89 600 262 636 tribunos
297 599 458 635 militum
492 598 680 634 consulari
715 604 904 647 potestate
933 611 1119 641 creavere,
1152 599 1197 635 L.
1214 603 1254 632 U.
1269 602 1392 638 0357.

90 664 284 701 Valerium
302 664 472 700 Potitum
488 664 676 711 quintum,
693 662 749 698 Μ.
764 662 956 698 Valerium
971 662 1199 707 Maximum,
1213 647 1254 676 Α·
1269 646 1305 676 C·
1321 652 1396 680 ³9⁵⁸

83 726 146 764 VM.
165 727 322 762 Furium
352 725 554 762 Camillum
583 726 750 767 tertium,
769 725 816 761 L.
837 725 992 761 Furium
1020 726 1202 763 Medulli-

80 780 180 826 num
208 791 376 833 tertium,
408 791 456 829 Q.
491 789 689 826 Servilium
719 789 942 825 Fidenatem
972 790 1122 832 iterum,
1154 791 1204 829 Q.

82 853 298 903 ,Sulpicium
319 854 562 891 Camerinum
581 855 729 890 iterum.
785 852 858 889 His
879 853 1040 889 tribunis
1062 854 1109 890 ad
1129 855 1203 891 Ve-

82 918 147 954 ios
167 918 263 954 nihil
288 918 491 955 admodum
516 917 760 954 memorabile
783 923 907 953 actum
935 924 1014 954 est:
1048 923 1130 954 tota
1148 920 1203 954 vis

77 984 131 1019 »in
169 981 479 1032 populationibus
515 982 600 1019 fuit.
657 982 747 1018 Duo
777 983 913 1017 summi
943 983 1203 1031 imperatores,

92 1047 243 1083 Potitus
274 1059 296 1082 a
323 1045 494 1088 Faleriis,
517 1045 698 1082 Camillus
728 1059 751 1082 a
778 1046 944 1096 Capena,
973 1046 1115 1095 praedas
1145 1048 1204 1083 in-

93 1117 224 1158 gentes
245 1123 368 1159 egere,
389 1110 494 1146 nulla
512 1110 692 1147 incolumi
713 1109 844 1147 relicta
862 1123 915 1153 re,
937 1112 996 1146 cui
1016 1110 1116 1147 ferro
1139 1117 1206 1148 aut

92 1170 168 1218 igni
191 1175 319 1209 noceri
338 1181 478 1223 posset.

122 1237 234 1275 VXV.
264 1237 445 1286 Prodigia
474 1238 624 1273 interim
661 1238 781 1273 multa
809 1239 1004 1283 nunciari3
1045 1252 1206 1287 quorum

91 1301 283 1352 pleraque,
305 1308 342 1337 et
361 1303 450 1351 quia
468 1302 606 1351 singuli
633 1309 805 1338 auctores
832 1308 952 1346 erant,
974 1316 1106 1352 parum
1124 1317 1206 1341 cre-

83 1366 173 1403 dita
192 1372 405 1415 spretaque,
427 1373 464 1403 et
489 1367 591 1415 quia,
611 1366 784 1402 hostibus
814 1367 999 1409 Etruscis,
1021 1380 1088 1416 per
1113 1381 1206 1416 quos

95 1441 140 1466 ea
158 1438 418 1479 procurarent,
440 1431 628 1480 aruspices
648 1444 726 1467 non
745 1436 864 1468 erant.
922 1431 966 1467 In
988 1445 1104 1467 unum
1125 1445 1208 1468 om·-

83 1494 201 1536 fnium
221 1507 319 1530 curae
334 1507 448 1531 versae
469 1502 570 1538 sunt,
588 1495 688 1543 quod
704 1495 807 1530 lacus
828 1495 866 1531 in
881 1495 1034 1531 Albano
1054 1509 1208 1534 nemore
1222 1499 1368 1548 Albanus

97 1558 178 1592 sine
192 1557 275 1593 ullis
292 1557 509 1594 coelestibus
526 1559 645 1606 aquis,
661 1571 838 1594 caussave
851 1571 924 1606 qua
937 1558 1024 1601 alia,
1035 1573 1116 1608 quae
1131 1573 1207 1597 ren-1
1221 1542 1426 1615 ὲῗξίῗίἐζζκῃ

83 1620 280 1657 ,ωὶτ-(ιευὶο
306 1621 501 1664 eximeret,
522 1622 561 1658 in
591 1621 829 1657 altitudinem
859 1622 1051 1658 insolitam
1080 1614 1208 1660 crevit.
1223 1627 1386 1659 insolitam

100 1683 291 1723 Quidnam
311 1698 356 1720 eo
375 1685 443 1720 Dii
462 1686 731 1734 portenderent
750 1685 938 1734 prodigio,
960 1687 1064 1721 missi
1083 1688 1212 1723 scisci·
1225 1677 1348 1701 “esem

99 1752 222 1782 tatum
251 1753 419 1784 oratores
449 1748 496 1784 ad
525 1748 753 1797 Delphicum
784 1748 1001 1785 oraculum:
1034 1750 1098 1785 sed
1124 1764 1213 1800 pro-

87 1812 186 1860 pior
214 1812 397 1861 interpres
427 1811 515 1848 fatis
546 1811 696 1847 oblatus
727 1812 853 1848 senior
882 1813 1032 1860 quidam
1058 1813 1211 1858 Veiens,
1225 1816 1375 1854 Aruspex

103 1876 180 1924 qui,
201 1874 299 1910 inter
319 1874 536 1910 cavillantes
557 1875 596 1910 in
615 1875 844 1910 stationibus
868 1888 911 1910 ac
937 1877 1116 1912 custodiis
1143 1879 1214 1914 mi-
1226 1860 1391 1889 Etruscusz

103 1940 186 1977 lites
207 1940 405 1977 Romanos
428 1941 700 1989 Etruscosque,
723 1941 963 1982 vaticinantis
993 1941 1032 1977 in
1061 1943 1218 1979 modum

103 2005 254 2048 cecinit,
277 2007 495 2053 Priusquam
514 2018 555 2041 ex
575 2007 656 2041 lacu
675 2005 817 2041 Albano
839 2017 935 2052 aqua
954 2007 1079 2043 emissa
1097 2006 1217 2055 foret,

104 2081 299 2117 numquam
321 2071 521 2118 potiturum
546 2070 639 2105 Veiis
663 2069 881 2105 Romanum.
937 2069 1052 2108 Quod
1080 2072 1218 2118 primo,

106 2131 209 2167 velut
225 2138 367 2168 temere
379 2131 542 2181 jactum,
563 2132 703 2181 sperni,
724 2133 861 2180 agitari
880 2132 1015 2168 deinde
1035 2135 1220 2170 sermoni-

107 2195 178 2232 bus
199 2202 366 2245 coeptum
391 2201 473 2241 est,
506 2197 626 2232 donec
652 2208 747 2232 unus
777 2209 824 2232 ex
849 2197 1014 2232 statione
1042 2197 1092 2232 Pa
1111 2211 1220 2236 mana

110 2264 376 2308 percunctatus
421 2260 637 2309 proximum
679 2260 971 2309 oppidanorum,
1016 2259 1116 2310 (jam
1157 2276 1224 2311 per

95 2321 433 2373 ‚longinquitatem
468 2323 559 2361 belli
591 2325 819 2361 commercio
851 2337 1070 2363 sermonum
1098 2325 1220 2375 facto)
