1573 2598
410 143 564 174 LIBER
588 143 634 174 V.
667 143 774 173 CAP.
798 143 890 173 LII·
1108 142 1192 186 403

82 239 243 271 eumenio
275 246 434 272 essemus.
490 236 658 272 Adversae
689 235 816 271 deinde
847 245 902 269 res
932 233 1196 270 admonuerunt
1207 237 1249 268 U.
1261 236 1298 267 C.
1314 239 1392 267 365,

76 300 301 348 religionum.
359 300 593 350 Confugimus
619 301 657 336 in
684 300 901 348 Capitolium
931 300 981 336 ad
1005 299 1118 342 Deos,
1148 280 1389 335 adA‘C'337'

78 364 198 400 sedem
215 364 316 402 Jovis
334 366 460 414 optimi
477 365 624 402 maximi
637 379 649 400 .·
675 376 779 400 sacra
798 366 835 400 in
853 364 960 400 ruina
977 375 1096 400 rerum
1114 375 1194 399 nos·

79 432 218 464 trorum
242 429 319 465 alia
344 434 446 465 terrae
470 429 671 471 celavimus,
695 429 783 471 alia,
808 433 934 464 avecta
960 429 999 464 in
1013 428 1197 477 finitimas

78 491 190 534 urbes,
217 494 413 529 amovimus
436 492 481 528 ab
506 492 657 528 hostium
679 493 800 529 oculis.
857 493 1023 529 Deorum
1045 491 1195 534 cultum,

77 556 207 592 deserti
230 556 274 593 ab
293 557 381 593 Diis
405 556 678 604 hominibusque,
701 562 819 593 tamen
844 568 914 593 non
932 557 1196 593 intermisimus.

77 618 283 657 Reddidere
308 622 420 669 igitur
446 622 623 670 patriam,
644 626 679 657 et
709 623 911 664 victoriam,
945 626 979 657 et
1008 622 1198 669 antiquum

77 682 160 719 belli
181 685 287 720 decus
310 686 504 722 amissum:
530 687 567 721 et
591 686 628 721 in
653 684 779 728 hostes,
800 686 862 734 qui
883 686 966 722 caeci
984 685 1140 721 avaritia
1159 685 1197 719 in

73 747 230 795 pondere
247 750 328 785 auri
335 748 460 798 foedus
477 762 521 786 ae
534 750 654 798 fidem
669 748 902 798 fefellerunt,
922 751 1107 785 verterunt
1125 752 1197 784 ter-

74 823 191 849 rorem
198 811 406 862 fugamque
422 819 458 850 et
475 814 617 851 ccedem.

128 875 220 911 LII.
249 877 339 911 Hoec
371 879 460 911 culti
490 878 709 922 neglectique
737 877 894 914 numinis
930 880 1034 913 tanta
1068 889 1197 914 monu-

76 945 198 977 menta
220 941 258 977 in
275 940 376 976 rebus
394 940 559 976 humanis
578 943 768 982 cernentes,
789 940 917 989 ecquid
933 944 1083 984 sentitis,
1107 943 1198 984 Qui-

76 1007 174 1048 rites,
194 1009 369 1053 quantum
394 1005 539 1041 vixdum
564 1016 583 1040 e
606 1003 811 1052 naufragiis
829 1005 964 1053 prioris
989 1005 1103 1053 culpae
1121 1004 1198 1040 cla-

78 1069 202 1118 disque
237 1074 452 1118 emergentes
482 1080 654 1117 parem-us
681 1067 784 1117 nefas
798 1069 820 1105 ,9
854 1069 982 1105 Urbem
1010 1070 1199 1117 auspicato

74 1135 364 1183 inauguratoque
391 1134 575 1170 conditam
603 1133 792 1170 habemus:
819 1134 940 1171 nullus
967 1134 1065 1170 locus
1090 1134 1130 1169 in
1155 1145 1199 1169 ea

74 1209 146 1234 non
171 1198 384 1246 religionum
405 1197 640 1245 Deorumque
665 1201 716 1233 est
742 1198 892 1246 plenus:
918 1198 1103 1247 sacrificiis
1124 1198 1198 1233 sol-

79 1262 249 1300 lemnibus
270 1275 343 1299 non
365 1262 438 1299 dies
461 1263 576 1310 magis
596 1264 696 1305 stati,
718 1273 827 1310 quam
847 1263 926 1298 loca
943 1267 1039 1305 sunt,
1060 1263 1098 1297 in
1115 1262 1199 1310 qui-

77 1327 139 1364 bus
143 1328 257 1377 fiant.
301 1328 381 1364 Hos
399 1339 517 1364 omnes
535 1327 648 1369 Deos,
665 1327 827 1376 publicos
839 1329 1085 1376 privatosque,
1108 1327 1198 1367 Qui-

75 1393 174 1435 rites,
200 1393 372 1428 deserturi
396 1394 511 1429 estis?
541 1392 659 1433 Quam
681 1404 755 1440 par
781 1397 936 1428 vestrum
952 1390 1103 1440 factum
1131 1395 1197 1433 est,

76 1458 172 1505 quod
198 1458 236 1493 in
264 1457 442 1493 obsidione
466 1468 581 1504 nuper
606 1457 643 1492 in
667 1458 808 1504 egregio
827 1456 1048 1493 adolescente
1067 1455 1106 1491 C.
1126 1455 1199 1491 Fa·
1239 1480 1245 1485 s

77 1520 146 1564 bio,
179 1533 250 1557 non
279 1522 416 1557 minore
449 1522 604 1558 hostium
637 1522 888 1564 admiratione,
924 1532 1034 1569 quam
1065 1524 1197 1563 vestra,

77 1589 302 1633 conspectum
319 1590 397 1629 est,-
428 1598 536 1634 quum
559 1587 653 1622 inter
677 1586 823 1622 Gallica
848 1586 920 1621 tela
947 1586 1129 1632 degressus
1156 1594 1202 1619 ex

78 1660 161 1684 arce
175 1649 343 1685 sollemne
359 1649 476 1685 Fabiae
490 1651 607 1696 gentis
621 1651 658 1685 in
677 1650 768 1685 colle
785 1650 969 1691 Quirinali
987 1649 1074 1684 obiit
1089 1650 1112 1684 ,9
1137 1647 1200 1683 An

75 1713 263 1761 gentilicia
287 1724 392 1749 sacra
416 1725 460 1749 ne
485 1715 523 1749 in
547 1713 637 1749 bello
662 1715 807 1761 quidem
829 1714 1034 1755 intermitti,
1050 1711 1200 1760 publica

76 1789 181 1814 sacra
205 1781 242 1813 et
258 1777 442 1814 Romanos
460 1778 561 1814 Deos
588 1779 698 1814 etiam
724 1779 763 1814 in
786 1790 877 1827 pace
906 1778 1018 1813 deseri
1041 1776 1199 1824 placet?

78 1845 114 1878 et
139 1842 322 1890 pontifices
335 1842 575 1892 flaminesque
598 1842 870 1890 negligentiores
890 1841 1119 1890 publicarum
1138 1851 1197 1875 re-

79 1906 251 1953 ligionum
270 1917 352 1948 esse,
373 1917 477 1953 quam
495 1907 659 1953 privatus
677 1906 714 1942 in
731 1906 892 1942 sollemni
910 1906 1026 1953 gentis
1041 1903 1163 1953 fuerit
1177 1904 1200 1940 ,9

78 1971 244 2007 Forsitan
271 1972 401 2018 aliquis
429 1972 540 2012 dicat,
568 1975 632 2006 aut
655 1969 748 2006 Veiis
775 1983 818 2006 ea
845 1982 908 2006 nos
925 1968 1110 2019 facturos,
1133 1973 1200 2004 aut

80 2034 149 2070 huc
165 2035 250 2071 inde
266 2037 432 2071 missuros
448 2036 647 2071 sacerdotes
663 2040 812 2078 nostros,
832 2036 892 2083 qui
909 2034 1082 2083 faciant:
1109 2044 1198 2081 quo-

81 2110 161 2135 rum
187 2103 352 2152 neutrum
366 2099 456 2148 fieri
471 2100 580 2135 salvis
604 2101 808 2136 ceremoniis
830 2103 974 2147 potest:
1001 2101 1037 2133 et
1059 2108 1104 2132 ne
1121 2108 1198 2132 om-

82 2162 146 2197 nia
178 2164 375 2210 generatim
402 2175 506 2199 sacra
534 2175 719 2212 omnesque
745 2174 968 2212 percenseam
996 2162 1098 2197 Deos
1111 2177 1125 2203 ,·
1161 2162 1202 2196 in

82 2225 184 2262 Jovis
202 2227 305 2274 epulo
323 2239 409 2263 num
427 2228 526 2271 alibi,
546 2240 654 2276 quam
672 2228 709 2264 in
723 2228 916 2277 Capitolio,
933 2226 1106 2275 pulvinar
1121 2236 1200 2260 sus-

84 2290 155 2339 cipi
180 2294 296 2339 potest
314 2292 334 2327 P
363 2291 461 2334 Quid
489 2292 533 2329 de
558 2293 699 2330 ceternis
721 2292 832 2329 Vestce
859 2290 995 2341 ignibus
1018 2291 1200 2340 signoque,
