1573 2598
170 299 212 329 U.
224 299 258 329 C.
277 308 350 333 334.

165 342 206 373 A.
223 343 260 373 C.
277 352 350 376 418.

361 195 451 255 3'12'
817 198 1020 245 'ri'mv'x'r
1072 208 1077 226 ²
1128 206 1139 220 '·

364 302 463 338 haud
484 296 622 350 magno
643 301 806 338 consulis
828 303 984 339 decore:
1017 303 1144 353 itaque
1169 307 1378 357 triumphus
1407 324 1470 347 ne-

362 376 485 417 gatur.
544 368 721 404 Ceterum
756 368 805 404 ob
840 369 1123 424 Sempronianae
1160 369 1274 406 cladis
1311 371 1472 411 levatam

359 433 624 481 ignominiam,
657 438 699 467 ut
735 445 850 468 ovans
883 433 1014 469 urbem
1049 434 1220 477 intraret,
1251 448 1472 474 concessum

358 502 427 534 est.
484 497 812 536 Quemadmodum
839 496 979 533 bellum
1009 498 1168 541 minore,
1193 508 1305 548 quam
1333 501 1472 538 timue-

358 568 457 604 rant,
492 562 735 612 dimicatione
771 567 851 597 erat
882 561 1105 611 perfectum,
1140 563 1193 598 sic
1226 565 1266 600 in
1298 564 1390 601 urbe
1423 576 1474 603 ex‘

345 624 562 674 'tranquillo
582 625 811 675 necopinata
829 624 946 661 moles
967 626 1236 663 discordiarum
1262 628 1361 664 inter
1388 629 1471 680 ple-·

132 823 329 865 ‘Duplicatus

137 877 332 908 quaestorum

138 921 304 945 numerus.

356 688 443 725 bem
481 703 524 726 ac
560 689 691 725 Patres
725 695 858 725 exorta
893 696 963 732 est,
995 697 1120 739 coepta
1157 690 1203 727 ab
1241 692 1472 742 duplicando'

356 760 586 803 quaestorum
614 767 795 790 numero:
839 766 950 803 quam
979 767 1071 796 rem,
1106 756 1178 803 (ut,
1208 762 1345 806 praeter
1372 758 1472 794 dnos-

356 804 520 854 urbanos
559 823 779 866 quaestoreS,
812 817 887 853 duo
924 817 1141 854 consulibus
1175 819 1221 855 ad
1256 814 1466 858 ministeria

353 880 441 918 belli
472 888 610 931 praesto
640 882 782 928 essent)
814 894 836 917 a
862 881 1078 917 consulibus
1102 881 1272 925 relatam,
1293 897 1405 933 quum
1428 891 1467 921 et

350 946 484 983 Patres
504 958 650 981 summa
669 957 740 995 ope
767 945 1052 995 adprobassent,
1074 946 1290 983 consulibus
1321 948 1464 986 tribuni

350 1009 470 1061 plebis
491 1015 681 1045 certamen
701 1007 922 1052 intulerunt,
944 1014 986 1044 ut
1005 1021 1089 1058 pars
1110 1001 1338 1058 quaestorum
1358 1014 1463 1060 (nam

349 1075 397 1111 ad
417 1075 454 1111 id
478 1081 625 1124 tempus
654 1074 803 1123 patricii
832 1073 948 1109 creati
977 1074 1100 1120 erant)
1133 1086 1179 1110 ex
1207 1074 1317 1124 plebe
1345 1074 1462 1114 fieretss

348 1126 538 1175 Adversus
568 1151 680 1186 qnam
709 1137 898 1173 actionem
921 1136 1044 1186 primo
1064 1143 1100 1173 et
1124 1137 1295 1174 consules
1323 1146 1360 1175 et
1388 1140 1461 1177 Pa-

348 1209 423 1239 trcs
444 1216 589 1238 summa
609 1215 681 1251 ope
700 1201 821 1237 adnisi
841 1208 946 1236 sunt:
979 1201 1221 1238 concedendo
1237 1203 1385 1246 deinde,
1403 1210 1458 1247 ut,

347 1266 664 1316 quemadmodum
686 1267 725 1301 in
751 1264 912 1301 tribunis
942 1264 1129 1300 consulari
1159 1272 1349 1315 potestate
1379 1281 1461 1304 crc-

347 1331 452 1367 andis
474 1331 530 1366 usi
551 1336 652 1373 sunt,¹
673 1330 827 1378 adaeque
850 1329 888 1364 in
912 1328 1161 1378 quaestoribus
1181 1328 1341 1366 liberum
1361 1336 1460 1368 esset

346 1394 543 1430 arbitrium
580 1392 727 1443 populi,
759 1405 874 1442 quum
902 1404 1034 1442 parum
1066 1392 1305 1442 proficerent,
1336 1391 1458 1432 totam

344 1470 423 1493 rem
444 1458 488 1493 de
508 1456 682 1505 augendo
701 1460 931 1505 quaestorum
950 1468 1108 1491 numero
1128 1457 1321 1495 omittunt.
1377 1458 1461 1496 Exss

343 1517 490 1573 'cipiunt
510 1523 687 1557 omissam
705 1520 863 1562 tribuni,
884 1519 1040 1568 aliaeque
1059 1520 1231 1563 subinde,
1248 1522 1347 1558 inter
1365 1536 1456 1572 quas

344 1593 381 1623 et
411 1586 566 1635 agrariae
586 1584 694 1633 legis,
716 1584 902 1620 seditiosae
924 1584 1091 1619 actiones
1112 1585 1316 1622 exsistunt:
1340 1599 1454 1638 prop-

341 1658 399 1688 ter
427 1663 520 1700 quos
549 1656 675 1685 motus
705 1661 818 1697 quum
849 1654 999 1684 senatus
1029 1648 1216 1691 consules,
1244 1652 1356 1698 quam
1386 1653 1453 1688 tria

339 1715 478 1758 bunos,
496 1703 614 1750 creari
632 1711 774 1755 mallet,
791 1724 912 1760 neque
932 1718 1061 1761 posset
1079 1725 1145 1762 per
1165 1713 1451 1752 intercessiones

340 1779 561 1816 tribunicias
609 1774 977 1813 senatusconsultum
1023 1775 1103 1811 fieri
1120 1792 1129 1821 3
1175 1777 1387 1827 respublica
1429 1792 1451 1815 a

337 1842 557 1881 consulibus
591 1842 636 1878 ad
668 1842 940 1889 interregnum,
970 1852 1092 1889 neque
1126 1841 1161 1877 id
1190 1841 1312 1891 ipsum
1345 1844 1448 1889 (nain

337 1906 438 1945 coire
467 1908 645 1958 patricios
671 1906 814 1942 tribuni
842 1905 1112 1956 prohibebant)
1135 1907 1216 1942 sine
1245 1909 1448 1945 certamine

336 1973 498 2022 ingenti,
519 1972 626 2008 redit.
683 1972 811 2011 Quum
836 1984 921 2021 pars
947 1971 1069 2021 major
1097 1972 1327 2020 insequentis
1357 1975 1447 2011 anni

335 2051 402 2089 per
420 2049 538 2074 novos
559 2036 731 2073 tribunos
749 2035 848 2086 plebi
869 2043 906 2072 et
925 2035 1070 2085 aliquot
1093 2036 1297 2085 interreges
1325 2044 1446 2074 certa·

335 2100 500 2138 minibus
521 2105 690 2136 extracta
709 2106 819 2142 esset,
840 2099 954 2135 modo
974 2099 1261 2149 prohibentibus
1281 2096 1442 2138 tribunis

333 2165 513 2218 patricios
535 2165 635 2200 coire
660 2164 706 2199 ad
728 2163 961 2213 prodendum
986 2160 1226 2212 interregem,
1247 2165 1361 2202 modo
1387 2167 1445 2203 in·-

334 2237 521 2278 terregem
552 2226 893 2278 inter-pellantibuS‚
923 2239 971 2263 ne
1000 2228 1368 2265 senatusconsultum
1397 2226 1443 2267 de*

329 2292 496 2330 'comitiis
517 2291 776 2329 consularibus
797 2292 938 2329 faceret
950 2308 961 2338 5
992 2299 1185 2342 postremo
1205 2292 1250 2330 L.
1268 2293 1440 2344 Papirius·

330 2346 580 2407 MugillanuS,
601 2356 770 2408 proditus
792 2357 970 2401 interrex,
991 2357 1212 2406 castigando
1236 2365 1338 2394 nunc
1365 2358 1439 2396 Pan-²

1519 2163 1540 2200 m
1527 2125 1533 2132 -
