1573 2598
315 197 469 226 LIBER
495 197 552 226 11.
584 197 691 226 CAP.
716 197 882 226 XXVII.
1097 199 1172 242 119

57 282 130 320 suli
158 284 290 322 ordine
318 284 464 328 Patres,
493 297 564 321 nec
600 291 776 334 pacatum
813 297 1035 334 responsum
1068 299 1171 324 arma
1187 297 1227 326 U.
1246 297 1282 328 C.
1302 305 1375 331 259.

59 347 308 385 inferentibus
330 362 432 385 arma
451 349 522 398 ipsi
543 349 733 398 capientes
754 348 842 384 dare
862 356 1029 398 possent.
1086 351 1173 386 Ari-
1188 344 1226 371 A.
1243 342 1280 372 C·
1298 347 1372 375 493.

61 413 156 448 ciam
194 413 332 450 infesto
369 413 520 462 agmine
549 412 649 448 itur:
690 425 760 448 nec
797 413 930 463 procul
965 414 1052 450 inde
1090 427 1176 451 cum

61 477 248 514 Auruncis
286 479 394 526 signa
435 476 601 520 conlata,
646 477 858 527 proelioque
896 491 973 514 uno
1010 477 1177 515 debella-

61 548 143 578 tum
162 549 230 578 est.

116 604 290 641 XXVII.
319 604 351 640 F
354 604 428 639 usis
447 604 651 646 Auruncis,
672 604 794 640 victor
821 610 880 640 tot
909 605 1009 641 intra
1037 619 1178 656 paucos
1191 611 1310 642 Turbae
1325 610 1366 641 ob

61 668 141 705 dies
160 668 267 705 bellis
287 668 484 704 Romanus
509 669 695 718 promissa
715 668 880 705 consulis
908 669 1094 719 fidemque
1123 683 1180 706 se-
1193 664 1396 729 ἓξὲἕέςὲῐήῑ.

62 726 173 769 natus
203 732 473 783 exspectabat:
506 745 621 781 quum
647 732 808 782 AppiuS,
840 739 878 768 et
907 733 1022 769 insita
1051 747 1181 785 super-

61 796 127 834 bia
146 797 287 839 animo,
307 803 347 833 et
365 804 408 833 ut
427 796 582 846 collegae
601 809 738 833 vanam
760 796 903 833 faceret
923 797 1048 841 fidem,
1071 811 1184 847 quam

65 861 267 912 asperrime
296 868 461 913 poterat,
481 861 546 912 jus
576 862 621 898 de
651 862 801 898 creditis
832 863 1001 912 pecuniis
1031 859 1182 900 dicere:

66 926 240 978 deinceps
261 934 312 970 et,
333 928 398 977 qui
417 933 505 964 ante
527 928 615 963 nexi
644 926 809 970 fuerant,
831 927 1081 964 creditoribus
1107 935 1186 966 tra-

66 989 267 1034 debantur,
288 998 327 1028 et
344 991 596 1028 nectebantur
615 990 692 1026 alii.
748 990 864 1029 Quod
893 990 958 1026 ubi
985 992 1045 1027 cui
1074 992 1188 1028 militi

69 1055 268 1099 inciderat,
299 1056 486 1105 collegam
515 1054 757 1106 adpellabat:
791 1068 995 1091 concursus
1025 1056 1072 1092 ad
1101 1056 1188 1093 Ser·

67 1119 199 1156 vilium
228 1120 356 1164 fiebat,
386 1120 485 1156 illius
515 1121 702 1170 promissa
723 1118 939 1170 jactabant,
970 1120 1026 1156 illi
1051 1134 1189 1172 expro-

68 1183 233 1221 brabant
261 1198 329 1221 sua
357 1186 514 1234 quisque
543 1184 634 1221 belli
664 1184 799 1220 merita
828 1185 1098 1234 cicatricesque
1127 1199 1188 1222 ac·

68 1254 218 1299 ceptas:
244 1248 505 1299 postulabant,
526 1255 569 1284 ut
588 1254 654 1284 aut
673 1247 832 1284 referret
851 1248 898 1284 ad
918 1255 1105 1292 senatum,
1124 1256 1191 1285 aut

15 1297 19 1303 .
67 1318 112 1349 ut
136 1312 279 1350 auxilio
308 1320 407 1349 esset
433 1312 566 1350 consul
586 1312 730 1348 civibus
751 1312 842 1355 suis,
862 1313 1070 1363 imperator
1089 1314 1188 1350 mili-

69 1376 185 1415 tibus.
240 1377 454 1415 Movebant
485 1377 681 1414 consulem
708 1378 790 1413 haec
806 1393 816 1423 3
857 1377 921 1414 sed
949 1379 1192 1427 tergiversari

71 1454 129 1478 res
149 1441 334 1492 cogebat:
367 1443 462 1479 adeo
487 1443 526 1479 in
560 1441 718 1478 alteram
744 1454 916 1478 caussam
938 1454 1017 1478 non
1043 1442 1193 1493 collega

73 1506 196 1543 solum
228 1520 393 1558 praeceps
422 1508 532 1551 ierat,
572 1507 636 1543 sed
673 1507 796 1543 omnis
835 1506 953 1544 factio
990 1507 1190 1545 nobilium.

73 1570 148 1616 Ita,
175 1573 340 1609 medium
367 1585 406 1609 se
432 1573 614 1622 gerend0,
644 1585 714 1608 nec
743 1571 864 1623 plebis
884 1572 1018 1608 vitavit
1047 1572 1191 1617 odium,

73 1649 144 1673 nec
163 1638 263 1688 apud
281 1637 413 1674 Patres
434 1638 597 1687 gratiam
616 1637 714 1673 iniit.
770 1636 903 1673 Patres
925 1636 1080 1673 mollem
1101 1651 1193 1674 con-

75 1700 195 1738 sulem
214 1709 252 1738 et
277 1702 522 1739 ambitiosum
547 1703 620 1739 rati
634 1719 644 1748 3
676 1701 805 1752 plebes
835 1701 1036 1738 fallacem:
1068 1701 1194 1739 brevi-

75 1778 149 1816 que
168 1766 356 1817 adparuit,
377 1780 542 1816 aequasse
562 1780 649 1803 eum
667 1767 784 1816 Appii
803 1766 945 1802 odium.
991 1766 1195 1803 Certamen

77 1830 295 1868 consulibus
320 1831 519 1875 inciderat,
538 1837 623 1867 uter
647 1831 838 1867 dedicaret
856 1830 1038 1867 Mercurii
1065 1831 1197 1867 aedem.

78 1896 239 1934 Senatus
261 1910 284 1933 a
309 1910 349 1933 se
374 1909 453 1933 rem
483 1896 530 1933 ad
558 1895 742 1946 populum
770 1894 927 1945 rejecit:
960 1895 1036 1931 utri
1065 1890 1197 1932 eorum

78 1960 266 1999 dedicatio
287 1960 400 2012 jussu
427 1960 559 2012 populi
588 1961 677 1997 data
695 1966 808 2003 esset,
830 1973 915 1996 eum
944 1972 1104 2010 praeesse
1127 1973 1198 1996 an-

77 2038 204 2069 nonae,
222 2031 492 2062 .mercatorum
521 2023 726 2073 collegium
754 2023 967 2066 instituere,
998 2023 1198 2060 sollemnia

79 2103 150 2142 pro
180 2089 360 2141 pontifice
383 2089 500 2141 jussit
529 2090 730 2139 suscipere.
787 2088 954 2138 Populus
989 2089 1198 2125 dedicatio-

81 2166 169 2192 nem
199 2153 286 2191 aedis
316 2154 382 2191 dat
411 2154 470 2190 M.
495 2153 681 2196 Laetorio,
712 2153 824 2203 primi
856 2152 924 2202 pili
954 2153 1194 2188 centurioni:

83 2219 186 2269 quod
203 2218 314 2255 facile
331 2218 540 2268 adpareret,
560 2230 641 2254 non
658 2223 738 2254 tam
757 2219 805 2254 ad
824 2217 1010 2253 honorem
1025 2215 1120 2266 ejus,
1137 2217 1198 2253 cuj

83 2284 256 2320 curatioa
273 2282 362 2320 ltior
385 2283 542 2333 fastigio
567 2296 636 2320 suo
658 2282 747 2319 data
772 2288 884 2326 esset,
906 2282 1064 2324 factum,
1085 2294 1198 2330 quam

84 2347 131 2385 ad
150 2345 348 2385 consulum
373 2347 634 2397 ignominiam.
692 2347 830 2385 Saevire
848 2346 937 2384 inde
955 2347 1086 2397 utique
1106 2358 1198 2383 con·
