<?xml version="1.0" encoding="UTF-8"?>
<!DOCTYPE html PUBLIC "-//W3C//DTD XHTML 1.0 Transitional//EN"
    "http://www.w3.org/TR/xhtml1/DTD/xhtml1-transitional.dtd">
<html xmlns="http://www.w3.org/1999/xhtml" xml:lang="en" lang="en">
 <head>
  <title>
</title>
<meta http-equiv="Content-Type" content="text/html;charset=utf-8" />
  <meta name='ocr-system' content='tesseract 3.04.00' />
  <meta name='ocr-capabilities' content='ocr_page ocr_carea ocr_par ocr_line ocrx_word'/>
</head>
<body>
  <div class='ocr_page' id='page_1' title='image "./historiarumquaes01livyuoft/historiarumquaes01livyuoft_0089.png"; bbox 0 0 1573 2598; ppageno 0'>
   <div class='ocr_carea' id='block_1_1' title="bbox 424 163 1235 209">
    <p class='ocr_par' dir='ltr' id='par_1_1' title="bbox 424 163 1235 209">
     <span class='ocr_line' id='line_1_1' title="bbox 424 163 1235 209; baseline -0.005 -11"><span class='ocrx_word' id='word_1_1' title='bbox 424 169 577 198; x_wconf 81' lang='lat' dir='ltr'>LIBER</span> <span class='ocrx_word' id='word_1_2' title='bbox 600 169 633 196; x_wconf 89' lang='lat'>1.</span> <span class='ocrx_word' id='word_1_3' title='bbox 666 167 773 196; x_wconf 81' lang='lat' dir='ltr'><strong>cAP.</strong></span> <span class='ocrx_word' id='word_1_4' title='bbox 800 167 925 196; x_wconf 80' lang='lat' dir='ltr'>LVII·</span> <span class='ocrx_word' id='word_1_5' title='bbox 1178 163 1235 209; x_wconf 82' lang='lat'>79</span> 
     </span>
    </p>
   </div>
   <div class='ocr_carea' id='block_1_2' title="bbox 115 254 1454 2356">
    <p class='ocr_par' dir='ltr' id='par_1_2' title="bbox 115 254 1236 819">
     <span class='ocr_line' id='line_1_2' title="bbox 118 254 1232 304; baseline -0.005 -9"><span class='ocrx_word' id='word_1_6' title='bbox 118 270 188 295; x_wconf 80' lang='lat' dir='ltr'>moe</span> <span class='ocrx_word' id='word_1_7' title='bbox 215 257 365 294; x_wconf 85' lang='lat' dir='ltr'>relictus</span> <span class='ocrx_word' id='word_1_8' title='bbox 385 256 521 298; x_wconf 85' lang='lat' dir='ltr'>fuerat,</span> <span class='ocrx_word' id='word_1_9' title='bbox 541 255 693 303; x_wconf 80' lang='lat' dir='ltr'>ignarus</span> <span class='ocrx_word' id='word_1_10' title='bbox 723 255 894 304; x_wconf 82' lang='lat' dir='ltr'>responsi</span> <span class='ocrx_word' id='word_1_11' title='bbox 925 266 1132 304; x_wconf 84' lang='lat' dir='ltr'>expersque</span> <span class='ocrx_word' id='word_1_12' title='bbox 1160 254 1232 290; x_wconf 77' lang='lat' dir='ltr'>im-</span> 
     </span>
     <span class='ocr_line' id='line_1_3' title="bbox 119 317 1232 372; baseline -0.005 -14"><span class='ocrx_word' id='word_1_13' title='bbox 119 323 212 372; x_wconf 86' lang='lat' dir='ltr'>perii</span> <span class='ocrx_word' id='word_1_14' title='bbox 234 327 344 364; x_wconf 86' lang='lat' dir='ltr'>esset,</span> <span class='ocrx_word' id='word_1_15' title='bbox 365 333 443 356; x_wconf 89' lang='lat' dir='ltr'>rem</span> <span class='ocrx_word' id='word_1_16' title='bbox 470 331 615 355; x_wconf 86' lang='lat' dir='ltr'>summa</span> <span class='ocrx_word' id='word_1_17' title='bbox 634 331 706 368; x_wconf 92' lang='lat' dir='ltr'>ope</span> <span class='ocrx_word' id='word_1_18' title='bbox 736 320 851 354; x_wconf 84' lang='lat' dir='ltr'>taceri</span> <span class='ocrx_word' id='word_1_19' title='bbox 874 317 1040 368; x_wconf 77' lang='lat' dir='ltr'>jubent3</span> <span class='ocrx_word' id='word_1_20' title='bbox 1072 317 1145 368; x_wconf 90' lang='lat' dir='ltr'>ipsi</span> <span class='ocrx_word' id='word_1_21' title='bbox 1173 317 1232 353; x_wconf 90' lang='lat' dir='ltr'>in-</span> 
     </span>
     <span class='ocr_line' id='line_1_4' title="bbox 115 379 1233 433; baseline -0.005 -11"><span class='ocrx_word' id='word_1_22' title='bbox 115 392 174 421; x_wconf 75' lang='lat' dir='ltr'>tex·</span> <span class='ocrx_word' id='word_1_23' title='bbox 203 398 256 428; x_wconf 87' lang='lat' dir='ltr'>se,</span> <span class='ocrx_word' id='word_1_24' title='bbox 287 391 369 421; x_wconf 84' lang='lat' dir='ltr'>uter</span> <span class='ocrx_word' id='word_1_25' title='bbox 397 383 512 433; x_wconf 87' lang='lat' dir='ltr'>prior,</span> <span class='ocrx_word' id='word_1_26' title='bbox 542 395 657 431; x_wconf 89' lang='lat' dir='ltr'>quum</span> <span class='ocrx_word' id='word_1_27' title='bbox 689 381 854 418; x_wconf 85' lang='lat' dir='ltr'><strong>Romam</strong></span> <span class='ocrx_word' id='word_1_28' title='bbox 888 381 1085 424; x_wconf 82' lang='lat' dir='ltr'>redissent,</span> <span class='ocrx_word' id='word_1_29' title='bbox 1119 379 1233 416; x_wconf 80' lang='lat' dir='ltr'>matri</span> 
     </span>
     <span class='ocr_line' id='line_1_5' title="bbox 119 444 1231 496; baseline -0.005 -10"><span class='ocrx_word' id='word_1_30' title='bbox 119 449 290 486; x_wconf 85' lang='lat' dir='ltr'>osculum</span> <span class='ocrx_word' id='word_1_31' title='bbox 317 448 435 489; x_wconf 83' lang='lat' dir='ltr'>daret,</span> <span class='ocrx_word' id='word_1_32' title='bbox 463 447 555 482; x_wconf 88' lang='lat' dir='ltr'>sorti</span> <span class='ocrx_word' id='word_1_33' title='bbox 584 447 821 496; x_wconf 85' lang='lat' dir='ltr'>permittunt.</span> <span class='ocrx_word' id='word_1_34' title='bbox 876 446 1034 488; x_wconf 86' lang='lat' dir='ltr'>Brutus,</span> <span class='ocrx_word' id='word_1_35' title='bbox 1066 444 1141 481; x_wconf 84' lang='lat' dir='ltr'>alio</span> <span class='ocrx_word' id='word_1_36' title='bbox 1171 456 1231 479; x_wconf 89' lang='lat' dir='ltr'>ra-</span> 
     </span>
     <span class='ocr_line' id='line_1_6' title="bbox 117 508 1232 563; baseline -0.005 -13"><span class='ocrx_word' id='word_1_37' title='bbox 117 519 178 549; x_wconf 87' lang='lat' dir='ltr'>tus</span> <span class='ocrx_word' id='word_1_38' title='bbox 198 519 366 563; x_wconf 85' lang='lat' dir='ltr'>spectare</span> <span class='ocrx_word' id='word_1_39' title='bbox 385 512 584 561; x_wconf 85' lang='lat' dir='ltr'>Pythicam</span> <span class='ocrx_word' id='word_1_40' title='bbox 601 523 747 554; x_wconf 86' lang='lat' dir='ltr'>vocem,</span> <span class='ocrx_word' id='word_1_41' title='bbox 767 509 870 546; x_wconf 85' lang='lat' dir='ltr'>velut</span> <span class='ocrx_word' id='word_1_42' title='bbox 897 511 928 546; x_wconf 87' lang='lat' dir='ltr'>si</span> <span class='ocrx_word' id='word_1_43' title='bbox 954 508 1150 560; x_wconf 86' lang='lat' dir='ltr'>prolapsus</span> <span class='ocrx_word' id='word_1_44' title='bbox 1171 520 1232 544; x_wconf 81' lang='lat' dir='ltr'>ce-</span> 
     </span>
     <span class='ocr_line' id='line_1_7' title="bbox 120 573 1234 624; baseline -0.003 -11"><span class='ocrx_word' id='word_1_45' title='bbox 120 578 285 620; x_wconf 88' lang='lat' dir='ltr'>cidisset,</span> <span class='ocrx_word' id='word_1_46' title='bbox 314 583 454 612; x_wconf 84' lang='lat' dir='ltr'>terram</span> <span class='ocrx_word' id='word_1_47' title='bbox 481 575 612 612; x_wconf 89' lang='lat' dir='ltr'>osculo</span> <span class='ocrx_word' id='word_1_48' title='bbox 642 577 827 624; x_wconf 79' lang='lat' dir='ltr'>contigit:</span> <span class='ocrx_word' id='word_1_49' title='bbox 869 575 1026 617; x_wconf 86' lang='lat' dir='ltr'>scilicet,</span> <span class='ocrx_word' id='word_1_50' title='bbox 1057 573 1160 624; x_wconf 89' lang='lat' dir='ltr'>quod</span> <span class='ocrx_word' id='word_1_51' title='bbox 1188 586 1234 610; x_wconf 80' lang='lat' dir='ltr'>ea</span> 
     </span>
     <span class='ocr_line' id='line_1_8' title="bbox 120 637 1234 678; baseline -0.003 -2"><span class='ocrx_word' id='word_1_52' title='bbox 120 641 330 678; x_wconf 86' lang='lat' dir='ltr'>communis</span> <span class='ocrx_word' id='word_1_53' title='bbox 358 646 478 676; x_wconf 86' lang='lat' dir='ltr'>mater</span> <span class='ocrx_word' id='word_1_54' title='bbox 507 640 677 676; x_wconf 86' lang='lat' dir='ltr'>omnium</span> <span class='ocrx_word' id='word_1_55' title='bbox 704 639 922 676; x_wconf 85' lang='lat' dir='ltr'>mortalium</span> <span class='ocrx_word' id='word_1_56' title='bbox 950 645 1059 675; x_wconf 85' lang='lat' dir='ltr'>esset.</span> <span class='ocrx_word' id='word_1_57' title='bbox 1115 637 1234 674; x_wconf 84' lang='lat' dir='ltr'>Redi-</span> 
     </span>
     <span class='ocr_line' id='line_1_9' title="bbox 120 701 1236 747; baseline -0.004 -6"><span class='ocrx_word' id='word_1_58' title='bbox 120 711 202 741; x_wconf 85' lang='lat' dir='ltr'>tum</span> <span class='ocrx_word' id='word_1_59' title='bbox 238 705 325 741; x_wconf 86' lang='lat' dir='ltr'>inde</span> <span class='ocrx_word' id='word_1_60' title='bbox 356 703 536 747; x_wconf 86' lang='lat' dir='ltr'>Romam,</span> <span class='ocrx_word' id='word_1_61' title='bbox 576 704 641 740; x_wconf 90' lang='lat' dir='ltr'>ubi</span> <span class='ocrx_word' id='word_1_62' title='bbox 678 705 853 740; x_wconf 76' lang='lat' dir='ltr'>adversus</span> <span class='ocrx_word' id='word_1_63' title='bbox 890 702 1056 740; x_wconf 87' lang='lat' dir='ltr'>Rutulos</span> <span class='ocrx_word' id='word_1_64' title='bbox 1092 701 1236 738; x_wconf 77' lang='lat' dir='ltr'>bellum</span> 
     </span>
     <span class='ocr_line' id='line_1_10' title="bbox 122 769 558 819; baseline 0 -13"><span class='ocrx_word' id='word_1_65' title='bbox 122 782 267 806; x_wconf 82' lang='lat' dir='ltr'>summa</span> <span class='ocrx_word' id='word_1_66' title='bbox 286 770 321 805; x_wconf 89' lang='lat' dir='ltr'>vi</span> <span class='ocrx_word' id='word_1_67' title='bbox 342 769 558 819; x_wconf 83' lang='lat' dir='ltr'>parabatur.</span> 
     </span>
    </p>

    <p class='ocr_par' dir='ltr' id='par_1_3' title="bbox 119 831 1409 1459">
     <span class='ocr_line' id='line_1_11' title="bbox 171 831 1376 881; baseline -0.002 -12"><span class='ocrx_word' id='word_1_68' title='bbox 171 833 297 870; x_wconf 81' lang='lat' dir='ltr'>LVII.</span> <span class='ocrx_word' id='word_1_69' title='bbox 329 833 494 869; x_wconf 86' lang='lat' dir='ltr'>Ardeam</span> <span class='ocrx_word' id='word_1_70' title='bbox 516 832 653 869; x_wconf 86' lang='lat' dir='ltr'>Rutuli</span> <span class='ocrx_word' id='word_1_71' title='bbox 681 832 888 876; x_wconf 84' lang='lat' dir='ltr'>habebant,</span> <span class='ocrx_word' id='word_1_72' title='bbox 916 844 1022 881; x_wconf 85' lang='lat' dir='ltr'>gens,</span> <span class='ocrx_word' id='word_1_73' title='bbox 1053 836 1094 867; x_wconf 89' lang='lat' dir='ltr'>ut</span> <span class='ocrx_word' id='word_1_74' title='bbox 1122 831 1162 866; x_wconf 89' lang='lat' dir='ltr'>in</span> <span class='ocrx_word' id='word_1_75' title='bbox 1191 842 1236 866; x_wconf 85' lang='lat' dir='ltr'>ea</span> <span class='ocrx_word' id='word_1_76' title='bbox 1249 834 1376 866; x_wconf 84' lang='lat' dir='ltr'>Bellum</span> 
     </span>
     <span class='ocr_line' id='line_1_12' title="bbox 119 879 1409 954; baseline -0.003 -21"><span class='ocrx_word' id='word_1_77' title='bbox 119 898 274 946; x_wconf 81' lang='lat' dir='ltr'>regione</span> <span class='ocrx_word' id='word_1_78' title='bbox 299 903 412 946; x_wconf 82' lang='lat' dir='ltr'>atque</span> <span class='ocrx_word' id='word_1_79' title='bbox 442 897 480 932; x_wconf 89' lang='lat' dir='ltr'>in</span> <span class='ocrx_word' id='word_1_80' title='bbox 510 910 554 933; x_wconf 88' lang='lat' dir='ltr'>ea</span> <span class='ocrx_word' id='word_1_81' title='bbox 579 903 703 939; x_wconf 81' lang='lat' dir='ltr'>aetate,</span> <span class='ocrx_word' id='word_1_82' title='bbox 725 897 863 932; x_wconf 88' lang='lat' dir='ltr'>divitiis</span> <span class='ocrx_word' id='word_1_83' title='bbox 890 894 1139 946; x_wconf 66' lang='lat' dir='ltr'>praepollens:</span> <span class='ocrx_word' id='word_1_84' title='bbox 1172 907 1234 930; x_wconf 86' lang='lat' dir='ltr'>ea-</span> <span class='ocrx_word' id='word_1_85' title='bbox 1248 879 1409 954; x_wconf 51' lang='lat' dir='ltr'>{ffi‘gRu‘</span> 
     </span>
     <span class='ocr_line' id='line_1_13' title="bbox 122 960 1236 1011; baseline -0.003 -14"><span class='ocrx_word' id='word_1_86' title='bbox 122 974 194 1011; x_wconf 87' lang='lat' dir='ltr'>que</span> <span class='ocrx_word' id='word_1_87' title='bbox 218 962 300 1011; x_wconf 88' lang='lat' dir='ltr'>ipsa</span> <span class='ocrx_word' id='word_1_88' title='bbox 324 974 455 997; x_wconf 80' lang='lat' dir='ltr'><strong>caussa</strong></span> <span class='ocrx_word' id='word_1_89' title='bbox 479 961 569 997; x_wconf 85' lang='lat' dir='ltr'>belli</span> <span class='ocrx_word' id='word_1_90' title='bbox 596 961 684 1003; x_wconf 78' lang='lat' dir='ltr'>fuit,</span> <span class='ocrx_word' id='word_1_91' title='bbox 706 961 808 1010; x_wconf 90' lang='lat' dir='ltr'>quod</span> <span class='ocrx_word' id='word_1_92' title='bbox 835 973 902 997; x_wconf 81' lang='lat' dir='ltr'>rex</span> <span class='ocrx_word' id='word_1_93' title='bbox 926 960 1124 996; x_wconf 85' lang='lat' dir='ltr'>Romanus</span> <span class='ocrx_word' id='word_1_94' title='bbox 1153 964 1236 995; x_wconf 85' lang='lat' dir='ltr'>tum</span> 
     </span>
     <span class='ocr_line' id='line_1_14' title="bbox 121 1024 1236 1075; baseline -0.003 -14"><span class='ocrx_word' id='word_1_95' title='bbox 121 1026 201 1075; x_wconf 84' lang='lat' dir='ltr'>ipse</span> <span class='ocrx_word' id='word_1_96' title='bbox 221 1025 345 1067; x_wconf 84' lang='lat' dir='ltr'>ditari,</span> <span class='ocrx_word' id='word_1_97' title='bbox 366 1025 568 1060; x_wconf 76' lang='lat' dir='ltr'>exhaustus</span> <span class='ocrx_word' id='word_1_98' title='bbox 589 1025 871 1073; x_wconf 81' lang='lat' dir='ltr'>magnificentia</span> <span class='ocrx_word' id='word_1_99' title='bbox 886 1024 1125 1074; x_wconf 78' lang='lat' dir='ltr'>publicorum</span> <span class='ocrx_word' id='word_1_100' title='bbox 1143 1035 1236 1073; x_wconf 90' lang='lat' dir='ltr'>ope-</span> 
     </span>
     <span class='ocr_line' id='line_1_15' title="bbox 122 1087 1236 1139; baseline -0.003 -14"><span class='ocrx_word' id='word_1_101' title='bbox 122 1102 219 1133; x_wconf 82' lang='lat' dir='ltr'>rum,</span> <span class='ocrx_word' id='word_1_102' title='bbox 239 1096 320 1125; x_wconf 89' lang='lat' dir='ltr'>tum</span> <span class='ocrx_word' id='word_1_103' title='bbox 349 1089 474 1139; x_wconf 84' lang='lat' dir='ltr'>praeda</span> <span class='ocrx_word' id='word_1_104' title='bbox 499 1089 655 1125; x_wconf 85' lang='lat' dir='ltr'>delinire</span> <span class='ocrx_word' id='word_1_105' title='bbox 679 1089 918 1139; x_wconf 76' lang='lat' dir='ltr'>popularium</span> <span class='ocrx_word' id='word_1_106' title='bbox 942 1089 1088 1124; x_wconf 84' lang='lat' dir='ltr'>animos</span> <span class='ocrx_word' id='word_1_107' title='bbox 1109 1087 1236 1123; x_wconf 86' lang='lat' dir='ltr'>stude·</span> 
     </span>
     <span class='ocr_line' id='line_1_16' title="bbox 120 1153 1235 1206; baseline 0 -17"><span class='ocrx_word' id='word_1_108' title='bbox 120 1154 209 1199; x_wconf 80' lang='lat' dir='ltr'>bat3</span> <span class='ocrx_word' id='word_1_109' title='bbox 241 1161 377 1206; x_wconf 83' lang='lat' dir='ltr'>praeter</span> <span class='ocrx_word' id='word_1_110' title='bbox 405 1154 517 1190; x_wconf 85' lang='lat' dir='ltr'>aliam</span> <span class='ocrx_word' id='word_1_111' title='bbox 543 1155 757 1206; x_wconf 81' lang='lat' dir='ltr'>superbiam</span> <span class='ocrx_word' id='word_1_112' title='bbox 782 1167 901 1203; x_wconf 82' lang='lat' dir='ltr'>regno</span> <span class='ocrx_word' id='word_1_113' title='bbox 927 1154 1085 1189; x_wconf 87' lang='lat' dir='ltr'>infestos</span> <span class='ocrx_word' id='word_1_114' title='bbox 1106 1153 1235 1196; x_wconf 83' lang='lat' dir='ltr'>etiam,</span> 
     </span>
     <span class='ocr_line' id='line_1_17' title="bbox 121 1216 1239 1265; baseline -0.001 -13"><span class='ocrx_word' id='word_1_115' title='bbox 121 1217 224 1265; x_wconf 87' lang='lat' dir='ltr'>quod</span> <span class='ocrx_word' id='word_1_116' title='bbox 252 1229 291 1253; x_wconf 88' lang='lat' dir='ltr'>se</span> <span class='ocrx_word' id='word_1_117' title='bbox 324 1218 362 1253; x_wconf 90' lang='lat' dir='ltr'>in</span> <span class='ocrx_word' id='word_1_118' title='bbox 395 1217 590 1254; x_wconf 87' lang='lat' dir='ltr'>fabrorum</span> <span class='ocrx_word' id='word_1_119' title='bbox 618 1219 835 1254; x_wconf 87' lang='lat' dir='ltr'>ministeriis</span> <span class='ocrx_word' id='word_1_120' title='bbox 867 1230 911 1254; x_wconf 89' lang='lat' dir='ltr'>ac</span> <span class='ocrx_word' id='word_1_121' title='bbox 940 1216 1064 1253; x_wconf 87' lang='lat' dir='ltr'>servili</span> <span class='ocrx_word' id='word_1_122' title='bbox 1092 1217 1239 1252; x_wconf 87' lang='lat' dir='ltr'>tamdiu</span> 
     </span>
     <span class='ocr_line' id='line_1_18' title="bbox 120 1280 1237 1331; baseline -0.001 -15"><span class='ocrx_word' id='word_1_123' title='bbox 120 1280 271 1317; x_wconf 84' lang='lat' dir='ltr'>habitos</span> <span class='ocrx_word' id='word_1_124' title='bbox 295 1294 408 1331; x_wconf 84' lang='lat' dir='ltr'>opere</span> <span class='ocrx_word' id='word_1_125' title='bbox 433 1282 480 1318; x_wconf 87' lang='lat' dir='ltr'>ab</span> <span class='ocrx_word' id='word_1_126' title='bbox 507 1295 596 1331; x_wconf 86' lang='lat' dir='ltr'>rege</span> <span class='ocrx_word' id='word_1_127' title='bbox 622 1282 929 1331; x_wconf 79' lang='lat' dir='ltr'>indignabantur.</span> <span class='ocrx_word' id='word_1_128' title='bbox 984 1281 1149 1318; x_wconf 84' lang='lat' dir='ltr'>Tentata</span> <span class='ocrx_word' id='word_1_129' title='bbox 1177 1292 1237 1316; x_wconf 87' lang='lat' dir='ltr'>res</span> 
     </span>
     <span class='ocr_line' id='line_1_19' title="bbox 121 1344 1237 1396; baseline -0.002 -15"><span class='ocrx_word' id='word_1_130' title='bbox 121 1352 191 1388; x_wconf 87' lang='lat' dir='ltr'>est,</span> <span class='ocrx_word' id='word_1_131' title='bbox 212 1345 244 1380; x_wconf 91' lang='lat' dir='ltr'>si</span> <span class='ocrx_word' id='word_1_132' title='bbox 270 1345 392 1395; x_wconf 86' lang='lat' dir='ltr'>primo</span> <span class='ocrx_word' id='word_1_133' title='bbox 419 1345 551 1395; x_wconf 89' lang='lat' dir='ltr'>inpetu</span> <span class='ocrx_word' id='word_1_134' title='bbox 570 1347 653 1395; x_wconf 86' lang='lat' dir='ltr'>capi</span> <span class='ocrx_word' id='word_1_135' title='bbox 673 1346 800 1382; x_wconf 84' lang='lat' dir='ltr'>Ardea</span> <span class='ocrx_word' id='word_1_136' title='bbox 823 1351 977 1396; x_wconf 85' lang='lat' dir='ltr'>posset:</span> <span class='ocrx_word' id='word_1_137' title='bbox 1010 1344 1075 1381; x_wconf 91' lang='lat' dir='ltr'>ubi</span> <span class='ocrx_word' id='word_1_138' title='bbox 1103 1344 1140 1380; x_wconf 92' lang='lat' dir='ltr'>id</span> <span class='ocrx_word' id='word_1_139' title='bbox 1168 1356 1237 1394; x_wconf 86' lang='lat' dir='ltr'>pa-</span> 
     </span>
     <span class='ocr_line' id='line_1_20' title="bbox 120 1409 1237 1459; baseline -0.001 -15"><span class='ocrx_word' id='word_1_140' title='bbox 120 1422 203 1445; x_wconf 87' lang='lat' dir='ltr'>rum</span> <span class='ocrx_word' id='word_1_141' title='bbox 222 1410 417 1459; x_wconf 86' lang='lat' dir='ltr'>processit,</span> <span class='ocrx_word' id='word_1_142' title='bbox 435 1411 633 1446; x_wconf 86' lang='lat' dir='ltr'>obsidione</span> <span class='ocrx_word' id='word_1_143' title='bbox 651 1410 1002 1459; x_wconf 81' lang='lat' dir='ltr'>munitionibusque</span> <span class='ocrx_word' id='word_1_144' title='bbox 1017 1409 1134 1458; x_wconf 84' lang='lat' dir='ltr'>coepti</span> <span class='ocrx_word' id='word_1_145' title='bbox 1151 1420 1237 1458; x_wconf 84' lang='lat' dir='ltr'>pre-</span> 
     </span>
    </p>

    <p class='ocr_par' dir='ltr' id='par_1_4' title="bbox 119 1473 1238 1522">
     <span class='ocr_line' id='line_1_21' title="bbox 119 1473 1238 1522; baseline -0.001 -14"><span class='ocrx_word' id='word_1_146' title='bbox 119 1473 171 1509; x_wconf 89' lang='lat' dir='ltr'>mi</span> <span class='ocrx_word' id='word_1_147' title='bbox 192 1473 333 1510; x_wconf 84' lang='lat' dir='ltr'>hostes.</span> <span class='ocrx_word' id='word_1_148' title='bbox 388 1473 434 1510; x_wconf 90' lang='lat' dir='ltr'>In</span> <span class='ocrx_word' id='word_1_149' title='bbox 453 1475 498 1510; x_wconf 91' lang='lat' dir='ltr'>iis</span> <span class='ocrx_word' id='word_1_150' title='bbox 519 1475 679 1518; x_wconf 83' lang='lat' dir='ltr'>stativis,</span> <span class='ocrx_word' id='word_1_151' title='bbox 700 1481 743 1510; x_wconf 91' lang='lat' dir='ltr'>ut</span> <span class='ocrx_word' id='word_1_152' title='bbox 768 1474 811 1510; x_wconf 91' lang='lat' dir='ltr'>fit</span> <span class='ocrx_word' id='word_1_153' title='bbox 831 1474 949 1522; x_wconf 86' lang='lat' dir='ltr'>longo</span> <span class='ocrx_word' id='word_1_154' title='bbox 969 1473 1104 1522; x_wconf 86' lang='lat' dir='ltr'>magis,</span> <span class='ocrx_word' id='word_1_155' title='bbox 1125 1484 1238 1521; x_wconf 88' lang='lat' dir='ltr'>quam</span> 
     </span>
    </p>

    <p class='ocr_par' dir='ltr' id='par_1_5' title="bbox 120 1536 1238 1587">
     <span class='ocr_line' id='line_1_22' title="bbox 120 1536 1238 1587; baseline -0.002 -14"><span class='ocrx_word' id='word_1_156' title='bbox 120 1538 197 1573; x_wconf 89' lang='lat' dir='ltr'>acri</span> <span class='ocrx_word' id='word_1_157' title='bbox 225 1537 340 1581; x_wconf 87' lang='lat' dir='ltr'>bello,</span> <span class='ocrx_word' id='word_1_158' title='bbox 371 1540 462 1575; x_wconf 79' lang='lat' dir='ltr'>satis</span> <span class='ocrx_word' id='word_1_159' title='bbox 491 1538 601 1575; x_wconf 89' lang='lat' dir='ltr'>liberi</span> <span class='ocrx_word' id='word_1_160' title='bbox 630 1546 862 1575; x_wconf 78' lang='lat' dir='ltr'>commeatus</span> <span class='ocrx_word' id='word_1_161' title='bbox 893 1545 1028 1574; x_wconf 82' lang='lat' dir='ltr'>erant:</span> <span class='ocrx_word' id='word_1_162' title='bbox 1061 1536 1238 1587; x_wconf 88' lang='lat' dir='ltr'>primori-</span> 
     </span>
    </p>

    <p class='ocr_par' dir='ltr' id='par_1_6' title="bbox 115 1601 1253 1716">
     <span class='ocr_line' id='line_1_23' title="bbox 119 1601 1253 1653; baseline -0.001 -16"><span class='ocrx_word' id='word_1_163' title='bbox 119 1601 190 1638; x_wconf 85' lang='lat' dir='ltr'>bus</span> <span class='ocrx_word' id='word_1_164' title='bbox 219 1608 347 1639; x_wconf 86' lang='lat' dir='ltr'>tamen</span> <span class='ocrx_word' id='word_1_165' title='bbox 380 1605 514 1652; x_wconf 86' lang='lat' dir='ltr'>magis,</span> <span class='ocrx_word' id='word_1_166' title='bbox 545 1617 657 1653; x_wconf 84' lang='lat' dir='ltr'>quam</span> <span class='ocrx_word' id='word_1_167' title='bbox 685 1604 882 1640; x_wconf 89' lang='lat' dir='ltr'>militibus.</span> <span class='ocrx_word' id='word_1_168' title='bbox 939 1602 1054 1651; x_wconf 82' lang='lat' dir='ltr'>Regii</span> <span class='ocrx_word' id='word_1_169' title='bbox 1086 1601 1253 1650; x_wconf 52' lang='lat' dir='ltr'>quidem²</span> 
     </span>
     <span class='ocr_line' id='line_1_24' title="bbox 115 1665 1238 1716; baseline 0 -15"><span class='ocrx_word' id='word_1_170' title='bbox 115 1665 275 1716; x_wconf 85' lang='lat' dir='ltr'>juvenes</span> <span class='ocrx_word' id='word_1_171' title='bbox 304 1668 493 1704; x_wconf 87' lang='lat' dir='ltr'>interdum</span> <span class='ocrx_word' id='word_1_172' title='bbox 522 1669 644 1704; x_wconf 86' lang='lat' dir='ltr'>otium</span> <span class='ocrx_word' id='word_1_173' title='bbox 670 1669 850 1704; x_wconf 81' lang='lat' dir='ltr'>conviviis</span> <span class='ocrx_word' id='word_1_174' title='bbox 878 1665 1238 1704; x_wconf 81' lang='lat' dir='ltr'>comessationibus·</span> 
     </span>
    </p>

    <p class='ocr_par' dir='ltr' id='par_1_7' title="bbox 120 1721 1454 1977">
     <span class='ocr_line' id='line_1_25' title="bbox 121 1721 1422 1782; baseline -0.002 -16"><span class='ocrx_word' id='word_1_175' title='bbox 121 1742 193 1778; x_wconf 91' lang='lat' dir='ltr'>que</span> <span class='ocrx_word' id='word_1_176' title='bbox 225 1731 323 1767; x_wconf 88' lang='lat' dir='ltr'>inter</span> <span class='ocrx_word' id='word_1_177' title='bbox 353 1744 392 1768; x_wconf 89' lang='lat' dir='ltr'>se</span> <span class='ocrx_word' id='word_1_178' title='bbox 423 1733 622 1769; x_wconf 85' lang='lat' dir='ltr'>terebant:</span> <span class='ocrx_word' id='word_1_179' title='bbox 658 1733 759 1769; x_wconf 88' lang='lat' dir='ltr'>forte</span> <span class='ocrx_word' id='word_1_180' title='bbox 791 1731 1012 1782; x_wconf 85' lang='lat' dir='ltr'>potantibus</span> <span class='ocrx_word' id='word_1_181' title='bbox 1044 1731 1102 1766; x_wconf 86' lang='lat' dir='ltr'>his</span> <span class='ocrx_word' id='word_1_182' title='bbox 1137 1729 1237 1780; x_wconf 90' lang='lat' dir='ltr'>apud</span> <span class='ocrx_word' id='word_1_183' title='bbox 1251 1721 1422 1772; x_wconf 49' lang='lat' dir='ltr'>&amp;PR-’¹¹50</span> 
     </span>
     <span class='ocr_line' id='line_1_26' title="bbox 121 1776 1454 1849; baseline -0.001 -20"><span class='ocrx_word' id='word_1_184' title='bbox 121 1792 207 1830; x_wconf 85' lang='lat' dir='ltr'>Sex.</span> <span class='ocrx_word' id='word_1_185' title='bbox 219 1793 482 1844; x_wconf 87' lang='lat' dir='ltr'>Tarquinium,</span> <span class='ocrx_word' id='word_1_186' title='bbox 502 1795 568 1833; x_wconf 93' lang='lat' dir='ltr'>ubi</span> <span class='ocrx_word' id='word_1_187' title='bbox 587 1802 625 1832; x_wconf 89' lang='lat' dir='ltr'>et</span> <span class='ocrx_word' id='word_1_188' title='bbox 645 1795 856 1832; x_wconf 82' lang='lat' dir='ltr'>Collatinus</span> <span class='ocrx_word' id='word_1_189' title='bbox 878 1793 1056 1831; x_wconf 77' lang='lat' dir='ltr'>coenabat</span> <span class='ocrx_word' id='word_1_190' title='bbox 1073 1793 1234 1842; x_wconf 87' lang='lat' dir='ltr'>Tarqui·</span> <span class='ocrx_word' id='word_1_191' title='bbox 1242 1776 1407 1849; x_wconf 46' lang='grc' dir='ltr'>ἶξξὲζὲἒ</span> <span class='ocrx_word' id='word_1_192' title='bbox 1415 1810 1454 1841; x_wconf 68' lang='lat' dir='ltr'>de</span> 
     </span>
     <span class='ocr_line' id='line_1_27' title="bbox 120 1853 1413 1907; baseline -0.001 -14"><span class='ocrx_word' id='word_1_193' title='bbox 120 1857 220 1901; x_wconf 87' lang='lat' dir='ltr'>nius,</span> <span class='ocrx_word' id='word_1_194' title='bbox 240 1857 371 1907; x_wconf 83' lang='lat' dir='ltr'>Egerii</span> <span class='ocrx_word' id='word_1_195' title='bbox 391 1859 502 1903; x_wconf 85' lang='lat' dir='ltr'>filius,</span> <span class='ocrx_word' id='word_1_196' title='bbox 523 1860 655 1896; x_wconf 85' lang='lat' dir='ltr'>incidit</span> <span class='ocrx_word' id='word_1_197' title='bbox 674 1859 720 1895; x_wconf 89' lang='lat' dir='ltr'>de</span> <span class='ocrx_word' id='word_1_198' title='bbox 740 1858 919 1895; x_wconf 84' lang='lat' dir='ltr'>uxoribus</span> <span class='ocrx_word' id='word_1_199' title='bbox 940 1858 1105 1894; x_wconf 86' lang='lat' dir='ltr'>mentio:</span> <span class='ocrx_word' id='word_1_200' title='bbox 1130 1869 1237 1893; x_wconf 89' lang='lat' dir='ltr'>suam</span> <span class='ocrx_word' id='word_1_201' title='bbox 1248 1853 1413 1885; x_wconf 80' lang='lat' dir='ltr'>uxoribus.</span> 
     </span>
     <span class='ocr_line' id='line_1_28' title="bbox 120 1921 1237 1977; baseline 0 -20"><span class='ocrx_word' id='word_1_202' title='bbox 120 1922 277 1971; x_wconf 85' lang='lat' dir='ltr'>quisque</span> <span class='ocrx_word' id='word_1_203' title='bbox 309 1921 461 1977; x_wconf 77' lang='lat' dir='ltr'>laudare</span> <span class='ocrx_word' id='word_1_204' title='bbox 493 1924 596 1960; x_wconf 88' lang='lat' dir='ltr'>miris</span> <span class='ocrx_word' id='word_1_205' title='bbox 630 1923 775 1960; x_wconf 85' lang='lat' dir='ltr'>modis:</span> <span class='ocrx_word' id='word_1_206' title='bbox 814 1922 901 1959; x_wconf 89' lang='lat' dir='ltr'>inde</span> <span class='ocrx_word' id='word_1_207' title='bbox 935 1922 1141 1958; x_wconf 88' lang='lat' dir='ltr'>certamine</span> <span class='ocrx_word' id='word_1_208' title='bbox 1174 1933 1237 1957; x_wconf 88' lang='lat' dir='ltr'>ac-</span> 
     </span>
    </p>

    <p class='ocr_par' dir='ltr' id='par_1_8' title="bbox 121 1986 1240 2037">
     <span class='ocr_line' id='line_1_29' title="bbox 121 1986 1240 2037; baseline -0.001 -15"><span class='ocrx_word' id='word_1_209' title='bbox 121 1998 250 2030; x_wconf 87' lang='lat' dir='ltr'>censo,</span> <span class='ocrx_word' id='word_1_210' title='bbox 281 1986 496 2024; x_wconf 87' lang='lat' dir='ltr'>Collatinus</span> <span class='ocrx_word' id='word_1_211' title='bbox 529 1994 658 2037; x_wconf 85' lang='lat' dir='ltr'>negat,</span> <span class='ocrx_word' id='word_1_212' title='bbox 687 1988 797 2024; x_wconf 79' lang='lat' dir='ltr'>verbis</span> <span class='ocrx_word' id='word_1_213' title='bbox 825 2000 922 2036; x_wconf 51' lang='lat' dir='ltr'>opus*</span> <span class='ocrx_word' id='word_1_214' title='bbox 939 1999 1021 2029; x_wconf 83' lang='lat' dir='ltr'>esse,</span> <span class='ocrx_word' id='word_1_215' title='bbox 1047 1987 1174 2035; x_wconf 78' lang='lat' dir='ltr'>paucis</span> <span class='ocrx_word' id='word_1_216' title='bbox 1202 1986 1240 2021; x_wconf 78' lang='lat' dir='ltr'>id</span> 
     </span>
    </p>

    <p class='ocr_par' dir='ltr' id='par_1_9' title="bbox 121 2051 1238 2102">
     <span class='ocr_line' id='line_1_30' title="bbox 121 2051 1238 2102; baseline -0.003 -13"><span class='ocrx_word' id='word_1_217' title='bbox 121 2054 260 2101; x_wconf 84' lang='lat' dir='ltr'>quidem</span> <span class='ocrx_word' id='word_1_218' title='bbox 282 2054 375 2090; x_wconf 76' lang='lat' dir='ltr'>horis</span> <span class='ocrx_word' id='word_1_219' title='bbox 398 2067 499 2102; x_wconf 82' lang='lat' dir='ltr'>posse</span> <span class='ocrx_word' id='word_1_220' title='bbox 523 2056 620 2097; x_wconf 76' lang='lat' dir='ltr'>sciri,</span> <span class='ocrx_word' id='word_1_221' title='bbox 651 2059 823 2102; x_wconf 80' lang='lat' dir='ltr'>quantum</span> <span class='ocrx_word' id='word_1_222' title='bbox 851 2055 974 2089; x_wconf 73' lang='lat' dir='ltr'>ceteris</span> <span class='ocrx_word' id='word_1_223' title='bbox 997 2056 1142 2100; x_wconf 74' lang='lat' dir='ltr'>prees-tet</span> <span class='ocrx_word' id='word_1_224' title='bbox 1160 2051 1238 2087; x_wconf 86' lang='lat' dir='ltr'>Lu-</span> 
     </span>
    </p>

    <p class='ocr_par' dir='ltr' id='par_1_10' title="bbox 122 2114 1241 2164">
     <span class='ocr_line' id='line_1_31' title="bbox 122 2114 1241 2164; baseline -0.002 -13"><span class='ocrx_word' id='word_1_225' title='bbox 122 2117 232 2152; x_wconf 70' lang='lat' dir='ltr'>cretia</span> <span class='ocrx_word' id='word_1_226' title='bbox 247 2128 325 2152; x_wconf 77' lang='lat' dir='ltr'>sua.</span> <span class='ocrx_word' id='word_1_227' title='bbox 383 2117 490 2160; x_wconf 81' lang='lat' dir='ltr'>Quin,</span> <span class='ocrx_word' id='word_1_228' title='bbox 509 2119 540 2153; x_wconf 78' lang='lat' dir='ltr'>si</span> <span class='ocrx_word' id='word_1_229' title='bbox 563 2119 663 2164; x_wconf 81' lang='lat' dir='ltr'>vigor</span> <span class='ocrx_word' id='word_1_230' title='bbox 679 2115 837 2162; x_wconf 76' lang='lat' dir='ltr'>juventae</span> <span class='ocrx_word' id='word_1_231' title='bbox 863 2116 962 2158; x_wconf 78' lang='lat' dir='ltr'>inest,</span> <span class='ocrx_word' id='word_1_232' title='bbox 983 2114 1241 2151; x_wconf 75' lang='lat' dir='ltr'>conscendimus</span> 
     </span>
    </p>

    <p class='ocr_par' dir='ltr' id='par_1_11' title="bbox 121 2176 1242 2228">
     <span class='ocr_line' id='line_1_32' title="bbox 121 2176 1242 2228; baseline -0.003 -13"><span class='ocrx_word' id='word_1_233' title='bbox 121 2190 239 2227; x_wconf 63' lang='lat' dir='ltr'>equo-5,</span> <span class='ocrx_word' id='word_1_234' title='bbox 268 2179 514 2227; x_wconf 75' lang='lat' dir='ltr'>invisimusque</span> <span class='ocrx_word' id='word_1_235' title='bbox 545 2183 733 2228; x_wconf 68' lang='lat' dir='ltr'>praesentes</span> <span class='ocrx_word' id='word_1_236' title='bbox 763 2182 965 2214; x_wconf 74' lang='lat' dir='ltr'>nostrarum</span> <span class='ocrx_word' id='word_1_237' title='bbox 994 2176 1167 2223; x_wconf 76' lang='lat' dir='ltr'>ingenia?</span> <span class='ocrx_word' id='word_1_238' title='bbox 1196 2176 1242 2212; x_wconf 83' lang='lat' dir='ltr'>Id</span> 
     </span>
    </p>

    <p class='ocr_par' dir='ltr' id='par_1_12' title="bbox 122 2243 1241 2356">
     <span class='ocr_line' id='line_1_33' title="bbox 122 2243 1241 2291; baseline -0.001 -13"><span class='ocrx_word' id='word_1_239' title='bbox 122 2244 247 2291; x_wconf 70' lang='lat' dir='ltr'>cuique</span> <span class='ocrx_word' id='word_1_240' title='bbox 262 2244 552 2290; x_wconf 77' lang='lat' dir='ltr'>spectatissimum</span> <span class='ocrx_word' id='word_1_241' title='bbox 570 2245 630 2286; x_wconf 80' lang='lat' dir='ltr'>sit,</span> <span class='ocrx_word' id='word_1_242' title='bbox 652 2244 745 2291; x_wconf 79' lang='lat' dir='ltr'>quod</span> <span class='ocrx_word' id='word_1_243' title='bbox 768 2244 976 2290; x_wconf 78' lang='lat' dir='ltr'>necopinato</span> <span class='ocrx_word' id='word_1_244' title='bbox 994 2243 1062 2277; x_wconf 74' lang='lat' dir='ltr'>viri</span> <span class='ocrx_word' id='word_1_245' title='bbox 1087 2243 1241 2278; x_wconf 80' lang='lat' dir='ltr'>adventu</span> 
     </span>
     <span class='ocr_line' id='line_1_34' title="bbox 122 2309 1239 2356; baseline -0.004 -9"><span class='ocrx_word' id='word_1_246' title='bbox 122 2311 314 2347; x_wconf 69' lang='lat' dir='ltr'>obcurrcrtt</span> <span class='ocrx_word' id='word_1_247' title='bbox 342 2311 462 2348; x_wconf 83' lang='lat' dir='ltr'>oculis.</span> <span class='ocrx_word' id='word_1_248' title='bbox 518 2309 763 2347; x_wconf 85' lang='lat' dir='ltr'>Incaluerant</span> <span class='ocrx_word' id='word_1_249' title='bbox 792 2310 905 2345; x_wconf 86' lang='lat' dir='ltr'>vino:</span> <span class='ocrx_word' id='word_1_250' title='bbox 939 2319 1005 2356; x_wconf 82' lang='lat' dir='ltr'>age</span> <span class='ocrx_word' id='word_1_251' title='bbox 1030 2319 1126 2350; x_wconf 79' lang='lat' dir='ltr'>saue,</span> <span class='ocrx_word' id='word_1_252' title='bbox 1156 2319 1239 2343; x_wconf 89' lang='lat' dir='ltr'>om-</span> 
     </span>
    </p>
   </div>
   <div class='ocr_carea' id='block_1_3' title="bbox 639 2373 716 2410">
    <p class='ocr_par' dir='ltr' id='par_1_13' title="bbox 639 2373 716 2410">
     <span class='ocr_line' id='line_1_35' title="bbox 639 2373 716 2410; baseline -0.013 0"><span class='ocrx_word' id='word_1_253' title='bbox 639 2373 716 2410; x_wconf 78' lang='lat' dir='ltr'>E4</span> 
     </span>
    </p>
   </div>
  </div>
 </body>
</html>
