1573 2598
330 178 422 225 354ss
802 182 848 209 Ψ.
871 181 1008 211 mvn

135 277 270 308 Renum·
331 270 383 307 K
402 269 554 306 Fabius.
609 268 666 306 Μ·.
689 269 814 306 Furio.
833 270 872 305 in
901 269 1071 311 Faliscis,
1102 274 1148 304 eb
1169 268 1239 305 Cn.
1260 265 1440 305 Cornelio

136 320 318 360 '‘ample‘'
330 335 370 371 in
391 334 584 384 Capenate
603 345 695 382 agro
714 334 843 369 hostes
862 333 955 369 nulli
976 339 1091 369 extra·
1106 332 1254 368 moenia
1269 331 1435 368 inventi:

331 399 465 448 praedae
495 404 603 441 actae,
632 398 891 446 incendiisque
909 397 1091 433 villarum«
1111 409 1155 432 ac
1182 396 1341 444 frugum
1355 408 1440 432 vas·

330 462 401 498 tati
422 462 532 497 fines:
565 462 705 511 oppida
723 462 958 512 obpugnata,
978 474 1048 497 nec
1067 461 1223 497 obsessa
1241 465 1341 496 sunt,
1385 459 1440 495 At

329 525 547 568 ianolscis,
569 525 798 576 depopulato
819 539 926 574 agro,
947 526 1084 562 Anxur?
1098 524 1351 573 nequidquam
1370 523 1442 559 ob-

328 598 554 640 pugnatum,
576 589 662 625 loco
683 589 761 625 alto
787 591 925 635 situm73
959 596 1010 633 et,
1031 596 1232 640 postquam
1250 589 1306 624 vis
1334 587 1451 624 irrita.

331 660 425 696 erat,
445 653 546 689 vallo
565 653 742 702 fossaque
761 653 924 690 obsideri
948 660 1127 704 coeptum.
1182 652 1337 688 Valerio
1364 650 1443 687 Po-

329 716 412 752 tito,
425 716 556 752 Volsci
583 718 779 767 provincia
808 723 995 754 evenerat.
1051 717 1140 752 Hoc
1169 722 1272 752 statu
1300 714 1442 751 milita-

329 780 427 816 rium
455 792 594 823 rerum,
617 781 753 817 seditio
783 781 964 817 intestina
991 779 1135 830 majore
1163 779 1264 815 mole
1293 784 1452 822 coorta,

331 855 443 891 quam
470 843 577 879 bella.
598 843 886 880 tractabantur:
919 849 971 887 et,
992 856 1106 893 quum
1134 843 1320 879 tributum
1349 853 1451 878 con--

329 906 692 956 semipertnibunos
712 920 791 943 non
811 913 956 957 posset,
974 919 1045 943 nec
1071 907 1299 957 stipendium
1322 907 1444 956 impe·

329 972 765 1015 tatoribus-mitteretur,
787 984 935 1020 aeraque
953 971 1139 1008 militaria
1153 971 1349 1019 flagitaret·
1370 970 1452 1006 mi-·

331 1035 398 1078 les,
422 1036 524 1072 haud
551 1035 683 1085 procul
712 1041 806 1078 erat,
837 1036 928 1084 quin
958 1042 1082 1071 castra
1109 1046 1260 1084 quoque
1288 1033 1454 1071 urbana»

330 1099 526 1136 seditionis
556 1100 786 1146 contagione
814 1098 1071 1139 turbarentur.
1128 1098 1237 1134 Inter
1262 1097 1331 1133 has
1366 1097 1455 1133 iram

327 1162 448 1213 plebis
486 1163 526 1198 in
562 1162 709 1205 Patres,
741 1175 856 1210 quum
888 1162 1032 1198 tribuni
1068 1161 1188 1211 plebis
1221 1173 1323 1197 nunc
1351 1159 1456 1197 illud

328 1232 476 1275 tempus
510 1238 591 1261 esse
623 1226 791 1262 dicerent
827 1225 1061 1261 stabiliendae
1090 1225 1291 1267 libertatis,
1325 1229 1369 1260 et·
1395 1223 1454 1261 ah-

331 1289 471 1337 Sergiis
491 1289 747 1337 virginiisque
766 1289 814 1324 ad
832 1287 1001 1338 plebeios
1020 1289 1121 1324 viros
1139 1287 1257 1324 fortes
1279 1300 1322 1324 ac
1348 1294 1449 1323 stre.-

156 1349 211 1380 ΤΥ·
228 1349 295 1398 ¹1}st
330 1364 427 1387 nuos
447 1351 698 1396 transferendi
717 1352 854 1387 summi
871 1351 1028 1387 honoris
1046 1367 1056 1397 3
1088 1364 1167 1387 non
1191 1357 1320 1387 tamen
1346 1350 1455 1387 ultra-

155 1392 309 1432 plebeius.
331 1427 549 1465 processum
578 1421 649 1457 est,
675 1427 788 1463 quam
818 1421 861 1450 ut
888 1427 984 1450 unus
1015 1427 1062 1451 ex
1087 1414 1212 1464 plebe,
1240 1413 1456 1463 usurpandi<

323 1478 422 1529 juris
453 1491 599 1521 caussa,
629 1478 672 1515 P.
698 1478 869 1514 Licinius
904 1478 1041 1514 Calvus
1073 1478 1250 1513 tribunus
1281 1477 1446 1513 militum

136 1544 227 1575 U.C.
245 1552 319 1578 355.
332 1541 522 1578 consulari
550 1547 740 1591 potestate
767 1550 978 1577 crearetur:
1012 1541 1126 1576 ceteri
1149 1541 1299 1589 patricii
1329 1540 1447 1576 creati

131 1588 228 1622 Μ·
244 1595 376 1643 ³³⁹⁷·P.
394 1605 574 1648 Maenius,
601 1605 647 1641 L.
667 1605 848 1648 Titinius,
873 1605 917 1641 P.
936 1604 1102 1647 Maelius,
1129 1604 1175 1641 L.
1195 1604 1330 1640 Furius
1358 1603 1447 1639 Me-

333 1668 512 1712 dullinus,
541 1668 588 1705 L.
614 1668 800 1705 Publilius
827 1667 1000 1704 Volscus.
1058 1666 1148 1716 Ipsa
1174 1666 1304 1717 plebes
1332 1667 1449 1702 mira-

331 1735 457 1778 batur,
479 1747 520 1771 se
538 1740 684 1770 tantam
704 1747 782 1769 rem
805 1734 1016 1770 obtinuisse
1029 1749 1040 1779 3
1071 1746 1151 1769 non
1175 1733 1207 1768 is
1233 1732 1362 1776 modo,
1382 1731 1447 1781 qui

332 1804 480 1835 &reatus
510 1804 604 1840 erat,
631 1797 688 1833 vir
715 1796 828 1834 nullis
858 1803 946 1833 ante
975 1796 1184 1832 honoribus
1213 1808 1316 1838 usus,
1338 1801 1451 1831 vetus

331 1869 482 1899 tantum
501 1868 667 1904 senator,
684 1868 722 1897 et
742 1868 853 1898 aetate
865 1860 949 1910 jam
968 1861 1104 1909 gravis.
1141 1859 1226 1896 Nec
1245 1860 1336 1895 satis
1353 1871 1446 1895 con-

332 1933 422 1969 stat,
440 1939 505 1962 cur
521 1927 662 1975 primus
682 1938 725 1962 ac
744 1926 962 1975 potissimus
979 1925 1026 1961 ad
1044 1937 1184 1960 novum
1203 1923 1446 1959 delibandum

330 1991 517 2026 honorem
540 1990 589 2025 sit
613 1990 777 2026 habitus.
833 1989 912 2025 Alii
933 1989 1002 2025 Cn.
1024 1988 1192 2025 Cornelii
1218 1987 1360 2030 fratris,
1382 1987 1448 2036 qui

331 2053 506 2089 tribunus
525 2052 689 2089 militum
708 2054 834 2102 priore
857 2065 958 2088 anno
987 2052 1123 2093 fuerat,
1144 2050 1358 2100 triplexque
1378 2051 1447 2086 sti-

332 2116 511 2167 pendium
531 2116 720 2165 equitibus
736 2116 901 2158 dederat,
918 2118 1041 2163 gratia
1059 2122 1274 2151 extractum·
1291 2114 1340 2151 ad
1357 2121 1445 2150 tan-

334 2186 416 2215 tum
442 2180 626 2216 honorem
649 2179 830 2215 credunt:
863 2178 926 2214 alii
955 2179 1165 2214 orationem
1197 2178 1321 2227 ipsum
1349 2183 1452 2213 tem-

334 2244 517 2294 pestivam
545 2243 591 2279 de
620 2243 821 2280 concordia
850 2243 1038 2284 ordinum,
1066 2241 1241 2277 Patribus
1269 2240 1446 2291 plebique

335 2312 497 2359 gratam,
516 2306 705 2344 habuisse.
763 2305 850 2345 Hac
868 2307 1029 2344 victoria
1050 2305 1293 2342 comitiorum
1321 2303 1448 2341 exsul«
