1573 2598
289 81 376 138 566
750 92 796 123 r.
819 90 956 125 mvn

94 192 188 226 uc.
205 201 279 227 42⁸,
293 185 418 221 castris
450 181 701 232 conferamus:
739 187 788 226 et,
822 184 965 221 Samnis
993 183 1218 221 Romanusne
1253 185 1403 234 imperio

96 240 138 270 A·
151 238 187 269 C·
203 244 279 270 3²4·
293 251 445 288 Italiam
461 254 575 298 regat,
589 250 829 287 decernamus.
855 251 995 300 Legati
1011 250 1273 288 Romanorum
1286 264 1403 301 quum

93 435 258 476 Palaepolis

91 479 229 511 obsessa.

92 1199 142 1229 M.
157 1198 254 1229 Clau-

91 1243 163 1272 dius
177 1242 244 1272 dic-

92 1292 184 1316 tator.

292 326 346 358 se,
367 326 445 351 non
465 326 540 363 quo
559 313 680 349 hostis
701 320 886 358 vocasset,
903 315 968 351 sed
988 327 1063 364 quo
1082 315 1328 364 imperatores
1344 314 1403 351 sui

290 377 501 421 duxissent,
522 378 641 426 ituros
661 389 741 413 esse
760 377 1043 428 respondissent
1055 395 1066 424 3
1091 377 1174 428 jam
1199 377 1400 421 Publilius,

291 442 390 479 inter
408 440 631 492 Palaepolim
649 440 929 492 Neapolimque
952 442 1038 479 loco
1067 450 1283 494 opportune
1311 457 1401 494 cap-

289 513 346 550 to,
362 506 564 543 diremerat
575 504 750 542 hostibus
766 507 988 543 societatem
1001 507 1132 544 auxilii
1145 508 1267 544 mutui
1277 525 1287 555 3
1311 520 1400 558 qua,
1416 544 1418 546 ,

288 577 332 608 ut
359 571 517 620 quisque
546 569 652 621 locus
681 577 926 621 premeretur,
958 572 1058 607 inter
1089 584 1129 608 se
1158 573 1214 609 usi
1236 572 1400 609 fuerant.

288 634 424 683 Itaque
444 646 559 683 quum
579 639 617 669 et
636 634 878 670 comitiorum
897 634 975 671 dies
1001 635 1175 679 instaret,
1195 642 1247 679 et,
1267 635 1400 672 Publi·

288 689 395 741 lium,
416 697 664 733 inminentem
683 697 851 733 hostium
867 699 997 741 muris,
1019 700 1169 735 avocari
1189 699 1236 736 ab
1255 711 1321 749 spe
1337 712 1399 736 ca·

286 761 434 812 piendae
454 761 492 796 in
513 760 589 796 dies
613 760 728 803 urbis,
748 759 849 796 haud
869 773 888 796 e
908 760 1102 811 republica
1122 768 1240 807 esset3
1272 769 1400 808 actum

287 838 374 862 cum
409 824 571 861 tribunis
609 832 679 866 est,
717 824 764 860 ad
800 823 983 874 populum
1010 824 1166 868 ferrent,
1197 833 1253 869 ut,
1283 839 1400 874 quum

285 887 473 926 Publilius
493 886 606 923 Philo
627 887 826 923 consulatu
856 887 1010 930 abisset,
1041 900 1110 938 pro
1137 888 1292 925 consule
1320 901 1399 926 rem

286 958 449 1001 gereret,
479 951 603 1000 quoad
636 950 865 987 debellatum
895 964 978 987 cum
1013 951 1155 988 Graecis
1186 958 1295 989 esset.
1350 951 1400 990 L.

288 1016 470 1053 Cornelio
495 1017 601 1065 (quia
621 1028 667 1051 ne
688 1028 773 1051 eum
793 1015 944 1064 quidem
963 1016 1001 1051 in
1023 1016 1218 1052 Samnium
1237 1015 1321 1067 jam
1339 1017 1398 1054 in-

287 1093 457 1129 gressum
490 1081 659 1118 revocari
688 1079 736 1116 ab
773 1081 904 1130 inpetu
933 1079 1022 1116 belli
1059 1080 1250 1130 placebat)
1282 1080 1399 1118 literae

286 1146 426 1190 missae,
464 1152 506 1182 ut
535 1146 758 1182 dictatorem
788 1146 1030 1181 comitiorum
1064 1158 1196 1182 caussa
1228 1145 1394 1182 diceret:

289 1209 384 1247 dixit
403 1210 460 1247 M.
476 1209 676 1246 Claudium
692 1209 938 1254 Marcellum3
962 1209 1008 1246 ab
1029 1222 1074 1245 eo
1094 1210 1275 1258 magister
1294 1211 1399 1259 equi-

288 1284 370 1314 tum
390 1277 511 1313 dictus
533 1276 595 1326 Sp.
616 1276 847 1312 Postumius.
894 1274 980 1313 Nec
1000 1282 1128 1311 tamen
1148 1274 1194 1311 ab
1215 1275 1400 1312 dictatore

287 1342 442 1378 comitia
472 1348 560 1376 sunt
587 1340 733 1383 habita,
755 1341 856 1389 quia,
878 1340 1020 1376 vitione
1047 1346 1193 1376 creatus
1221 1346 1332 1384 esset,
1359 1340 1400 1376 in

286 1405 589 1454 disquisitionem
609 1404 731 1439 venit:
766 1402 928 1439 consulti
950 1416 1124 1452 augures,
1145 1403 1325 1440 vitiosum
1343 1403 1399 1440 vi-

285 1468 365 1504 deri
385 1468 623 1509 dictatorcm,
646 1467 1003 1516 pronunciaverunt.
1035 1467 1138 1503 'Eam
1158 1479 1237 1503 rem
1255 1467 1400 1503 tribuni

286 1539 500 1584 suspectam
526 1531 780 1579 infamemque
807 1531 1041 1567 criminando
1062 1531 1247 1568 fecerunt.
1301 1532 1400 1567 Nam

287 1608 400 1645 neque
413 1596 534 1645 facile
547 1594 666 1644 fuisse
687 1596 724 1630 id
746 1595 868 1630 vitium
889 1596 998 1638 nosci,
1020 1607 1127 1642 quum
1147 1595 1269 1631 consul
1285 1596 1401 1631 oriens

286 1665 390 1698 nocte
407 1662 548 1696 silentio
568 1661 701 1696 diceret
720 1660 931 1695 dictatorem
945 1676 955 1695 .·
978 1671 1088 1708 neque
1107 1659 1151 1695 ab
1169 1659 1308 1696 consule
1327 1661 1400 1695 cui-

288 1737 394 1774 quam
418 1725 559 1773 publice
580 1725 794 1772 privatimve
813 1723 857 1759 de
881 1735 924 1758 ea
946 1735 985 1759 re
1007 1725 1181 1771 scriptum
1207 1734 1303 1759 esse:
1338 1734 1401 1759 nec

286 1800 500 1838 quemquam
527 1787 734 1823 mortalium
761 1792 912 1829 exstare,
944 1788 1003 1835 qui
1029 1799 1065 1823 se
1093 1788 1217 1823 vidisse
1242 1791 1307 1822 aut
1332 1799 1397 1823 au-

286 1854 376 1889 disse
394 1853 481 1900 quid
501 1852 611 1893 dicat,
633 1851 725 1899 quod
747 1851 942 1899 auspicium
965 1851 1176 1887 dirimeret:
1204 1862 1316 1899 neque
1332 1863 1399 1886 au-

283 1928 389 1965 gures
409 1916 570 1950 divinare
591 1914 714 1950 Romoe
738 1915 895 1950 sedentes
915 1916 1086 1962 potuisse,
1109 1915 1196 1963 quid
1220 1916 1255 1950 in
1275 1917 1399 1951 castris

287 1980 423 2017 consuli
449 1980 530 2015 vitii
558 1978 757 2015 obvenisset.
817 1978 883 2014 Cui
900 1991 971 2015 nou
991 1979 1178 2027 adparere,
1199 1980 1294 2026 quod
1317 1979 1399 2026 ple»

287 2044 383 2081 beius
408 2044 566 2080 dictator
591 2045 652 2085 sit,
685 2043 721 2078 id
751 2044 877 2078 vitium
902 2044 1096 2091 auguribus
1119 2044 1260 2079 visum?
1304 2041 1398 2079 Haec

287 2107 435 2156 aliaque
463 2105 509 2143 ab
535 2106 694 2142 tribunis
722 2107 974 2155 nequidquam
994 2105 1165 2156 jactata:
1197 2112 1324 2141 tamen
1351 2106 1397 2142 ad

287 2170 546 2219 interregnum
573 2182 630 2206 res
657 2170 776 2206 redit:
809 2170 1008 2219 dilatisque
1029 2169 1103 2205 alia
1128 2176 1240 2218 atque
1261 2168 1334 2205 alia
1353 2170 1397 2205 dc

288 2246 420 2271 caussa
462 2236 641 2279 comitiis,
679 2234 999 2285 quartusdecimus
1037 2234 1187 2271 demum
1233 2234 1399 2270 interrex
