1573 2598
84 288 127 320 U.
145 288 182 318 C.
199 295 272 322 2³9.

85 332 124 362 A.
142 333 178 363 C.
195 337 268 364 463.

305 193 384 239 172
755 193 801 225 τ.
830 196 962 227 mvn

301 291 372 323 tem
398 286 623 323 inminentem
650 284 760 320 aciem
786 285 987 321 instruitis:
1011 286 1173 333 *longiore
1201 289 1277 325 luce
1304 291 1352 326 ad
1380 290 1419 326 id

300 354 489 391 certamen,
519 348 614 396 quod
641 348 763 389 instat,
792 347 889 384 nobis
922 359 1010 397 opus
1046 354 1108 385 est.
1167 350 1330 387 Crastino
1362 354 1420 389 die

299 413 431 448 oriente
453 411 526 447 sole
552 410 665 445 redite
692 411 729 445 in
756 411 896 447 aciem:
923 413 989 447 erit
1018 413 1121 460 copia
1145 415 1347 461 pugnandi,
1376 426 1420 451 ne

300 477 429 511 timete.
486 472 560 509 His
579 471 735 508 vocibus
764 471 932 509 irritatus
959 472 1065 509 miles
1092 474 1131 510 in
1161 475 1261 512 diem
1289 484 1418 528 poste-

299 551 383 574 rum
404 537 444 573 in
473 541 598 573 castra
621 534 826 579 reducitur,
853 535 1009 585 longam
1027 536 1156 574 venire
1178 547 1333 577 noctem
1357 553 1418 577 ra·

299 609 375 645 tus,
406 613 489 651 quae
524 611 671 636 moram
700 600 897 636 certamini
931 600 1085 639 faceret.
1141 602 1240 640 Tum
1269 605 1420 654 quidem

299 676 463 717 corpora
481 663 567 701 cibo
587 674 798 713 somnoque
817 670 973 701 curant:
1005 665 1071 702 ubi
1098 665 1236 704 inluxit
1265 676 1419 719 postero

300 730 375 774 die,
405 731 510 780 prior
539 728 734 778 aliquanto
768 730 941 765 constitit
969 729 1149 768 Romana
1174 732 1272 769 acies
1288 750 1298 778 3
1330 740 1418 770 tan-

301 795 387 832 dem
415 800 454 830 et
482 793 600 844 AEqui
629 806 858 844 processere.
915 794 1098 832 Proelium
1125 796 1199 832 fuit
1228 797 1418 847 utrimque

300 859 502 895 vehemens
517 874 526 904 3
560 857 662 907 quod
691 863 729 893 et
756 857 955 895 Romanus
984 859 1042 895 ira
1070 860 1233 910 odioque
1269 874 1417 911 pugna-

300 923 381 968 bat,
405 929 443 959 et
461 923 610 972 AEquos
635 922 869 958 conscientia
895 924 1083 959 contracti
1110 923 1220 974 culpa
1244 925 1416 974 periculi,

301 995 339 1024 et
358 987 571 1037 desperatio
590 985 726 1023 futurae
748 985 819 1021 sibi
845 993 979 1035 postea
1001 986 1102 1030 fidei,
1125 987 1257 1024 ultima
1283 990 1418 1026 audere

301 1059 339 1088 et
361 1051 522 1101 experiri
548 1049 722 1098 cogebat.
777 1048 870 1085 Non
896 1056 1024 1086 tamen
1056 1051 1268 1088 sustinuere
1300 1053 1418 1090 aciem

301 1115 519 1153 Romanam
548 1114 690 1163 AEqui:
722 1113 896 1164 pulsique
926 1127 1042 1163 quum
1072 1115 1110 1151 in
1140 1115 1231 1152 fines
1262 1130 1350 1153 suos
1380 1130 1419 1153 se

300 1181 544 1232 recepissent,
569 1178 691 1215 nihilo
720 1178 1024 1215 inclinatioribus
1049 1179 1096 1215 ad
1124 1192 1255 1229 pacem
1284 1181 1418 1220 animis

298 1247 407 1284 ferox
443 1245 648 1282 multitudo
680 1245 875 1294 increpare
909 1244 1036 1286 (luces,
1068 1244 1166 1293 quod
1208 1245 1245 1280 in
1282 1245 1415 1288 aciem,

299 1324 375 1361 qua
399 1309 594 1361 pugnandi
617 1314 698 1344 arte
717 1307 916 1344 Romanus
938 1307 1113 1351 excellat,
1135 1309 1336 1345 commissa
1358 1321 1416 1345 res

300 1375 361 1413 sit.
418 1374 566 1423 AEquos
600 1371 912 1422 populationibus
947 1372 1305 1422 incursionibusque
1338 1385 1418 1409 me-

297 1438 412 1476 liores
444 1451 547 1483 esse3
581 1443 619 1473 et
648 1435 785 1472 multas
819 1437 959 1486 passim
991 1449 1139 1479 manus,
1167 1448 1279 1485 quam
1311 1449 1418 1486 mag-

300 1519 388 1543 nam
408 1503 548 1541 molem
568 1503 678 1538 unius
700 1503 901 1545 exercitus,
923 1503 1060 1538 rectius
1080 1501 1179 1538 bella
1199 1514 1341 1551 gerere.

355 1569 430 1606 ΙΙΙ.
460 1567 613 1604 Relicto
633 1567 761 1615 itaque
781 1567 912 1602 castris
934 1567 1124 1617 przesidiO,
1147 1567 1287 1615 egressi
1307 1573 1417 1604 tanto

302 1648 387 1671 cum
410 1633 576 1669 tumultu
602 1632 770 1667 invasere
794 1630 886 1667 fines
908 1630 1120 1674 Romanos,
1143 1637 1185 1667 ut
1212 1631 1259 1667 ad
1287 1631 1418 1667 urbem

302 1712 451 1749 quoque
478 1705 661 1734 terrorem
689 1695 935 1746 pertulerint:
968 1696 1196 1745 necopinata
1223 1695 1339 1731 etiam
1361 1707 1420 1731 res

301 1763 384 1814 plus
407 1758 670 1812 trepidationis
698 1759 800 1803 feeit,
823 1760 924 1809 quod
949 1759 1046 1796 nihil
1070 1760 1209 1803 minus,
1230 1773 1343 1808 quam
1372 1772 1420 1796 ne

302 1828 423 1863 victus
457 1840 501 1862 ac
531 1837 648 1875 prope
679 1825 716 1859 in
750 1824 881 1860 castris
914 1823 1088 1860 obsessus
1122 1823 1244 1859 hostis
1277 1835 1422 1859 memor

303 1890 562 1942 populationis
583 1895 694 1931 esset,
715 1888 839 1924 timeri
865 1894 1017 1938 poterat
1031 1904 1040 1933 ;
1075 1894 1330 1936 agrestesque,
1355 1900 1421 1936 pa-

303 1955 379 1991 vidi
402 1954 610 1989 incidentes
635 1953 770 2002 portis,
797 1964 875 1987 non
905 1951 1210 2001 populationem,
1231 1962 1303 1986 nec
1326 1963 1422 2001 prae-

304 2019 446 2056 donum
473 2028 604 2067 parvas
631 2027 779 2058 manuS,
801 2015 879 2058 scd,
901 2015 1030 2050 omnia
1048 2026 1148 2050 vano
1168 2020 1351 2062 augentes
1370 2014 1422 2050 ti·

303 2096 423 2126 more,
451 2081 636 2117 exercitus
664 2085 701 2115 et
729 2079 898 2128 legiones
929 2078 1057 2115 adesse
1086 2079 1269 2121 hostium,
1297 2084 1335 2114 et
1364 2079 1424 2114 in-

305 2148 404 2184 festo
429 2145 581 2194 agmine
606 2157 714 2180 ruere
743 2144 790 2180 ad
814 2143 961 2187 urbem,
988 2143 1217 2180 clamabant.
1273 2142 1335 2179 Ab
1365 2143 1424 2179 his

306 2211 471 2262 proximi
507 2209 636 2245 audita
678 2209 834 2251 incerta,
875 2219 995 2257 eoque
1032 2209 1203 2251 vaniora,
1241 2207 1340 2244 ferre
1377 2207 1424 2244 ad

306 2274 426 2319 alios:
460 2281 591 2312 cursus
620 2274 837 2324 clamorque
865 2274 1084 2310 vocantium
1114 2273 1161 2309 ad
1189 2285 1295 2309 arma
1321 2271 1426 2308 haud

306 2340 469 2379 multum
487 2354 510 2377 a
531 2347 672 2391 pavore
691 2345 812 2391 captae
831 2338 933 2376 urbis
954 2338 1097 2376 abesse.
1154 2336 1270 2375 Forte
1289 2336 1336 2374 ab
1355 2335 1424 2373 Al-
