1573 2598
112 867 240 897 Bellum

114 911 285 943 anctnas·

103 1754 182 1784 victi
198 1755 264 1785 Pri-

101 1804 254 1829 vemates.

304 113 390 167 560
770 125 813 153 T.
837 125 970 154 mvn

368 214 485 252 XIX.
516 215 644 252 Creati
674 215 847 252 consules
875 215 922 252 L.
951 215 1125 266 Papirius
1155 217 1312 255 Crassus
1348 219 1422 257 ite-

273 263 411 324 7'rum,
441 279 487 317 L.
508 280 679 316 Plautius
709 280 869 316 Venno:
903 279 1008 330 cujus
1038 281 1224 332 principio
1251 284 1340 319 anni
1367 282 1428 320 le-·

313 344 392 392 gati
412 357 459 381 ex
477 344 626 381 Volscis
653 344 891 387 Fabraterni,
913 350 950 380 et
974 343 1136 388 Lucani,
1166 345 1331 383 Romam
1360 360 1424 384 ve-

311 416 463 453 nerunt,
484 415 651 452 orantes,
668 414 710 444 ut
729 409 768 444 in
785 408 894 444 fidem
915 409 1192 459 reciperentur:
1225 411 1256 446 si
1276 424 1299 447 a
1314 411 1422 448 Sam-

309 472 448 510 nitium
477 474 590 509 armis
610 473 755 509 defensi
783 479 923 514 essent,
944 485 984 509 se
1003 473 1072 510 sub
1101 474 1262 524 imperio
1289 475 1421 526 populi

309 535 477 584 Romani
511 537 671 574 fideliter
703 543 816 585 atque
845 536 1067 573 obedienter
1093 537 1254 576 futuros,
1309 538 1423 576 Missi

309 607 389 637 tum
411 601 457 638 ab
484 611 617 638 senatu
646 601 776 650 legati,
798 601 1142 650 denunciatumque
1171 603 1420 648 Samnitibus,

311 671 350 701 ut
377 679 508 703 eorum
535 667 764 718 populorum
793 665 930 702 finibus
963 666 1039 702 vim
1069 666 1326 704 abstinerent:
1356 681 1422 706 va-

306 728 452 779 luitque
481 743 526 766 ea
554 730 709 779 legatio,
739 742 819 766 non
851 736 930 766 tam
959 730 1048 778 quia
1079 742 1210 779 pacem
1239 730 1421 768 volebant

305 793 508 836 Samnites,
529 807 642 843 quam
661 794 750 843 quia
777 793 947 829 noudum
974 793 1098 842 parati
1127 799 1235 829 erant
1263 794 1311 831 ad
1338 795 1419 832 bel-

305 855 395 894 lum.
437 856 585 893 Eodem
606 869 708 893 anno
731 856 930 892 Privernas
953 855 1096 892 bellum
1118 856 1278 892 initum:
1310 857 1418 908 cujus

305 921 398 958 socii
429 921 617 965 Fundani,
639 921 715 957 dux
744 921 859 957 etiam
881 919 955 956 fuit
981 919 1203 965 Fundanus,
1225 921 1419 961 Vitruvius

305 985 478 1032 Vaccus,
511 987 568 1022 vir
603 998 683 1022 non
708 985 812 1022 domi
849 984 986 1029 solum,
1016 985 1082 1022 sed
1117 985 1231 1023 etiam
1266 985 1418 1032 Romae,

303 1049 451 1087 clarus:
485 1051 581 1088 aedes
601 1051 707 1087 fuere
732 1051 771 1087 in
797 1049 948 1086 Palatio
974 1049 1069 1100 ejus,
1089 1063 1172 1100 quae
1190 1050 1308 1087 Vacci
1332 1064 1421 1102 pra-

301 1121 356 1158 ta,
377 1115 503 1151 diruto
524 1114 682 1151 aedificio
697 1113 968 1165 publicatoque
987 1113 1086 1159 solo,
1106 1114 1306 1164 adpellata.
1335 1115 1417 1153 Ad-

300 1190 429 1214 versus
458 1178 574 1223 hunc,
595 1184 807 1215 vastantem
834 1177 950 1214 effuse
979 1177 1152 1215 Setinum
1170 1177 1420 1216 Norbanum-

300 1253 374 1291 que
393 1247 432 1278 et
451 1242 645 1278 Coranum
665 1253 812 1290 agrum,
827 1240 875 1278 L.
894 1240 1069 1290 Papirius
1087 1240 1296 1291 profectus,
1315 1242 1418 1280 haud

299 1304 433 1354 procul
452 1305 586 1341 castris
616 1303 696 1355 ejus
718 1304 902 1341 consedit.
940 1303 1119 1339 Vitruvio
1146 1316 1216 1340 nec
1245 1311 1289 1340 ut
1315 1305 1418 1342 vallo

299 1381 339 1404 se
358 1375 505 1405 teneret
525 1368 698 1405 adversus
711 1367 934 1404 validiorem
951 1367 1117 1410 hostem,
1132 1378 1224 1404 sana
1243 1374 1419 1408 constare

298 1437 420 1475 inenS,
449 1444 534 1476 nec,
565 1438 607 1468 ut
635 1432 786 1480 longius
815 1444 838 1468 a
867 1431 999 1467 castris
1028 1430 1238 1476 dimicaret,
1268 1432 1416 1470 animus

301 1495 529 1545 subpetere:
561 1497 625 1532 vix
646 1501 731 1532 tota
760 1502 867 1531 extra
885 1501 1036 1545 portam
1065 1501 1276 1532 castrorum
1295 1495 1417 1548 expli-

299 1565 385 1596 cata
410 1559 504 1604 acie,
535 1559 667 1608 fugam
696 1560 818 1608 magis
848 1566 966 1603 retro,
996 1571 1109 1608 quam
1138 1559 1316 1610 proelium
1347 1566 1414 1598 aut

298 1623 464 1667 hostem,
485 1630 681 1674 spectante
700 1623 835 1667 milite,
857 1623 938 1659 sine
958 1621 1134 1667 consilio,
1154 1623 1236 1660 sine
1254 1624 1411 1663 audacia

298 1687 515 1739 depugnat:
548 1695 586 1725 et
622 1695 665 1725 ut
700 1688 774 1724 levi
810 1694 1008 1724 momento
1043 1699 1115 1724 nec
1147 1687 1324 1737 ambigue
1356 1695 1413 1727 est

297 1752 416 1789 victus
431 1769 441 1799 3
474 1754 542 1796 ita,
563 1753 750 1801 brevitate
779 1753 861 1803 ipsa
888 1752 962 1789 loci
982 1751 1160 1801 facilique
1188 1759 1343 1803 receptu
1370 1754 1411 1791 in

296 1824 373 1855 tam
402 1819 618 1868 propinqua
646 1824 783 1862 castra,
803 1818 906 1854 haud
935 1830 1034 1866 aegre
1062 1817 1221 1854 militem
1240 1830 1263 1854 a
1290 1818 1411 1857 multa

294 1882 396 1919 crede
426 1889 483 1918 est
510 1889 681 1919 tutatus:
714 1895 785 1919 nec
814 1882 892 1918 fere
920 1883 1119 1931 quisquam
1149 1882 1187 1918 iu
1216 1882 1300 1932 ipso
1328 1895 1408 1920 cer-

292 1946 451 1989 tamine,
474 1947 585 1996 pauci
620 1947 661 1982 in
698 1946 812 1983 turba
847 1946 948 1995 fugze
985 1953 1177 1990 extremae,
1215 1958 1330 1995 quum
1366 1947 1407 1983 in

292 2017 417 2047 castra
435 2017 601 2054 ruerent,
624 2011 734 2056 caesi;
766 2011 971 2061 primisque
996 2010 1162 2046 tenebris
1182 2009 1404 2046 Privernum

290 2075 378 2111 inde
397 2075 558 2125 petitum
578 2076 728 2123 agmine
747 2074 910 2125 trepido,
932 2079 973 2110 ut
991 2075 1106 2111 muris
1128 2074 1269 2123 potius,
1289 2086 1403 2122 quam

292 2139 407 2183 vallo,
447 2151 528 2175 sese
559 2145 785 2176 tutarentur.
825 2139 862 2175 A
890 2138 1072 2175 Priverno
1104 2137 1276 2174 Plautius
1307 2138 1404 2176 alter

291 2203 438 2247 consul,
469 2204 693 2254 pervastatis
726 2204 867 2254 passim
893 2203 992 2252 agris
1022 2203 1222 2253 praedaque
1250 2202 1399 2246 abacta,

291 2268 331 2305 in
351 2279 484 2316 agrum
499 2267 726 2306 Fundanum
742 2268 949 2306 exercitum
967 2268 1124 2306 inducit.
1167 2266 1402 2316 Ingredienti
