<?xml version="1.0" encoding="UTF-8"?>
<!DOCTYPE html PUBLIC "-//W3C//DTD XHTML 1.0 Transitional//EN"
    "http://www.w3.org/TR/xhtml1/DTD/xhtml1-transitional.dtd">
<html xmlns="http://www.w3.org/1999/xhtml" xml:lang="en" lang="en">
 <head>
  <title>
</title>
<meta http-equiv="Content-Type" content="text/html;charset=utf-8" />
  <meta name='ocr-system' content='tesseract 3.04.00' />
  <meta name='ocr-capabilities' content='ocr_page ocr_carea ocr_par ocr_line ocrx_word'/>
</head>
<body>
  <div class='ocr_page' id='page_1' title='image "./historiarumquaes01livyuoft/historiarumquaes01livyuoft_0513.png"; bbox 0 0 1573 2598; ppageno 0'>
   <div class='ocr_carea' id='block_1_1' title="bbox 377 174 1199 222">
    <p class='ocr_par' dir='ltr' id='par_1_1' title="bbox 377 174 1199 222">
     <span class='ocr_line' id='line_1_1' title="bbox 377 174 1199 222; baseline -0.002 -13"><span class='ocrx_word' id='word_1_1' title='bbox 377 177 532 209; x_wconf 80' lang='lat' dir='ltr'><strong>LIBER</strong></span> <span class='ocrx_word' id='word_1_2' title='bbox 555 176 651 208; x_wconf 79' lang='lat' dir='ltr'><em>vn.</em></span> <span class='ocrx_word' id='word_1_3' title='bbox 684 176 792 207; x_wconf 77' lang='lat' dir='ltr'><strong>CAP·</strong></span> <span class='ocrx_word' id='word_1_4' title='bbox 815 176 901 207; x_wconf 80' lang='lat' dir='ltr'><em>XX.</em></span> <span class='ocrx_word' id='word_1_5' title='bbox 1115 174 1199 222; x_wconf 86' lang='lat'><em>497</em></span> 
     </span>
    </p>
   </div>
   <div class='ocr_carea' id='block_1_2' title="bbox 81 267 1400 346">
    <p class='ocr_par' dir='ltr' id='par_1_2' title="bbox 81 267 1400 346">
     <span class='ocr_line' id='line_1_2' title="bbox 81 267 1400 346; baseline -0.001 -40"><span class='ocrx_word' id='word_1_6' title='bbox 81 268 159 306; x_wconf 80' lang='lat' dir='ltr'><em>lum</em></span> <span class='ocrx_word' id='word_1_7' title='bbox 179 268 378 319; x_wconf 87' lang='lat' dir='ltr'><em>quisquam</em></span> <span class='ocrx_word' id='word_1_8' title='bbox 404 269 600 320; x_wconf 83' lang='lat' dir='ltr'><em>adparare,</em></span> <span class='ocrx_word' id='word_1_9' title='bbox 621 267 687 306; x_wconf 87' lang='lat' dir='ltr'><em>sed</em></span> <span class='ocrx_word' id='word_1_10' title='bbox 712 280 782 320; x_wconf 89' lang='lat' dir='ltr'><em>pro</em></span> <span class='ocrx_word' id='word_1_11' title='bbox 809 282 849 306; x_wconf 88' lang='lat' dir='ltr'><em>se</em></span> <span class='ocrx_word' id='word_1_12' title='bbox 868 269 1027 319; x_wconf 87' lang='lat' dir='ltr'><em>quisque</em></span> <span class='ocrx_word' id='word_1_13' title='bbox 1052 267 1199 318; x_wconf 82' lang='lat' dir='ltr'><em>legatos</em></span> <span class='ocrx_word' id='word_1_14' title='bbox 1214 270 1306 344; x_wconf 49' lang='lat' dir='ltr'><em>kg·</em></span> <span class='ocrx_word' id='word_1_15' title='bbox 1323 277 1400 346; x_wconf 55' lang='grc' dir='ltr'><em>ἓξὲ-</em></span> 
     </span>
    </p>
   </div>
   <div class='ocr_carea' id='block_1_3' title="bbox 82 367 1410 452">
    <p class='ocr_par' dir='ltr' id='par_1_3' title="bbox 82 367 1410 452">
     <span class='ocr_line' id='line_1_3' title="bbox 82 367 1410 452; baseline 0.001 -19"><span class='ocrx_word' id='word_1_16' title='bbox 82 404 255 434; x_wconf 84' lang='lat' dir='ltr'><em>senatum</em></span> <span class='ocrx_word' id='word_1_17' title='bbox 276 410 392 447; x_wconf 90' lang='lat' dir='ltr'><em>quum</em></span> <span class='ocrx_word' id='word_1_18' title='bbox 419 398 601 441; x_wconf 85' lang='lat' dir='ltr'><em>adissent,</em></span> <span class='ocrx_word' id='word_1_19' title='bbox 623 398 670 434; x_wconf 89' lang='lat' dir='ltr'><em>ab</em></span> <span class='ocrx_word' id='word_1_20' title='bbox 698 404 833 434; x_wconf 87' lang='lat' dir='ltr'><em>senatu</em></span> <span class='ocrx_word' id='word_1_21' title='bbox 852 397 983 449; x_wconf 84' lang='lat' dir='ltr'><em>rejecti</em></span> <span class='ocrx_word' id='word_1_22' title='bbox 1004 397 1049 434; x_wconf 84' lang='lat' dir='ltr'><em>ad</em></span> <span class='ocrx_word' id='word_1_23' title='bbox 1077 411 1198 448; x_wconf 79' lang='lat' dir='ltr'><em>popu·</em></span> <span class='ocrx_word' id='word_1_24' title='bbox 1214 367 1410 452; x_wconf 44' lang='grc' dir='ltr'><em>ιῖῗζιῗέρῗῗ.</em></span> 
     </span>
    </p>
   </div>
   <div class='ocr_carea' id='block_1_4' title="bbox 84 333 1200 384">
    <p class='ocr_par' dir='ltr' id='par_1_4' title="bbox 84 333 1200 384">
     <span class='ocr_line' id='line_1_4' title="bbox 84 333 1200 384; baseline 0 -15"><span class='ocrx_word' id='word_1_25' title='bbox 84 334 182 370; x_wconf 86' lang='lat' dir='ltr'>mitti</span> <span class='ocrx_word' id='word_1_26' title='bbox 198 333 363 384; x_wconf 86' lang='lat' dir='ltr'><em>jubebat</em></span> <span class='ocrx_word' id='word_1_27' title='bbox 383 334 430 370; x_wconf 84' lang='lat' dir='ltr'><em>ad</em></span> <span class='ocrx_word' id='word_1_28' title='bbox 456 334 658 384; x_wconf 82' lang='lat' dir='ltr'><em>petendam</em></span> <span class='ocrx_word' id='word_1_29' title='bbox 683 335 819 370; x_wconf 85' lang='lat' dir='ltr'><em>erroris</em></span> <span class='ocrx_word' id='word_1_30' title='bbox 847 334 1006 371; x_wconf 85' lang='lat' dir='ltr'><em>veniam.</em></span> <span class='ocrx_word' id='word_1_31' title='bbox 1062 333 1200 383; x_wconf 79' lang='lat' dir='ltr'><em>Legati</em></span> 
     </span>
    </p>
   </div>
   <div class='ocr_carea' id='block_1_5' title="bbox 82 460 1339 512">
    <p class='ocr_par' dir='ltr' id='par_1_5' title="bbox 82 460 1339 512">
     <span class='ocr_line' id='line_1_5' title="bbox 82 460 1339 512; baseline 0.002 -15"><span class='ocrx_word' id='word_1_32' title='bbox 82 460 174 504; x_wconf 89' lang='lat' dir='ltr'><em>lum,</em></span> <span class='ocrx_word' id='word_1_33' title='bbox 201 461 307 498; x_wconf 84' lang='lat' dir='ltr'>Deos</span> <span class='ocrx_word' id='word_1_34' title='bbox 336 470 581 512; x_wconf 79' lang='lat' dir='ltr'><em>rogaverunt,</em></span> <span class='ocrx_word' id='word_1_35' title='bbox 602 475 762 512; x_wconf 88' lang='lat' dir='ltr'><em>quorum</em></span> <span class='ocrx_word' id='word_1_36' title='bbox 790 475 895 499; x_wconf 83' lang='lat' dir='ltr'>sacra</span> <span class='ocrx_word' id='word_1_37' title='bbox 924 462 1025 499; x_wconf 90' lang='lat' dir='ltr'><em>bello</em></span> <span class='ocrx_word' id='word_1_38' title='bbox 1051 463 1200 499; x_wconf 82' lang='lat' dir='ltr'>Gallico</span> <span class='ocrx_word' id='word_1_39' title='bbox 1214 461 1339 485; x_wconf 76' lang='lat' dir='ltr'><em>cantur.</em></span> 
     </span>
    </p>
   </div>
   <div class='ocr_carea' id='block_1_6' title="bbox 65 527 1204 1479">
    <p class='ocr_par' dir='ltr' id='par_1_6' title="bbox 65 527 1204 1479">
     <span class='ocr_line' id='line_1_6' title="bbox 82 527 1204 576; baseline 0.002 -15"><span class='ocrx_word' id='word_1_40' title='bbox 82 533 241 576; x_wconf 80' lang='lat' dir='ltr'><em>accepta</em></span> <span class='ocrx_word' id='word_1_41' title='bbox 266 527 338 562; x_wconf 90' lang='lat' dir='ltr'><em>rite</em></span> <span class='ocrx_word' id='word_1_42' title='bbox 363 533 644 576; x_wconf 81' lang='lat' dir='ltr'>procurassent,</span> <span class='ocrx_word' id='word_1_43' title='bbox 666 534 710 563; x_wconf 89' lang='lat' dir='ltr'><em>ut</em></span> <span class='ocrx_word' id='word_1_44' title='bbox 735 527 933 563; x_wconf 87' lang='lat' dir='ltr'><em>Romanos</em></span> <span class='ocrx_word' id='word_1_45' title='bbox 953 527 1131 564; x_wconf 85' lang='lat' dir='ltr'><em>florentes</em></span> <span class='ocrx_word' id='word_1_46' title='bbox 1159 540 1204 564; x_wconf 87' lang='lat' dir='ltr'><em>ea</em></span> 
     </span>
     <span class='ocr_line' id='line_1_7' title="bbox 81 590 1203 641; baseline 0.002 -16"><span class='ocrx_word' id='word_1_47' title='bbox 81 590 139 625; x_wconf 90' lang='lat' dir='ltr'><em>sui</em></span> <span class='ocrx_word' id='word_1_48' title='bbox 158 590 419 627; x_wconf 84' lang='lat' dir='ltr'>misericordia</span> <span class='ocrx_word' id='word_1_49' title='bbox 433 597 598 641; x_wconf 81' lang='lat' dir='ltr'><em>caperet,</em></span> <span class='ocrx_word' id='word_1_50' title='bbox 616 604 698 640; x_wconf 84' lang='lat' dir='ltr'><em>quae</em></span> <span class='ocrx_word' id='word_1_51' title='bbox 720 604 759 627; x_wconf 90' lang='lat' dir='ltr'><em>se</em></span> <span class='ocrx_word' id='word_1_52' title='bbox 778 591 889 627; x_wconf 89' lang='lat' dir='ltr'><em>rebus</em></span> <span class='ocrx_word' id='word_1_53' title='bbox 906 590 1063 627; x_wconf 78' lang='lat' dir='ltr'>adfectis</span> <span class='ocrx_word' id='word_1_54' title='bbox 1081 604 1203 641; x_wconf 90' lang='lat' dir='ltr'><em>quon-</em></span> 
     </span>
     <span class='ocr_line' id='line_1_8' title="bbox 80 653 1204 706; baseline 0.002 -16"><span class='ocrx_word' id='word_1_55' title='bbox 80 653 167 690; x_wconf 85' lang='lat' dir='ltr'><em>dam</em></span> <span class='ocrx_word' id='word_1_56' title='bbox 193 654 326 704; x_wconf 85' lang='lat' dir='ltr'><em>populi</em></span> <span class='ocrx_word' id='word_1_57' title='bbox 347 654 517 691; x_wconf 83' lang='lat' dir='ltr'><em>Romani</em></span> <span class='ocrx_word' id='word_1_58' title='bbox 540 656 702 706; x_wconf 77' lang='lat' dir='ltr'>cepisset</span> <span class='ocrx_word' id='word_1_59' title='bbox 716 673 725 701; x_wconf 84' lang='lat'><em>3</em></span> <span class='ocrx_word' id='word_1_60' title='bbox 759 656 1006 705; x_wconf 87' lang='lat' dir='ltr'><em>conversique</em></span> <span class='ocrx_word' id='word_1_61' title='bbox 1032 656 1079 692; x_wconf 87' lang='lat' dir='ltr'><em>ad</em></span> <span class='ocrx_word' id='word_1_62' title='bbox 1098 656 1204 692; x_wconf 86' lang='lat' dir='ltr'><em>‹lelu-</em></span> 
     </span>
     <span class='ocr_line' id='line_1_9' title="bbox 78 717 1203 770; baseline 0.004 -17"><span class='ocrx_word' id='word_1_63' title='bbox 78 717 149 754; x_wconf 87' lang='lat' dir='ltr'><em>bra</em></span> <span class='ocrx_word' id='word_1_64' title='bbox 168 718 309 762; x_wconf 86' lang='lat' dir='ltr'><em>Vestae,</em></span> <span class='ocrx_word' id='word_1_65' title='bbox 337 719 547 770; x_wconf 85' lang='lat' dir='ltr'><strong>hospitium</strong></span> <span class='ocrx_word' id='word_1_66' title='bbox 567 720 763 757; x_wconf 76' lang='lat' dir='ltr'><em>flaminum</em></span> <span class='ocrx_word' id='word_1_67' title='bbox 788 720 1075 769; x_wconf 79' lang='lat' dir='ltr'>Vestaliumque</span> <span class='ocrx_word' id='word_1_68' title='bbox 1096 720 1142 757; x_wconf 89' lang='lat' dir='ltr'><em>ab</em></span> <span class='ocrx_word' id='word_1_69' title='bbox 1163 733 1203 757; x_wconf 87' lang='lat' dir='ltr'><em>se</em></span> 
     </span>
     <span class='ocr_line' id='line_1_10' title="bbox 77 783 1202 833; baseline 0.002 -14"><span class='ocrx_word' id='word_1_70' title='bbox 77 789 181 819; x_wconf 85' lang='lat' dir='ltr'><em>caste</em></span> <span class='ocrx_word' id='word_1_71' title='bbox 201 795 245 820; x_wconf 86' lang='lat' dir='ltr'>ac</span> <span class='ocrx_word' id='word_1_72' title='bbox 264 783 442 833; x_wconf 86' lang='lat' dir='ltr'>religiose</span> <span class='ocrx_word' id='word_1_73' title='bbox 462 784 607 821; x_wconf 83' lang='lat' dir='ltr'><em>cultum</em></span> <span class='ocrx_word' id='word_1_74' title='bbox 627 785 870 822; x_wconf 85' lang='lat' dir='ltr'><em>invocabant.</em></span> <span class='ocrx_word' id='word_1_75' title='bbox 920 785 1026 821; x_wconf 78' lang='lat' dir='ltr'><em>Eane</em></span> <span class='ocrx_word' id='word_1_76' title='bbox 1043 787 1202 827; x_wconf 79' lang='lat' dir='ltr'><em>meritos,</em></span> 
     </span>
     <span class='ocr_line' id='line_1_11' title="bbox 78 847 1204 898; baseline 0.002 -15"><span class='ocrx_word' id='word_1_77' title='bbox 78 848 235 884; x_wconf 82' lang='lat' dir='ltr'><em>crederet</em></span> <span class='ocrx_word' id='word_1_78' title='bbox 253 850 453 897; x_wconf 80' lang='lat' dir='ltr'><em>quisquam,</em></span> <span class='ocrx_word' id='word_1_79' title='bbox 482 849 597 885; x_wconf 83' lang='lat' dir='ltr'><em>hostes</em></span> <span class='ocrx_word' id='word_1_80' title='bbox 625 853 771 898; x_wconf 86' lang='lat' dir='ltr'><em>repente</em></span> <span class='ocrx_word' id='word_1_81' title='bbox 798 850 873 884; x_wconf 88' lang='lat' dir='ltr'><em>sine</em></span> <span class='ocrx_word' id='word_1_82' title='bbox 898 861 1023 885; x_wconf 80' lang='lat' dir='ltr'>caussa</span> <span class='ocrx_word' id='word_1_83' title='bbox 1041 847 1204 898; x_wconf 74' lang='lat' dir='ltr'><em>factos?</em></span> 
     </span>
     <span class='ocr_line' id='line_1_12' title="bbox 78 912 1203 961; baseline 0.001 -14"><span class='ocrx_word' id='word_1_84' title='bbox 78 916 156 955; x_wconf 86' lang='lat' dir='ltr'><em>aut,</em></span> <span class='ocrx_word' id='word_1_85' title='bbox 176 914 208 948; x_wconf 88' lang='lat' dir='ltr'><em>si</em></span> <span class='ocrx_word' id='word_1_86' title='bbox 226 913 313 960; x_wconf 83' lang='lat' dir='ltr'><em>quid</em></span> <span class='ocrx_word' id='word_1_87' title='bbox 331 913 507 949; x_wconf 79' lang='lat' dir='ltr'><em>hostiliter</em></span> <span class='ocrx_word' id='word_1_88' title='bbox 514 912 702 961; x_wconf 83' lang='lat' dir='ltr'><em>fecissent,</em></span> <span class='ocrx_word' id='word_1_89' title='bbox 723 914 869 949; x_wconf 80' lang='lat' dir='ltr'><em>consilio</em></span> <span class='ocrx_word' id='word_1_90' title='bbox 888 914 927 948; x_wconf 83' lang='lat' dir='ltr'>id</span> <span class='ocrx_word' id='word_1_91' title='bbox 944 915 1074 961; x_wconf 79' lang='lat' dir='ltr'><em>magis,</em></span> <span class='ocrx_word' id='word_1_92' title='bbox 1096 925 1203 961; x_wconf 80' lang='lat' dir='ltr'><em>quam</em></span> 
     </span>
     <span class='ocr_line' id='line_1_13' title="bbox 66 975 1204 1027; baseline 0.001 -15"><span class='ocrx_word' id='word_1_93' title='bbox 66 975 201 1026; x_wconf 85' lang='lat' dir='ltr'><em>furore</em></span> <span class='ocrx_word' id='word_1_94' title='bbox 230 978 360 1025; x_wconf 81' lang='lat' dir='ltr'><em>lapsos,</em></span> <span class='ocrx_word' id='word_1_95' title='bbox 384 978 532 1027; x_wconf 84' lang='lat' dir='ltr'><em>fecisse,</em></span> <span class='ocrx_word' id='word_1_96' title='bbox 560 984 600 1015; x_wconf 83' lang='lat' dir='ltr'><em>ut</em></span> <span class='ocrx_word' id='word_1_97' title='bbox 629 991 694 1014; x_wconf 86' lang='lat' dir='ltr'><em>sua</em></span> <span class='ocrx_word' id='word_1_98' title='bbox 722 983 842 1014; x_wconf 82' lang='lat' dir='ltr'><em>vetera</em></span> <span class='ocrx_word' id='word_1_99' title='bbox 871 978 1050 1027; x_wconf 83' lang='lat' dir='ltr'><em>beneficia,</em></span> <span class='ocrx_word' id='word_1_100' title='bbox 1082 979 1204 1014; x_wconf 74' lang='lat' dir='ltr'><em>locata</em></span> 
     </span>
     <span class='ocr_line' id='line_1_14' title="bbox 76 1043 1201 1091; baseline -0.001 -12"><span class='ocrx_word' id='word_1_101' title='bbox 76 1043 272 1090; x_wconf 66' lang='lat' dir='ltr'><em>praesertim</em></span> <span class='ocrx_word' id='word_1_102' title='bbox 293 1044 393 1091; x_wconf 86' lang='lat' dir='ltr'><em>apud</em></span> <span class='ocrx_word' id='word_1_103' title='bbox 414 1048 487 1079; x_wconf 88' lang='lat' dir='ltr'><em>tam</em></span> <span class='ocrx_word' id='word_1_104' title='bbox 505 1048 643 1091; x_wconf 81' lang='lat' dir='ltr'><em>gratos,</em></span> <span class='ocrx_word' id='word_1_105' title='bbox 667 1045 766 1079; x_wconf 76' lang='lat' dir='ltr'><em>novis</em></span> <span class='ocrx_word' id='word_1_106' title='bbox 791 1048 1064 1091; x_wconf 78' lang='lat' dir='ltr'><em>conrumperent</em></span> <span class='ocrx_word' id='word_1_107' title='bbox 1088 1044 1201 1078; x_wconf 75' lang='lat' dir='ltr'><em>ntale-</em></span> 
     </span>
     <span class='ocr_line' id='line_1_15' title="bbox 65 1105 1202 1157; baseline 0.001 -16"><span class='ocrx_word' id='word_1_108' title='bbox 65 1106 197 1156; x_wconf 70' lang='lat' dir='ltr'>ficiis?</span> <span class='ocrx_word' id='word_1_109' title='bbox 210 1107 473 1157; x_wconf 83' lang='lat' dir='ltr'><em>florentemque</em></span> <span class='ocrx_word' id='word_1_110' title='bbox 482 1109 659 1156; x_wconf 81' lang='lat' dir='ltr'><em>populum</em></span> <span class='ocrx_word' id='word_1_111' title='bbox 675 1107 877 1143; x_wconf 81' lang='lat' dir='ltr'><em>Romanum</em></span> <span class='ocrx_word' id='word_1_112' title='bbox 895 1119 939 1143; x_wconf 89' lang='lat' dir='ltr'><em>ac</em></span> <span class='ocrx_word' id='word_1_113' title='bbox 945 1105 1202 1156; x_wconf 79' lang='lat' dir='ltr'><em>felicissimum</em></span> 
     </span>
     <span class='ocr_line' id='line_1_16' title="bbox 76 1171 1202 1223; baseline 0.001 -17"><span class='ocrx_word' id='word_1_114' title='bbox 76 1171 170 1207; x_wconf 83' lang='lat' dir='ltr'><em>bello</em></span> <span class='ocrx_word' id='word_1_115' title='bbox 195 1172 262 1208; x_wconf 84' lang='lat' dir='ltr'>sibi</span> <span class='ocrx_word' id='word_1_116' title='bbox 280 1174 503 1209; x_wconf 80' lang='lat' dir='ltr'><em>desumerent</em></span> <span class='ocrx_word' id='word_1_117' title='bbox 531 1173 677 1216; x_wconf 78' lang='lat' dir='ltr'><em>hostem,</em></span> <span class='ocrx_word' id='word_1_118' title='bbox 709 1171 808 1219; x_wconf 84' lang='lat' dir='ltr'><em>cujus</em></span> <span class='ocrx_word' id='word_1_119' title='bbox 836 1172 973 1223; x_wconf 53' lang='lat' dir='ltr'>adflicti</span> <span class='ocrx_word' id='word_1_120' title='bbox 1001 1172 1202 1208; x_wconf 76' lang='lat' dir='ltr'><em>amicitiam</em></span> 
     </span>
     <span class='ocr_line' id='line_1_17' title="bbox 78 1237 1199 1285; baseline 0.001 -14"><span class='ocrx_word' id='word_1_121' title='bbox 78 1237 250 1284; x_wconf 81' lang='lat' dir='ltr'><em>cepissent</em></span> <span class='ocrx_word' id='word_1_122' title='bbox 262 1237 283 1272; x_wconf 77' lang='grc'><em>,9</em></span> <span class='ocrx_word' id='word_1_123' title='bbox 310 1249 355 1273; x_wconf 86' lang='lat' dir='ltr'><em>ne</em></span> <span class='ocrx_word' id='word_1_124' title='bbox 373 1238 601 1285; x_wconf 74' lang='lat' dir='ltr'><em>adpellarent</em></span> <span class='ocrx_word' id='word_1_125' title='bbox 627 1238 826 1280; x_wconf 82' lang='lat' dir='ltr'><em>consilium,</em></span> <span class='ocrx_word' id='word_1_126' title='bbox 848 1249 927 1285; x_wconf 81' lang='lat' dir='ltr'><em>quoe</em></span> <span class='ocrx_word' id='word_1_127' title='bbox 944 1239 996 1272; x_wconf 85' lang='lat' dir='ltr'><em>vis</em></span> <span class='ocrx_word' id='word_1_128' title='bbox 1015 1249 1057 1272; x_wconf 87' lang='lat' dir='ltr'><em>ac</em></span> <span class='ocrx_word' id='word_1_129' title='bbox 1080 1247 1199 1272; x_wconf 86' lang='lat' dir='ltr'><em>neces-</em></span> 
     </span>
     <span class='ocr_line' id='line_1_18' title="bbox 74 1301 1201 1351; baseline 0.002 -15"><span class='ocrx_word' id='word_1_130' title='bbox 74 1301 163 1336; x_wconf 82' lang='lat' dir='ltr'><em>sitas</em></span> <span class='ocrx_word' id='word_1_131' title='bbox 180 1302 400 1350; x_wconf 79' lang='lat' dir='ltr'><em>adpellunda</em></span> <span class='ocrx_word' id='word_1_132' title='bbox 419 1307 516 1339; x_wconf 87' lang='lat' dir='ltr'><em>esset.</em></span> <span class='ocrx_word' id='word_1_133' title='bbox 580 1304 814 1338; x_wconf 76' lang='lat' dir='ltr'><em>Transeuntes</em></span> <span class='ocrx_word' id='word_1_134' title='bbox 828 1304 969 1349; x_wconf 80' lang='lat' dir='ltr'><em>agmine</em></span> <span class='ocrx_word' id='word_1_135' title='bbox 989 1301 1117 1351; x_wconf 83' lang='lat' dir='ltr'><em>infesto</em></span> <span class='ocrx_word' id='word_1_136' title='bbox 1132 1312 1201 1351; x_wconf 85' lang='lat' dir='ltr'><em>per</em></span> 
     </span>
     <span class='ocr_line' id='line_1_19' title="bbox 75 1366 1200 1416; baseline 0.003 -16"><span class='ocrx_word' id='word_1_137' title='bbox 75 1376 205 1413; x_wconf 85' lang='lat' dir='ltr'><em>agrum</em></span> <span class='ocrx_word' id='word_1_138' title='bbox 222 1378 323 1402; x_wconf 81' lang='lat' dir='ltr'><em>suum</em></span> <span class='ocrx_word' id='word_1_139' title='bbox 349 1368 633 1415; x_wconf 82' lang='lat' dir='ltr'><em>Tarquinienses,</em></span> <span class='ocrx_word' id='word_1_140' title='bbox 648 1379 757 1416; x_wconf 83' lang='lat' dir='ltr'><em>quum</em></span> <span class='ocrx_word' id='word_1_141' title='bbox 771 1371 905 1415; x_wconf 79' lang='lat' dir='ltr'><em>praeter</em></span> <span class='ocrx_word' id='word_1_142' title='bbox 917 1368 1014 1402; x_wconf 87' lang='lat' dir='ltr'><em>viam</em></span> <span class='ocrx_word' id='word_1_143' title='bbox 1027 1366 1119 1402; x_wconf 80' lang='lat' dir='ltr'><em>nihil</em></span> <span class='ocrx_word' id='word_1_144' title='bbox 1132 1378 1200 1415; x_wconf 82' lang='lat' dir='ltr'><em>pe·</em></span> 
     </span>
     <span class='ocr_line' id='line_1_20' title="bbox 78 1429 1198 1479; baseline 0.003 -15"><span class='ocrx_word' id='word_1_145' title='bbox 78 1429 214 1472; x_wconf 73' lang='lat' dir='ltr'><em>iissent,</em></span> <span class='ocrx_word' id='word_1_146' title='bbox 241 1432 389 1467; x_wconf 79' lang='lat' dir='ltr'><em>traxisse</em></span> <span class='ocrx_word' id='word_1_147' title='bbox 408 1433 579 1479; x_wconf 84' lang='lat' dir='ltr'><em>quosdam</em></span> <span class='ocrx_word' id='word_1_148' title='bbox 604 1433 811 1479; x_wconf 81' lang='lat' dir='ltr'><em>agrestium,</em></span> <span class='ocrx_word' id='word_1_149' title='bbox 835 1431 1086 1479; x_wconf 83' lang='lat' dir='ltr'><em>populationis</em></span> <span class='ocrx_word' id='word_1_150' title='bbox 1109 1429 1198 1478; x_wconf 82' lang='lat' dir='ltr'><em>ejus,</em></span> 
     </span>
    </p>
   </div>
   <div class='ocr_carea' id='block_1_7' title="bbox 75 1494 1197 1543">
    <p class='ocr_par' dir='ltr' id='par_1_7' title="bbox 75 1494 1197 1543">
     <span class='ocr_line' id='line_1_21' title="bbox 75 1494 1197 1543; baseline 0.002 -14"><span class='ocrx_word' id='word_1_151' title='bbox 75 1505 155 1541; x_wconf 84' lang='lat' dir='ltr'><em>quae</em></span> <span class='ocrx_word' id='word_1_152' title='bbox 171 1494 237 1530; x_wconf 87' lang='lat' dir='ltr'>sibi</span> <span class='ocrx_word' id='word_1_153' title='bbox 254 1496 396 1531; x_wconf 83' lang='lat' dir='ltr'>crimini</span> <span class='ocrx_word' id='word_1_154' title='bbox 415 1497 532 1539; x_wconf 85' lang='lat' dir='ltr'><em>detur,</em></span> <span class='ocrx_word' id='word_1_155' title='bbox 554 1496 710 1532; x_wconf 81' lang='lat' dir='ltr'>comites.</span> <span class='ocrx_word' id='word_1_156' title='bbox 752 1495 838 1537; x_wconf 88' lang='lat' dir='ltr'><em>Eos,</em></span> <span class='ocrx_word' id='word_1_157' title='bbox 858 1507 918 1531; x_wconf 83' lang='lat' dir='ltr'><em>seu</em></span> <span class='ocrx_word' id='word_1_158' title='bbox 938 1495 1023 1531; x_wconf 84' lang='lat' dir='ltr'><em>dedi</em></span> <span class='ocrx_word' id='word_1_159' title='bbox 1036 1495 1197 1543; x_wconf 80' lang='lat' dir='ltr'><em>placeat,</em></span> 
     </span>
    </p>
   </div>
   <div class='ocr_carea' id='block_1_8' title="bbox 72 1558 1201 1866">
    <p class='ocr_par' dir='ltr' id='par_1_8' title="bbox 72 1558 1201 1866">
     <span class='ocr_line' id='line_1_22' title="bbox 77 1558 1201 1609; baseline 0.003 -16"><span class='ocrx_word' id='word_1_160' title='bbox 77 1558 204 1594; x_wconf 86' lang='lat' dir='ltr'><em>dedere</em></span> <span class='ocrx_word' id='word_1_161' title='bbox 230 1571 268 1595; x_wconf 89' lang='lat' dir='ltr'><em>se</em></span> <span class='ocrx_word' id='word_1_162' title='bbox 294 1565 443 1608; x_wconf 84' lang='lat' dir='ltr'><em>paratos</em></span> <span class='ocrx_word' id='word_1_163' title='bbox 471 1572 543 1596; x_wconf 88' lang='lat' dir='ltr'><em>esse</em></span> <span class='ocrx_word' id='word_1_164' title='bbox 554 1577 566 1604; x_wconf 81' lang='grc'><em>,·</em></span> <span class='ocrx_word' id='word_1_165' title='bbox 599 1573 660 1596; x_wconf 83' lang='lat' dir='ltr'><em>seu</em></span> <span class='ocrx_word' id='word_1_166' title='bbox 690 1561 867 1609; x_wconf 85' lang='lat' dir='ltr'><em>supplicio</em></span> <span class='ocrx_word' id='word_1_167' title='bbox 895 1560 1018 1609; x_wconf 85' lang='lat' dir='ltr'>adfici,</span> <span class='ocrx_word' id='word_1_168' title='bbox 1053 1560 1201 1596; x_wconf 79' lang='lat' dir='ltr'><em>daturos</em></span> 
     </span>
     <span class='ocr_line' id='line_1_23' title="bbox 72 1622 1200 1672; baseline 0.002 -15"><span class='ocrx_word' id='word_1_169' title='bbox 72 1633 203 1670; x_wconf 84' lang='lat' dir='ltr'><em>poenas.</em></span> <span class='ocrx_word' id='word_1_170' title='bbox 252 1622 363 1667; x_wconf 82' lang='lat' dir='ltr'><em>Coere,</em></span> <span class='ocrx_word' id='word_1_171' title='bbox 391 1626 591 1661; x_wconf 83' lang='lat' dir='ltr'><em>sacrarium</em></span> <span class='ocrx_word' id='word_1_172' title='bbox 612 1625 740 1672; x_wconf 81' lang='lat' dir='ltr'><em>populi</em></span> <span class='ocrx_word' id='word_1_173' title='bbox 760 1623 933 1667; x_wconf 83' lang='lat' dir='ltr'><em>Romani,</em></span> <span class='ocrx_word' id='word_1_174' title='bbox 961 1624 1200 1660; x_wconf 79' lang='lat' dir='ltr'><em>deversorium</em></span> 
     </span>
     <span class='ocr_line' id='line_1_24' title="bbox 75 1688 1198 1737; baseline 0.002 -16"><span class='ocrx_word' id='word_1_175' title='bbox 75 1688 315 1731; x_wconf 80' lang='lat' dir='ltr'><em>sacerdotum,</em></span> <span class='ocrx_word' id='word_1_176' title='bbox 350 1701 394 1724; x_wconf 90' lang='lat' dir='ltr'><em>ac</em></span> <span class='ocrx_word' id='word_1_177' title='bbox 425 1690 690 1737; x_wconf 76' lang='lat' dir='ltr'><em>receptaculum</em></span> <span class='ocrx_word' id='word_1_178' title='bbox 722 1688 969 1724; x_wconf 84' lang='lat' dir='ltr'><em>Romanorum</em></span> <span class='ocrx_word' id='word_1_179' title='bbox 1000 1699 1198 1734; x_wconf 85' lang='lat' dir='ltr'><em>sacrorum,</em></span> 
     </span>
     <span class='ocr_line' id='line_1_25' title="bbox 77 1751 1198 1801; baseline 0.001 -14"><span class='ocrx_word' id='word_1_180' title='bbox 77 1751 255 1787; x_wconf 79' lang='lat' dir='ltr'><em>intactum</em></span> <span class='ocrx_word' id='word_1_181' title='bbox 287 1753 571 1801; x_wconf 77' lang='lat' dir='ltr'><em>inviolatumque</em></span> <span class='ocrx_word' id='word_1_182' title='bbox 595 1754 743 1788; x_wconf 86' lang='lat' dir='ltr'><em>crimine</em></span> <span class='ocrx_word' id='word_1_183' title='bbox 767 1752 863 1794; x_wconf 83' lang='lat' dir='ltr'><em>belli,</em></span> <span class='ocrx_word' id='word_1_184' title='bbox 894 1752 1046 1800; x_wconf 77' lang='lat' dir='ltr'><em>hospitio</em></span> <span class='ocrx_word' id='word_1_185' title='bbox 1075 1752 1198 1788; x_wconf 84' lang='lat' dir='ltr'><em>Vesta-</em></span> 
     </span>
     <span class='ocr_line' id='line_1_26' title="bbox 79 1815 1198 1866; baseline 0.002 -16"><span class='ocrx_word' id='word_1_186' title='bbox 79 1815 166 1851; x_wconf 83' lang='lat' dir='ltr'><em>lium</em></span> <span class='ocrx_word' id='word_1_187' title='bbox 187 1816 360 1865; x_wconf 82' lang='lat' dir='ltr'><em>cultisque</em></span> <span class='ocrx_word' id='word_1_188' title='bbox 375 1818 462 1853; x_wconf 85' lang='lat' dir='ltr'>Diis</span> <span class='ocrx_word' id='word_1_189' title='bbox 476 1819 616 1854; x_wconf 84' lang='lat' dir='ltr'><em>darent.</em></span> <span class='ocrx_word' id='word_1_190' title='bbox 671 1816 800 1853; x_wconf 87' lang='lat' dir='ltr'>Movit</span> <span class='ocrx_word' id='word_1_191' title='bbox 818 1815 1001 1866; x_wconf 91' lang='lat' dir='ltr'><em>populum</em></span> <span class='ocrx_word' id='word_1_192' title='bbox 1020 1829 1099 1852; x_wconf 86' lang='lat' dir='ltr'><em>non</em></span> <span class='ocrx_word' id='word_1_193' title='bbox 1118 1822 1198 1853; x_wconf 86' lang='lat' dir='ltr'><em>tam</em></span> 
     </span>
    </p>
   </div>
   <div class='ocr_carea' id='block_1_9' title="bbox 76 1880 1389 1930">
    <p class='ocr_par' dir='ltr' id='par_1_9' title="bbox 76 1880 1389 1930">
     <span class='ocr_line' id='line_1_27' title="bbox 76 1880 1389 1930; baseline 0.005 -15"><span class='ocrx_word' id='word_1_194' title='bbox 76 1891 211 1915; x_wconf 86' lang='lat' dir='ltr'><em>caussa</em></span> <span class='ocrx_word' id='word_1_195' title='bbox 240 1893 419 1930; x_wconf 86' lang='lat' dir='ltr'><em>praesens,</em></span> <span class='ocrx_word' id='word_1_196' title='bbox 447 1894 560 1930; x_wconf 89' lang='lat' dir='ltr'><em>quam</em></span> <span class='ocrx_word' id='word_1_197' title='bbox 586 1887 692 1917; x_wconf 88' lang='lat' dir='ltr'><em>vetus</em></span> <span class='ocrx_word' id='word_1_198' title='bbox 721 1881 914 1924; x_wconf 88' lang='lat' dir='ltr'><em>meritum,</em></span> <span class='ocrx_word' id='word_1_199' title='bbox 937 1886 981 1916; x_wconf 88' lang='lat' dir='ltr'><em>ut</em></span> <span class='ocrx_word' id='word_1_200' title='bbox 1005 1880 1389 1925; x_wconf 83' lang='lat' dir='ltr'><em>maleficii,Pacemin-</em></span> 
     </span>
    </p>
   </div>
   <div class='ocr_carea' id='block_1_10' title="bbox 76 1944 1198 2382">
    <p class='ocr_par' dir='ltr' id='par_1_10' title="bbox 76 1944 1198 2382">
     <span class='ocr_line' id='line_1_28' title="bbox 76 1944 1197 1996; baseline 0.003 -16"><span class='ocrx_word' id='word_1_201' title='bbox 76 1955 191 1993; x_wconf 87' lang='lat' dir='ltr'><em>quam</em></span> <span class='ocrx_word' id='word_1_202' title='bbox 220 1944 409 1988; x_wconf 90' lang='lat' dir='ltr'><em>beneficii,</em></span> <span class='ocrx_word' id='word_1_203' title='bbox 440 1946 567 1996; x_wconf 90' lang='lat' dir='ltr'><em>potius</em></span> <span class='ocrx_word' id='word_1_204' title='bbox 604 1946 830 1982; x_wconf 83' lang='lat' dir='ltr'><em>inmemores</em></span> <span class='ocrx_word' id='word_1_205' title='bbox 865 1952 1004 1983; x_wconf 88' lang='lat' dir='ltr'><em>essent.</em></span> <span class='ocrx_word' id='word_1_206' title='bbox 1060 1945 1197 1995; x_wconf 84' lang='lat' dir='ltr'><em>Itaque</em></span> 
     </span>
     <span class='ocr_line' id='line_1_29' title="bbox 78 2009 1197 2059; baseline 0.003 -15"><span class='ocrx_word' id='word_1_207' title='bbox 78 2020 153 2057; x_wconf 84' lang='lat' dir='ltr'><em>pax</em></span> <span class='ocrx_word' id='word_1_208' title='bbox 178 2009 322 2059; x_wconf 86' lang='lat' dir='ltr'><em>populo</em></span> <span class='ocrx_word' id='word_1_209' title='bbox 343 2010 474 2046; x_wconf 81' lang='lat' dir='ltr'>Caeriti</span> <span class='ocrx_word' id='word_1_210' title='bbox 494 2010 595 2054; x_wconf 84' lang='lat' dir='ltr'><em>data,</em></span> <span class='ocrx_word' id='word_1_211' title='bbox 615 2010 863 2059; x_wconf 85' lang='lat' dir='ltr'><em>induciasque</em></span> <span class='ocrx_word' id='word_1_212' title='bbox 888 2009 928 2045; x_wconf 88' lang='lat' dir='ltr'><em>in</em></span> <span class='ocrx_word' id='word_1_213' title='bbox 948 2015 1102 2046; x_wconf 89' lang='lat' dir='ltr'><em>centum</em></span> <span class='ocrx_word' id='word_1_214' title='bbox 1128 2023 1197 2047; x_wconf 86' lang='lat' dir='ltr'><em>an-</em></span> 
     </span>
     <span class='ocr_line' id='line_1_30' title="bbox 78 2072 1197 2124; baseline 0.003 -17"><span class='ocrx_word' id='word_1_215' title='bbox 78 2083 148 2108; x_wconf 87' lang='lat' dir='ltr'><em>nos</em></span> <span class='ocrx_word' id='word_1_216' title='bbox 168 2072 288 2109; x_wconf 84' lang='lat' dir='ltr'>factas</span> <span class='ocrx_word' id='word_1_217' title='bbox 317 2073 355 2109; x_wconf 90' lang='lat' dir='ltr'><em>in</em></span> <span class='ocrx_word' id='word_1_218' title='bbox 382 2073 756 2110; x_wconf 80' lang='lat' dir='ltr'><em>senatusconsultum</em></span> <span class='ocrx_word' id='word_1_219' title='bbox 781 2073 911 2109; x_wconf 86' lang='lat' dir='ltr'><em>referri</em></span> <span class='ocrx_word' id='word_1_220' title='bbox 937 2072 1093 2124; x_wconf 86' lang='lat' dir='ltr'>placuit.</span> <span class='ocrx_word' id='word_1_221' title='bbox 1149 2073 1197 2110; x_wconf 92' lang='lat' dir='ltr'><em>In</em></span> 
     </span>
     <span class='ocr_line' id='line_1_31' title="bbox 77 2133 1198 2180; baseline 0.004 -10"><span class='ocrx_word' id='word_1_222' title='bbox 77 2133 262 2180; x_wconf 80' lang='lat' dir='ltr'>Faliscos,</span> <span class='ocrx_word' id='word_1_223' title='bbox 294 2136 428 2173; x_wconf 88' lang='lat' dir='ltr'><em>eodem</em></span> <span class='ocrx_word' id='word_1_224' title='bbox 456 2138 594 2175; x_wconf 87' lang='lat' dir='ltr'><em>noxios</em></span> <span class='ocrx_word' id='word_1_225' title='bbox 622 2137 793 2180; x_wconf 89' lang='lat' dir='ltr'><em>crimine,</em></span> <span class='ocrx_word' id='word_1_226' title='bbox 816 2137 871 2173; x_wconf 91' lang='lat' dir='ltr'><em>vis</em></span> <span class='ocrx_word' id='word_1_227' title='bbox 897 2136 989 2173; x_wconf 88' lang='lat' dir='ltr'><em>belli</em></span> <span class='ocrx_word' id='word_1_228' title='bbox 1014 2149 1198 2174; x_wconf 87' lang='lat' dir='ltr'><em>conversa</em></span> 
     </span>
     <span class='ocr_line' id='line_1_32' title="bbox 79 2190 1197 2252; baseline 0.004 -18"><span class='ocrx_word' id='word_1_229' title='bbox 79 2205 158 2235; x_wconf 81' lang='lat' dir='ltr'><em>est:</em></span> <span class='ocrx_word' id='word_1_230' title='bbox 191 2190 256 2237; x_wconf 77' lang='lat' dir='ltr'><em>sed</em></span> <span class='ocrx_word' id='word_1_231' title='bbox 287 2201 415 2238; x_wconf 89' lang='lat' dir='ltr'><em>hostes</em></span> <span class='ocrx_word' id='word_1_232' title='bbox 447 2215 634 2252; x_wconf 87' lang='lat' dir='ltr'><em>nusquam</em></span> <span class='ocrx_word' id='word_1_233' title='bbox 664 2203 820 2239; x_wconf 82' lang='lat' dir='ltr'><em>inventi.</em></span> <span class='ocrx_word' id='word_1_234' title='bbox 878 2201 1007 2241; x_wconf 89' lang='lat' dir='ltr'><em>Quum</em></span> <span class='ocrx_word' id='word_1_235' title='bbox 1036 2201 1197 2252; x_wconf 85' lang='lat' dir='ltr'><em>popula-</em></span> 
     </span>
     <span class='ocr_line' id='line_1_33' title="bbox 78 2264 1197 2316; baseline 0.004 -18"><span class='ocrx_word' id='word_1_236' title='bbox 78 2264 184 2299; x_wconf 85' lang='lat' dir='ltr'><em>tione</em></span> <span class='ocrx_word' id='word_1_237' title='bbox 204 2267 394 2314; x_wconf 82' lang='lat' dir='ltr'><em>peragrati</em></span> <span class='ocrx_word' id='word_1_238' title='bbox 409 2266 503 2303; x_wconf 87' lang='lat' dir='ltr'><em>fines</em></span> <span class='ocrx_word' id='word_1_239' title='bbox 521 2273 661 2311; x_wconf 87' lang='lat' dir='ltr'><em>essent,</em></span> <span class='ocrx_word' id='word_1_240' title='bbox 678 2266 726 2304; x_wconf 87' lang='lat' dir='ltr'><em>ab</em></span> <span class='ocrx_word' id='word_1_241' title='bbox 742 2266 1031 2316; x_wconf 77' lang='lat' dir='ltr'><em>obpugnatione</em></span> <span class='ocrx_word' id='word_1_242' title='bbox 1046 2264 1197 2303; x_wconf 79' lang='lat' dir='ltr'><em>urbium</em></span> 
     </span>
     <span class='ocr_line' id='line_1_34' title="bbox 81 2329 1197 2382; baseline 0.004 -19"><span class='ocrx_word' id='word_1_243' title='bbox 81 2333 353 2380; x_wconf 83' lang='lat' dir='ltr'><em>temperatum:</em></span> <span class='ocrx_word' id='word_1_244' title='bbox 385 2330 675 2382; x_wconf 83' lang='lat' dir='ltr'><em>legionibusque</em></span> <span class='ocrx_word' id='word_1_245' title='bbox 705 2331 871 2368; x_wconf 88' lang='lat' dir='ltr'><em>Romam</em></span> <span class='ocrx_word' id='word_1_246' title='bbox 903 2329 1081 2374; x_wconf 71' lang='lat' dir='ltr'><em>reductis,</em></span> <span class='ocrx_word' id='word_1_247' title='bbox 1108 2329 1197 2367; x_wconf 82' lang='lat' dir='ltr'><em>reli·</em></span> 
     </span>
    </p>
   </div>
   <div class='ocr_carea' id='block_1_11' title="bbox 1208 1940 1344 1975">
    <p class='ocr_par' dir='ltr' id='par_1_11' title="bbox 1208 1940 1344 1975">
     <span class='ocr_line' id='line_1_35' title="bbox 1208 1940 1344 1975; baseline 0.015 -12"><span class='ocrx_word' id='word_1_248' title='bbox 1208 1940 1344 1975; x_wconf 77' lang='lat' dir='ltr'><em>petram,</em></span> 
     </span>
    </p>
   </div>
  </div>
 </body>
</html>
