1573 2598
126 294 171 327 U.
187 294 224 326 C.
240 301 314 328 2305.

125 340 165 371 A.
178 338 220 371 C.
236 345 311 376 447.

133 1661 172 1692 L.
186 1659 305 1691 Corne-

133 1702 197 1734 lius
212 1703 340 1733 decem-

131 1747 216 1778 νῖκος
224 1752 331 1778 tuetur

343 191 431 236 218.
794 206 841 235 r.
865 192 998 236 mvii

342 303 499 328 evasura
533 302 592 327 res
621 296 732 334 esset,
763 299 987 339 cernerent;
1020 292 1065 330 C.
1092 291 1256 338 Claudii,
1284 296 1351 346 qui
1385 308 1453 348 pa-

340 362 446 393 truus
479 355 595 405 Appii
630 354 830 392 decemviri
866 363 960 400 erat,
998 357 1123 394 oratio
1157 358 1232 395 fuit
1264 359 1453 409 precibus,

340 432 454 470 quam
474 418 621 470 jurgio,
648 419 795 463 similis,
821 422 965 457 orantis
991 434 1058 471 per
1082 422 1141 458 sui
1168 422 1294 459 fratris
1320 436 1463 474 parem.

338 485 464 534 tisque
499 483 579 534 ejus
617 496 773 530 manes;
811 486 861 522 Ut
896 487 1009 523 civilis
1041 487 1162 535 potius
1194 489 1387 530 societatis,
1419 491 1459 525 in

336 562 412 599 qua
436 554 543 586 natus
566 554 666 592 esset,
691 561 798 598 quam
816 549 980 599 foederis,
1000 551 1139 600 nefarie
1163 553 1228 588 icti
1253 564 1332 589 cum
1350 553 1457 589 colle-

336 614 405 662 gis,
425 614 637 650 meminisset
653 629 665 649 .·
691 614 805 649 multo
829 615 868 650 id
892 617 1007 663 magis
1024 627 1060 651 se
1086 616 1182 652 illius
1207 628 1316 652 causa
1340 629 1458 660 orare,

337 692 448 729 quam
473 679 686 728 reipublicae.
745 680 883 730 Quippe
909 682 1176 730 rempublicam,
1202 684 1234 719 si
1257 694 1281 719 a
1306 667 1475 720 *volenti-¹

337 745 400 781 bus
416 749 581 793 nequeat,
602 744 645 780 ab
667 745 785 780 invitis
799 744 862 791 jus
887 748 1134 794 expetituram.
1189 747 1265 784 Sed
1288 759 1332 784 ex
1356 759 1460 796 mag-

338 822 384 846 ηο
403 811 593 846 certamine
610 821 758 857 magnas
776 811 924 859 excitari
937 809 1060 860 ferme
1089 813 1162 848 iras
1174 828 1187 855 ,·
1216 823 1339 848 earum
1356 823 1460 848 even-

341 878 417 911 tum
441 885 479 910 se
506 873 658 910 horrere.
714 873 843 912 Quum
875 873 992 917 aliud,
1026 881 1278 925 praeterquam
1305 875 1353 912 de
1381 887 1458 925 quo

339 937 570 981 retulissent,
595 937 796 974 decemviri
821 938 945 975 dicere
969 939 1232 989 prohiberent,
1257 938 1458 978 Claudium

341 1001 605 1053 interpellandi
622 1002 847 1038 verecundia
864 1001 949 1039 fuit,
979 1002 1219 1039 Sententiam
1237 1003 1354 1052 igitur
1371 1016 1458 1054 per-

340 1066 433 1115 egit,
463 1065 609 1103 nullum
636 1066 785 1116 placere
814 1065 1186 1104 senatusconsultum
1212 1066 1305 1105 fieri.
1361 1067 1456 1105 Om-

339 1143 482 1181 nesque
507 1131 562 1167 ita
584 1131 837 1182 accipiebant,
864 1130 1031 1180 privatos
1053 1143 1116 1167 eos
1137 1143 1160 1167 a
1180 1130 1338 1168 Claudio
1354 1130 1459 1181 judi·-

342 1203 448 1234 catos
465 1212 472 1233 ε
504 1196 688 1246 multique
706 1209 753 1234 ex
771 1195 1032 1233 consularibus
1053 1196 1170 1233 verbo
1190 1196 1339 1234 adsensi
1358 1203 1459 1235 sunt.

341 1261 431 1299 Alia
457 1263 659 1305 sententia,
689 1262 857 1312 asperior
886 1262 925 1297 in
955 1262 1133 1311 speciem,
1163 1261 1240 1297 vim
1274 1261 1460 1299 minorem

344 1325 538 1376 aliquanto
567 1326 716 1369 habuit,
750 1339 833 1375 quae
868 1326 1050 1376 patricios
1084 1326 1187 1362 coire
1220 1326 1266 1362 ad
1298 1326 1461 1376 proden-

343 1391 432 1429 dum
444 1392 679 1440 interregem
692 1389 878 1441 jubebat:
911 1390 1101 1427 censendo
1121 1390 1238 1433 enim,
1259 1402 1461 1439 quoscum-

343 1468 416 1505 que
444 1455 687 1504 magistratus
718 1466 813 1498 esse,
839 1454 904 1504 qui
932 1460 1107 1490 senatum
1135 1453 1334 1496 haberent,
1358 1451 1461 1503 judi-

344 1519 480 1566 cabat3
513 1533 608 1570 quos
627 1521 794 1571 privatos
814 1520 957 1557 fecerat
977 1526 1110 1557 auctor
1128 1519 1268 1556 nullius
1289 1526 1462 1556 senatus-

348 1584 511 1621 consulti
534 1585 709 1621 faciendi.
766 1584 829 1621 Ita
852 1584 1006 1620 labante
1025 1584 1109 1634 jam
1128 1596 1260 1619 caussa
1279 1583 1463 1620 decemvi-

349 1662 492 1694 rorum,
516 1649 562 1686 L.
583 1649 783 1685 Cornelius
807 1648 1101 1698 Maluginensis,
1123 1647 1182 1686 M.
1202 1647 1372 1684 Cornelii
1397 1648 1461 1684 de-

352 1714 504 1751 cemviri
535 1713 666 1756 ftater,
696 1726 811 1763 quum
841 1726 887 1749 ex
920 1712 1181 1749 consularibus
1215 1712 1262 1749 ad
1289 1710 1464 1748 ultimum

352 1777 500 1816 dicendi
534 1776 661 1814 locum
699 1776 874 1814 consulto
908 1783 1076 1814 servatus
1110 1782 1222 1820 esset,
1254 1774 1467 1812 simulando

349 1854 480 1879 curam
498 1840 602 1884 belli,
621 1840 778 1877 fratrem
797 1840 1037 1890 collegasque
1057 1838 1137 1891 ejus
1157 1839 1353 1876 tuebatur:
1379 1852 1465 1888 qao-

350 1919 435 1943 nam
448 1905 539 1955 fato
558 1906 748 1949 incidisset,
768 1906 896 1942 mirari
913 1917 949 1942 se
974 1906 1165 1948 dictitans,
1185 1909 1226 1941 ut
1243 1905 1466 1946 decemviros,

350 1972 413 2020 qui
440 1971 713 2007 decemviratum
737 1971 918 2018 petissent,
946 1974 1010 2006 aut
1035 1970 1135 2011 socii,
1161 1973 1225 2005 aut
1252 1967 1290 2004 hi
1316 1969 1469 2004 maxime

351 2035 628 2084 obpugnarent?
653 2039 718 2070 aut
746 2035 833 2082 quid
860 2035 926 2076 ita,
954 2045 1062 2082 quam
1086 2044 1151 2081 per
1180 2037 1232 2069 tot
1255 2043 1385 2068 menses
1404 2043 1470 2068 va-

354 2110 422 2135 cua
454 2099 596 2134 civitate
622 2109 736 2140 nemo,
758 2095 894 2144 justine
921 2098 1149 2145 magistratus
1178 2108 1322 2132 summae
1352 2107 1473 2132 rerum

349 2166 549 2211 praeessent,
580 2162 849 2197 controversiam
866 2159 1028 2210 fecerit5
1057 2172 1151 2197 nunc
1178 2161 1332 2203 demum,
1362 2172 1471 2208 quum

353 2227 464 2264 hostes
488 2240 601 2278 prope
628 2229 677 2265 ad
700 2232 826 2276 portas
852 2229 937 2271 sint,
958 2228 1074 2265 civiles
1102 2228 1297 2264 discordias
1323 2231 1471 2264 serant.-

351 2295 419 2329 nisi
437 2294 530 2342 quod
545 2295 584 2330 in
603 2293 743 2330 turbido
761 2295 877 2329 minus
891 2294 1115 2341 perspicuum
1123 2291 1212 2341 sore
1225 2295 1366 2341 putent,
1386 2292 1473 2340 quid

350 2362 494 2405 agatur.
553 2358 715 2396 Ceterum
729 2359 916 2401 neminem,
937 2356 1071 2406 majore
1089 2370 1176 2395 cura
1193 2357 1374 2406 occupatis
1391 2357 1478 2393 ani·>

525 2481 547 2496 Ὦ
