<?xml version="1.0" encoding="UTF-8"?>
<!DOCTYPE html PUBLIC "-//W3C//DTD XHTML 1.0 Transitional//EN"
    "http://www.w3.org/TR/xhtml1/DTD/xhtml1-transitional.dtd">
<html xmlns="http://www.w3.org/1999/xhtml" xml:lang="en" lang="en">
 <head>
  <title>
</title>
<meta http-equiv="Content-Type" content="text/html;charset=utf-8" />
  <meta name='ocr-system' content='tesseract 3.04.00' />
  <meta name='ocr-capabilities' content='ocr_page ocr_carea ocr_par ocr_line ocrx_word'/>
</head>
<body>
  <div class='ocr_page' id='page_1' title='image "./historiarumquaes01livyuoft/historiarumquaes01livyuoft_0116.png"; bbox 0 0 1573 2598; ppageno 0'>
   <div class='ocr_carea' id='block_1_1' title="bbox 103 857 293 934">
    <p class='ocr_par' dir='ltr' id='par_1_1' title="bbox 103 857 293 934">
     <span class='ocr_line' id='line_1_1' title="bbox 103 857 293 893; baseline 0.005 -6"><span class='ocrx_word' id='word_1_1' title='bbox 103 857 146 888; x_wconf 89' lang='lat' dir='ltr'><em>U.</em></span> <span class='ocrx_word' id='word_1_2' title='bbox 164 857 201 888; x_wconf 89' lang='lat' dir='ltr'><em>C.</em></span> <span class='ocrx_word' id='word_1_3' title='bbox 219 862 293 893; x_wconf 85' lang='lat'><em>247.</em></span> 
     </span>
     <span class='ocr_line' id='line_1_2' title="bbox 104 901 288 934; baseline 0 -3"><span class='ocrx_word' id='word_1_4' title='bbox 104 903 144 932; x_wconf 90' lang='lat' dir='ltr'><em>A.</em></span> <span class='ocrx_word' id='word_1_5' title='bbox 160 901 197 933; x_wconf 89' lang='lat' dir='ltr'><em>C.</em></span> <span class='ocrx_word' id='word_1_6' title='bbox 216 908 288 934; x_wconf 82' lang='lat'><strong>505.</strong></span> 
     </span>
    </p>
   </div>
   <div class='ocr_carea' id='block_1_2' title="bbox 316 182 964 226">
    <p class='ocr_par' dir='ltr' id='par_1_2' title="bbox 316 182 964 226">
     <span class='ocr_line' id='line_1_3' title="bbox 316 182 964 226; baseline 0.002 -2"><span class='ocrx_word' id='word_1_7' title='bbox 316 182 395 225; x_wconf 90' lang='lat'><em>106</em></span> <span class='ocrx_word' id='word_1_8' title='bbox 764 195 808 225; x_wconf 78' lang='lat' dir='ltr'><em>T.</em></span> <span class='ocrx_word' id='word_1_9' title='bbox 833 195 964 226; x_wconf 76' lang='lat' dir='ltr'><em>mvn</em></span> 
     </span>
    </p>
   </div>
   <div class='ocr_carea' id='block_1_3' title="bbox 311 281 1451 2137">
    <p class='ocr_par' dir='ltr' id='par_1_3' title="bbox 311 281 1431 851">
     <span class='ocr_line' id='line_1_4' title="bbox 311 281 1427 333; baseline 0.001 -12"><span class='ocrx_word' id='word_1_10' title='bbox 311 284 428 321; x_wconf 86' lang='lat' dir='ltr'><em>versis</em></span> <span class='ocrx_word' id='word_1_11' title='bbox 457 283 574 333; x_wconf 86' lang='lat' dir='ltr'><em>signis</em></span> <span class='ocrx_word' id='word_1_12' title='bbox 604 281 651 320; x_wconf 83' lang='lat' dir='ltr'><em>ab</em></span> <span class='ocrx_word' id='word_1_13' title='bbox 678 289 789 333; x_wconf 83' lang='lat' dir='ltr'><em>tergo</em></span> <span class='ocrx_word' id='word_1_14' title='bbox 817 285 959 322; x_wconf 85' lang='lat' dir='ltr'><em>adortae</em></span> <span class='ocrx_word' id='word_1_15' title='bbox 989 291 1088 322; x_wconf 89' lang='lat' dir='ltr'><em>sunt.</em></span> <span class='ocrx_word' id='word_1_16' title='bbox 1144 284 1205 322; x_wconf 88' lang='lat' dir='ltr'><em>Ita</em></span> <span class='ocrx_word' id='word_1_17' title='bbox 1233 285 1272 322; x_wconf 91' lang='lat' dir='ltr'><em>in</em></span> <span class='ocrx_word' id='word_1_18' title='bbox 1300 283 1427 323; x_wconf 85' lang='lat' dir='ltr'><em>medio</em></span> 
     </span>
     <span class='ocr_line' id='line_1_5' title="bbox 312 348 1424 402; baseline 0.001 -15"><span class='ocrx_word' id='word_1_19' title='bbox 312 361 432 401; x_wconf 84' lang='lat' dir='ltr'>prope</span> <span class='ocrx_word' id='word_1_20' title='bbox 453 348 534 400; x_wconf 85' lang='lat' dir='ltr'><em>jam</em></span> <span class='ocrx_word' id='word_1_21' title='bbox 563 350 724 386; x_wconf 84' lang='lat' dir='ltr'><em>victores</em></span> <span class='ocrx_word' id='word_1_22' title='bbox 758 352 843 387; x_wconf 84' lang='lat' dir='ltr'><em>caesi</em></span> <span class='ocrx_word' id='word_1_23' title='bbox 873 352 1055 388; x_wconf 83' lang='lat' dir='ltr'><strong>Etrusci:</strong></span> <span class='ocrx_word' id='word_1_24' title='bbox 1088 364 1173 402; x_wconf 85' lang='lat' dir='ltr'><em>pars</em></span> <span class='ocrx_word' id='word_1_25' title='bbox 1205 352 1424 402; x_wconf 85' lang='lat' dir='ltr'><em>perexigua,</em></span> 
     </span>
     <span class='ocr_line' id='line_1_6' title="bbox 314 414 1425 467; baseline 0.002 -17"><span class='ocrx_word' id='word_1_26' title='bbox 314 414 410 451; x_wconf 86' lang='lat' dir='ltr'><em>duce</em></span> <span class='ocrx_word' id='word_1_27' title='bbox 439 414 592 457; x_wconf 84' lang='lat' dir='ltr'><em>amisso,</em></span> <span class='ocrx_word' id='word_1_28' title='bbox 614 414 702 463; x_wconf 87' lang='lat' dir='ltr'><em>quia</em></span> <span class='ocrx_word' id='word_1_29' title='bbox 729 414 874 451; x_wconf 90' lang='lat' dir='ltr'><em>nullum</em></span> <span class='ocrx_word' id='word_1_30' title='bbox 902 416 1057 466; x_wconf 89' lang='lat' dir='ltr'><em>propius</em></span> <span class='ocrx_word' id='word_1_31' title='bbox 1087 416 1301 467; x_wconf 85' lang='lat' dir='ltr'>perfugium</span> <span class='ocrx_word' id='word_1_32' title='bbox 1331 422 1425 458; x_wconf 85' lang='lat' dir='ltr'>erat,</span> 
     </span>
     <span class='ocr_line' id='line_1_7' title="bbox 314 475 1427 530; baseline 0.002 -17"><span class='ocrx_word' id='word_1_33' title='bbox 314 475 481 514; x_wconf 87' lang='lat' dir='ltr'>Romam</span> <span class='ocrx_word' id='word_1_34' title='bbox 500 478 660 513; x_wconf 87' lang='lat' dir='ltr'><em>inermes</em></span> <span class='ocrx_word' id='word_1_35' title='bbox 681 483 719 513; x_wconf 88' lang='lat' dir='ltr'><em>et</em></span> <span class='ocrx_word' id='word_1_36' title='bbox 744 477 900 515; x_wconf 84' lang='lat' dir='ltr'><em>fortuna</em></span> <span class='ocrx_word' id='word_1_37' title='bbox 919 485 957 515; x_wconf 87' lang='lat' dir='ltr'><em>et</em></span> <span class='ocrx_word' id='word_1_38' title='bbox 982 480 1106 529; x_wconf 85' lang='lat' dir='ltr'><em>specie</em></span> <span class='ocrx_word' id='word_1_39' title='bbox 1129 479 1339 530; x_wconf 83' lang='lat' dir='ltr'><em>supplicum</em></span> <span class='ocrx_word' id='word_1_40' title='bbox 1363 479 1427 515; x_wconf 87' lang='lat' dir='ltr'><em>de·</em></span> 
     </span>
     <span class='ocr_line' id='line_1_8' title="bbox 315 539 1430 592; baseline 0.002 -16"><span class='ocrx_word' id='word_1_41' title='bbox 315 539 383 577; x_wconf 90' lang='lat' dir='ltr'><em>lati</em></span> <span class='ocrx_word' id='word_1_42' title='bbox 403 548 491 577; x_wconf 88' lang='lat' dir='ltr'><em>sunt</em></span> <span class='ocrx_word' id='word_1_43' title='bbox 509 555 516 575; x_wconf 75' lang='grc' dir='ltr'>ε</span> <span class='ocrx_word' id='word_1_44' title='bbox 549 540 602 577; x_wconf 89' lang='lat' dir='ltr'><em>ibi</em></span> <span class='ocrx_word' id='word_1_45' title='bbox 620 540 785 589; x_wconf 87' lang='lat' dir='ltr'><em>benigne</em></span> <span class='ocrx_word' id='word_1_46' title='bbox 805 543 952 592; x_wconf 82' lang='lat' dir='ltr'>excepti</span> <span class='ocrx_word' id='word_1_47' title='bbox 975 542 1158 592; x_wconf 84' lang='lat' dir='ltr'><em>divisique</em></span> <span class='ocrx_word' id='word_1_48' title='bbox 1183 543 1222 579; x_wconf 89' lang='lat' dir='ltr'><em>in</em></span> <span class='ocrx_word' id='word_1_49' title='bbox 1250 542 1430 592; x_wconf 83' lang='lat' dir='ltr'><em>hospitia.</em></span> 
     </span>
     <span class='ocr_line' id='line_1_9' title="bbox 317 604 1430 656; baseline 0.003 -16"><span class='ocrx_word' id='word_1_50' title='bbox 317 605 467 641; x_wconf 86' lang='lat' dir='ltr'><em>Curatis</em></span> <span class='ocrx_word' id='word_1_51' title='bbox 487 604 719 648; x_wconf 86' lang='lat' dir='ltr'><em>vulneribus,</em></span> <span class='ocrx_word' id='word_1_52' title='bbox 741 605 805 641; x_wconf 82' lang='lat' dir='ltr'><em>alii</em></span> <span class='ocrx_word' id='word_1_53' title='bbox 826 606 987 656; x_wconf 81' lang='lat' dir='ltr'><em>profecti</em></span> <span class='ocrx_word' id='word_1_54' title='bbox 1011 607 1158 651; x_wconf 90' lang='lat' dir='ltr'><em>domos,</em></span> <span class='ocrx_word' id='word_1_55' title='bbox 1185 607 1315 644; x_wconf 77' lang='lat' dir='ltr'><em>nuncii</em></span> <span class='ocrx_word' id='word_1_56' title='bbox 1340 607 1430 643; x_wconf 89' lang='lat' dir='ltr'><em>hos-</em></span> 
     </span>
     <span class='ocr_line' id='line_1_10' title="bbox 315 668 1430 721; baseline 0.002 -17"><span class='ocrx_word' id='word_1_57' title='bbox 315 668 489 719; x_wconf 82' lang='lat' dir='ltr'><em>pitalium</em></span> <span class='ocrx_word' id='word_1_58' title='bbox 508 668 791 706; x_wconf 86' lang='lat' dir='ltr'><em>beneficiorum.</em></span> <span class='ocrx_word' id='word_1_59' title='bbox 832 669 979 707; x_wconf 89' lang='lat' dir='ltr'><em>Multos</em></span> <span class='ocrx_word' id='word_1_60' title='bbox 998 671 1135 708; x_wconf 83' lang='lat' dir='ltr'><em>Romae</em></span> <span class='ocrx_word' id='word_1_61' title='bbox 1153 672 1348 721; x_wconf 85' lang='lat' dir='ltr'><em>hospitum</em></span> <span class='ocrx_word' id='word_1_62' title='bbox 1368 683 1430 706; x_wconf 86' lang='lat' dir='ltr'><em>ur·-</em></span> 
     </span>
     <span class='ocr_line' id='line_1_11' title="bbox 316 733 1431 784; baseline 0.001 -13"><span class='ocrx_word' id='word_1_63' title='bbox 316 733 450 784; x_wconf 86' lang='lat' dir='ltr'><em>bisque</em></span> <span class='ocrx_word' id='word_1_64' title='bbox 469 735 606 771; x_wconf 78' lang='lat' dir='ltr'><em>caritas</em></span> <span class='ocrx_word' id='word_1_65' title='bbox 625 736 774 771; x_wconf 86' lang='lat' dir='ltr'><em>tenuit:</em></span> <span class='ocrx_word' id='word_1_66' title='bbox 806 735 865 771; x_wconf 87' lang='lat' dir='ltr'><em>his</em></span> <span class='ocrx_word' id='word_1_67' title='bbox 891 735 996 772; x_wconf 89' lang='lat' dir='ltr'><em>locus</em></span> <span class='ocrx_word' id='word_1_68' title='bbox 1016 737 1063 773; x_wconf 90' lang='lat' dir='ltr'><em>ad</em></span> <span class='ocrx_word' id='word_1_69' title='bbox 1090 736 1340 773; x_wconf 85' lang='lat' dir='ltr'><em>habitandum</em></span> <span class='ocrx_word' id='word_1_70' title='bbox 1366 736 1431 772; x_wconf 85' lang='lat' dir='ltr'><em>da·</em></span> 
     </span>
     <span class='ocr_line' id='line_1_12' title="bbox 317 799 1254 851; baseline 0.002 -16"><span class='ocrx_word' id='word_1_71' title='bbox 317 805 393 842; x_wconf 85' lang='lat' dir='ltr'><em>tus,</em></span> <span class='ocrx_word' id='word_1_72' title='bbox 414 812 525 848; x_wconf 88' lang='lat' dir='ltr'><em>quem</em></span> <span class='ocrx_word' id='word_1_73' title='bbox 544 799 678 835; x_wconf 86' lang='lat' dir='ltr'><em>deinde</em></span> <span class='ocrx_word' id='word_1_74' title='bbox 703 801 853 836; x_wconf 83' lang='lat' dir='ltr'><em>Tuscum</em></span> <span class='ocrx_word' id='word_1_75' title='bbox 871 803 986 837; x_wconf 75' lang='lat' dir='ltr'><em>vicum</em></span> <span class='ocrx_word' id='word_1_76' title='bbox 1005 801 1254 851; x_wconf 87' lang='lat' dir='ltr'><em>adpellarunt.</em></span> 
     </span>
    </p>

    <p class='ocr_par' dir='ltr' id='par_1_4' title="bbox 318 862 1451 2137">
     <span class='ocr_line' id='line_1_13' title="bbox 372 862 1433 901; baseline 0.001 -3"><span class='ocrx_word' id='word_1_77' title='bbox 372 863 461 899; x_wconf 85' lang='lat' dir='ltr'><em>XV.</em></span> <span class='ocrx_word' id='word_1_78' title='bbox 491 863 534 899; x_wconf 90' lang='lat' dir='ltr'><em>P.</em></span> <span class='ocrx_word' id='word_1_79' title='bbox 554 862 755 899; x_wconf 87' lang='lat' dir='ltr'><em>Lucretius</em></span> <span class='ocrx_word' id='word_1_80' title='bbox 785 864 871 900; x_wconf 82' lang='lat' dir='ltr'><em>inde</em></span> <span class='ocrx_word' id='word_1_81' title='bbox 901 870 939 900; x_wconf 86' lang='lat' dir='ltr'><em>et</em></span> <span class='ocrx_word' id='word_1_82' title='bbox 967 864 1009 901; x_wconf 90' lang='lat' dir='ltr'><em>P.</em></span> <span class='ocrx_word' id='word_1_83' title='bbox 1030 864 1203 901; x_wconf 85' lang='lat' dir='ltr'><em>Valerius</em></span> <span class='ocrx_word' id='word_1_84' title='bbox 1234 862 1433 900; x_wconf 83' lang='lat' dir='ltr'>Publicola</span> 
     </span>
     <span class='ocr_line' id='line_1_14' title="bbox 318 927 1433 978; baseline -0.002 -13"><span class='ocrx_word' id='word_1_85' title='bbox 318 927 491 965; x_wconf 88' lang='lat' dir='ltr'><em>consules</em></span> <span class='ocrx_word' id='word_1_86' title='bbox 520 927 624 964; x_wconf 85' lang='lat' dir='ltr'><em>facti.</em></span> <span class='ocrx_word' id='word_1_87' title='bbox 679 927 740 964; x_wconf 90' lang='lat' dir='ltr'><em>Eo</em></span> <span class='ocrx_word' id='word_1_88' title='bbox 770 940 871 964; x_wconf 84' lang='lat' dir='ltr'><em>anno</em></span> <span class='ocrx_word' id='word_1_89' title='bbox 901 935 1135 978; x_wconf 85' lang='lat' dir='ltr'><em>postremum</em></span> <span class='ocrx_word' id='word_1_90' title='bbox 1161 928 1318 977; x_wconf 79' lang='lat' dir='ltr'><em>legatia</em></span> <span class='ocrx_word' id='word_1_91' title='bbox 1336 927 1433 964; x_wconf 89' lang='lat' dir='ltr'><em>Por-</em></span> 
     </span>
     <span class='ocr_line' id='line_1_15' title="bbox 320 992 1433 1042; baseline -0.001 -13"><span class='ocrx_word' id='word_1_92' title='bbox 320 1005 411 1029; x_wconf 86' lang='lat' dir='ltr'>sena</span> <span class='ocrx_word' id='word_1_93' title='bbox 440 993 485 1029; x_wconf 91' lang='lat' dir='ltr'><em>de</em></span> <span class='ocrx_word' id='word_1_94' title='bbox 514 992 727 1029; x_wconf 84' lang='lat' dir='ltr'><em>reducendo</em></span> <span class='ocrx_word' id='word_1_95' title='bbox 746 993 786 1028; x_wconf 89' lang='lat' dir='ltr'><em>in</em></span> <span class='ocrx_word' id='word_1_96' title='bbox 812 1005 971 1041; x_wconf 81' lang='lat' dir='ltr'><em>regnum</em></span> <span class='ocrx_word' id='word_1_97' title='bbox 990 993 1200 1042; x_wconf 85' lang='lat' dir='ltr'><em>Tarquinio</em></span> <span class='ocrx_word' id='word_1_98' title='bbox 1219 999 1404 1029; x_wconf 84' lang='lat' dir='ltr'><em>venerunt</em></span> <span class='ocrx_word' id='word_1_99' title='bbox 1422 1007 1433 1029; x_wconf 91' lang='lat'><em>.·</em></span> 
     </span>
     <span class='ocr_line' id='line_1_16' title="bbox 320 1056 1434 1106; baseline 0 -13"><span class='ocrx_word' id='word_1_100' title='bbox 320 1056 456 1106; x_wconf 76' lang='lat' dir='ltr'><em>q&#39;uibus</em></span> <span class='ocrx_word' id='word_1_101' title='bbox 485 1069 600 1105; x_wconf 85' lang='lat' dir='ltr'><em>quum</em></span> <span class='ocrx_word' id='word_1_102' title='bbox 626 1067 849 1105; x_wconf 82' lang='lat' dir='ltr'><em>responsum</em></span> <span class='ocrx_word' id='word_1_103' title='bbox 869 1062 981 1099; x_wconf 86' lang='lat' dir='ltr'><em>esset,</em></span> <span class='ocrx_word' id='word_1_104' title='bbox 1002 1058 1204 1093; x_wconf 86' lang='lat' dir='ltr'><em>missurum</em></span> <span class='ocrx_word' id='word_1_105' title='bbox 1230 1058 1276 1093; x_wconf 81' lang='lat' dir='ltr'><em>ad</em></span> <span class='ocrx_word' id='word_1_106' title='bbox 1306 1069 1434 1106; x_wconf 86' lang='lat' dir='ltr'><em>regem</em></span> 
     </span>
     <span class='ocr_line' id='line_1_17' title="bbox 321 1119 1435 1167; baseline 0 -10"><span class='ocrx_word' id='word_1_107' title='bbox 321 1127 494 1157; x_wconf 84' lang='lat' dir='ltr'><em>senatum</em></span> <span class='ocrx_word' id='word_1_108' title='bbox 526 1119 672 1167; x_wconf 83' lang='lat' dir='ltr'><em>legatos</em></span> <span class='ocrx_word' id='word_1_109' title='bbox 689 1135 699 1164; x_wconf 80' lang='lat'><em>3</em></span> <span class='ocrx_word' id='word_1_110' title='bbox 739 1119 844 1155; x_wconf 83' lang='lat' dir='ltr'><em>missi</em></span> <span class='ocrx_word' id='word_1_111' title='bbox 881 1120 1083 1156; x_wconf 88' lang='lat' dir='ltr'>confestim</span> <span class='ocrx_word' id='word_1_112' title='bbox 1118 1120 1435 1157; x_wconf 88' lang='lat' dir='ltr'>honoratissimus</span> 
     </span>
     <span class='ocr_line' id='line_1_18' title="bbox 320 1184 1440 1235; baseline 0 -13"><span class='ocrx_word' id='word_1_113' title='bbox 320 1186 478 1235; x_wconf 85' lang='lat' dir='ltr'><em>quisque</em></span> <span class='ocrx_word' id='word_1_114' title='bbox 498 1198 545 1221; x_wconf 82' lang='lat' dir='ltr'><em>ex</em></span> <span class='ocrx_word' id='word_1_115' title='bbox 563 1184 752 1221; x_wconf 84' lang='lat' dir='ltr'><em>Patribus.</em></span> <span class='ocrx_word' id='word_1_116' title='bbox 796 1185 892 1227; x_wconf 78' lang='lat' dir='ltr'><em>Non,</em></span> <span class='ocrx_word' id='word_1_117' title='bbox 913 1187 996 1232; x_wconf 82' lang='lat' dir='ltr'><em>quin</em></span> <span class='ocrx_word' id='word_1_118' title='bbox 1014 1185 1161 1222; x_wconf 83' lang='lat' dir='ltr'><em>breviter</em></span> <span class='ocrx_word' id='word_1_119' title='bbox 1174 1187 1275 1222; x_wconf 81' lang='lat' dir='ltr'><em>reddi</em></span> <span class='ocrx_word' id='word_1_120' title='bbox 1295 1198 1440 1233; x_wconf 71' lang='lat' dir='ltr'><em>respon-</em></span> 
     </span>
     <span class='ocr_line' id='line_1_19' title="bbox 321 1250 1437 1298; baseline 0.001 -12"><span class='ocrx_word' id='word_1_121' title='bbox 321 1262 397 1286; x_wconf 83' lang='lat' dir='ltr'><em>sum</em></span> <span class='ocrx_word' id='word_1_122' title='bbox 414 1250 586 1298; x_wconf 79' lang='lat' dir='ltr'><em>potuerit,</em></span> <span class='ocrx_word' id='word_1_123' title='bbox 607 1260 675 1284; x_wconf 76' lang='lat' dir='ltr'><em>non</em></span> <span class='ocrx_word' id='word_1_124' title='bbox 693 1250 802 1296; x_wconf 79' lang='lat' dir='ltr'><em>recipi</em></span> <span class='ocrx_word' id='word_1_125' title='bbox 819 1260 929 1296; x_wconf 77' lang='lat' dir='ltr'><em>reges,</em></span> <span class='ocrx_word' id='word_1_126' title='bbox 950 1250 1029 1284; x_wconf 75' lang='lat' dir='ltr'><em>ideo</em></span> <span class='ocrx_word' id='word_1_127' title='bbox 1050 1251 1169 1297; x_wconf 80' lang='lat' dir='ltr'><em>potius</em></span> <span class='ocrx_word' id='word_1_128' title='bbox 1194 1251 1342 1286; x_wconf 78' lang='lat' dir='ltr'><em>delectos</em></span> <span class='ocrx_word' id='word_1_129' title='bbox 1362 1251 1437 1287; x_wconf 81' lang='lat' dir='ltr'><em>Pa-</em></span> 
     </span>
     <span class='ocr_line' id='line_1_20' title="bbox 324 1312 1440 1360; baseline 0.001 -10"><span class='ocrx_word' id='word_1_130' title='bbox 324 1320 418 1350; x_wconf 82' lang='lat' dir='ltr'><em>trum</em></span> <span class='ocrx_word' id='word_1_131' title='bbox 444 1314 492 1349; x_wconf 74' lang='lat' dir='ltr'><em>acl</em></span> <span class='ocrx_word' id='word_1_132' title='bbox 517 1324 596 1350; x_wconf 85' lang='lat' dir='ltr'><em>eum</em></span> <span class='ocrx_word' id='word_1_133' title='bbox 618 1314 750 1355; x_wconf 69' lang='lat' dir='ltr'><em>missos,</em></span> <span class='ocrx_word' id='word_1_134' title='bbox 777 1325 882 1360; x_wconf 82' lang='lat' dir='ltr'><em>quam</em></span> <span class='ocrx_word' id='word_1_135' title='bbox 906 1313 1032 1360; x_wconf 77' lang='lat' dir='ltr'><em>legatis</em></span> <span class='ocrx_word' id='word_1_136' title='bbox 1054 1312 1127 1359; x_wconf 82' lang='lat' dir='ltr'><em>ejus</em></span> <span class='ocrx_word' id='word_1_137' title='bbox 1146 1313 1269 1350; x_wconf 82' lang='lat' dir='ltr'><em>Romae</em></span> <span class='ocrx_word' id='word_1_138' title='bbox 1293 1316 1440 1351; x_wconf 74' lang='lat' dir='ltr'><em>claretur</em></span> 
     </span>
     <span class='ocr_line' id='line_1_21' title="bbox 322 1376 1439 1428; baseline 0.001 -14"><span class='ocrx_word' id='word_1_139' title='bbox 322 1390 524 1427; x_wconf 69' lang='lat' dir='ltr'><em>responsum</em></span> <span class='ocrx_word' id='word_1_140' title='bbox 539 1394 551 1415; x_wconf 93' lang='grc'><em>.·</em></span> <span class='ocrx_word' id='word_1_141' title='bbox 578 1378 639 1413; x_wconf 77' lang='lat' dir='ltr'><em>sed</em></span> <span class='ocrx_word' id='word_1_142' title='bbox 664 1382 705 1413; x_wconf 83' lang='lat' dir='ltr'><em>ut</em></span> <span class='ocrx_word' id='word_1_143' title='bbox 723 1379 761 1413; x_wconf 82' lang='lat' dir='ltr'><em>in</em></span> <span class='ocrx_word' id='word_1_144' title='bbox 784 1382 994 1425; x_wconf 81' lang='lat' dir='ltr'><em>perpetuum</em></span> <span class='ocrx_word' id='word_1_145' title='bbox 1023 1380 1153 1414; x_wconf 77' lang='lat' dir='ltr'><em>mentio</em></span> <span class='ocrx_word' id='word_1_146' title='bbox 1181 1376 1253 1424; x_wconf 76' lang='lat' dir='ltr'><em>ejus</em></span> <span class='ocrx_word' id='word_1_147' title='bbox 1279 1380 1332 1414; x_wconf 77' lang='lat' dir='ltr'><em>rei</em></span> <span class='ocrx_word' id='word_1_148' title='bbox 1347 1380 1439 1428; x_wconf 79' lang='lat' dir='ltr'><em>fini-</em></span> 
     </span>
     <span class='ocr_line' id='line_1_22' title="bbox 323 1437 1444 1491; baseline 0.002 -11"><span class='ocrx_word' id='word_1_149' title='bbox 323 1449 434 1487; x_wconf 81' lang='lat' dir='ltr'><em>retur,</em></span> <span class='ocrx_word' id='word_1_150' title='bbox 464 1454 531 1479; x_wconf 81' lang='lat' dir='ltr'><em>neu</em></span> <span class='ocrx_word' id='word_1_151' title='bbox 562 1444 597 1478; x_wconf 86' lang='lat' dir='ltr'><em>in</em></span> <span class='ocrx_word' id='word_1_152' title='bbox 627 1443 735 1478; x_wconf 80' lang='lat' dir='ltr'><em>tantis</em></span> <span class='ocrx_word' id='word_1_153' title='bbox 763 1443 894 1478; x_wconf 83' lang='lat' dir='ltr'><em>mutuis</em></span> <span class='ocrx_word' id='word_1_154' title='bbox 927 1441 1096 1491; x_wconf 75' lang='lat' dir='ltr'><em>bemficiis</em></span> <span class='ocrx_word' id='word_1_155' title='bbox 1127 1444 1163 1478; x_wconf 82' lang='lat' dir='ltr'><em>in.</em></span> <span class='ocrx_word' id='word_1_156' title='bbox 1188 1444 1298 1479; x_wconf 85' lang='lat' dir='ltr'><em>vicem</em></span> <span class='ocrx_word' id='word_1_157' title='bbox 1329 1437 1444 1483; x_wconf 81' lang='lat' dir='ltr'><em>animi</em></span> 
     </span>
     <span class='ocr_line' id='line_1_23' title="bbox 323 1507 1440 1555; baseline -0.001 -9"><span class='ocrx_word' id='word_1_158' title='bbox 323 1510 623 1546; x_wconf 63' lang='lat' dir='ltr'><em>sollicitarentur:</em></span> <span class='ocrx_word' id='word_1_159' title='bbox 655 1518 760 1555; x_wconf 85' lang='lat' dir='ltr'><em>quum</em></span> <span class='ocrx_word' id='word_1_160' title='bbox 778 1507 840 1543; x_wconf 82' lang='lat' dir='ltr'><em>ille</em></span> <span class='ocrx_word' id='word_1_161' title='bbox 860 1511 1009 1554; x_wconf 81' lang='lat' dir='ltr'><em>peteret,</em></span> <span class='ocrx_word' id='word_1_162' title='bbox 1030 1508 1124 1555; x_wconf 83' lang='lat' dir='ltr'><em>quod</em></span> <span class='ocrx_word' id='word_1_163' title='bbox 1148 1513 1270 1544; x_wconf 82' lang='lat' dir='ltr'><em>contra</em></span> <span class='ocrx_word' id='word_1_164' title='bbox 1297 1509 1440 1545; x_wconf 81' lang='lat' dir='ltr'><em>liberta-</em></span> 
     </span>
     <span class='ocr_line' id='line_1_24' title="bbox 327 1570 1443 1621; baseline -0.001 -11"><span class='ocrx_word' id='word_1_165' title='bbox 327 1579 395 1610; x_wconf 72' lang='lat' dir='ltr'><em>tem</em></span> <span class='ocrx_word' id='word_1_166' title='bbox 421 1573 547 1621; x_wconf 82' lang='lat' dir='ltr'><em>populi</em></span> <span class='ocrx_word' id='word_1_167' title='bbox 571 1571 727 1607; x_wconf 74' lang='lat' dir='ltr'><em>Romani</em></span> <span class='ocrx_word' id='word_1_168' title='bbox 754 1575 865 1614; x_wconf 79' lang='lat' dir='ltr'><em>esset3</em></span> <span class='ocrx_word' id='word_1_169' title='bbox 895 1570 1064 1614; x_wconf 72' lang='lat' dir='ltr'><em>Romani,</em></span> <span class='ocrx_word' id='word_1_170' title='bbox 1093 1572 1161 1607; x_wconf 78' lang='lat' dir='ltr'><em>uisi</em></span> <span class='ocrx_word' id='word_1_171' title='bbox 1189 1573 1226 1607; x_wconf 79' lang='lat' dir='ltr'><em>in</em></span> <span class='ocrx_word' id='word_1_172' title='bbox 1249 1574 1443 1620; x_wconf 77' lang='lat' dir='ltr'><em>perniciem</em></span> 
     </span>
     <span class='ocr_line' id='line_1_25' title="bbox 326 1636 1444 1686; baseline -0.002 -11"><span class='ocrx_word' id='word_1_173' title='bbox 326 1650 426 1675; x_wconf 84' lang='lat' dir='ltr'><em>suam</em></span> <span class='ocrx_word' id='word_1_174' title='bbox 444 1637 579 1686; x_wconf 76' lang='lat' dir='ltr'><em>faciles</em></span> <span class='ocrx_word' id='word_1_175' title='bbox 606 1648 675 1673; x_wconf 78' lang='lat' dir='ltr'><em>esse</em></span> <span class='ocrx_word' id='word_1_176' title='bbox 701 1637 842 1679; x_wconf 85' lang='lat' dir='ltr'><em>vellent,</em></span> <span class='ocrx_word' id='word_1_177' title='bbox 869 1641 1051 1684; x_wconf 76' lang='lat' dir='ltr'><em>negarent,</em></span> <span class='ocrx_word' id='word_1_178' title='bbox 1077 1637 1134 1672; x_wconf 82' lang='lat' dir='ltr'><em>cui</em></span> <span class='ocrx_word' id='word_1_179' title='bbox 1159 1636 1251 1672; x_wconf 74' lang='lat' dir='ltr'><em>nihil</em></span> <span class='ocrx_word' id='word_1_180' title='bbox 1277 1642 1444 1684; x_wconf 75' lang='lat' dir='ltr'><em>negatum</em></span> 
     </span>
     <span class='ocr_line' id='line_1_26' title="bbox 326 1701 1446 1749; baseline -0.001 -10"><span class='ocrx_word' id='word_1_181' title='bbox 326 1704 467 1739; x_wconf 79' lang='lat' dir='ltr'><em>vellent.</em></span> <span class='ocrx_word' id='word_1_182' title='bbox 524 1702 608 1738; x_wconf 84' lang='lat' dir='ltr'><em>Non</em></span> <span class='ocrx_word' id='word_1_183' title='bbox 635 1703 669 1737; x_wconf 78' lang='lat' dir='ltr'><em>in</em></span> <span class='ocrx_word' id='word_1_184' title='bbox 695 1713 801 1749; x_wconf 83' lang='lat' dir='ltr'><em>regno</em></span> <span class='ocrx_word' id='word_1_185' title='bbox 822 1702 995 1749; x_wconf 78' lang='lat' dir='ltr'><em>populum</em></span> <span class='ocrx_word' id='word_1_186' title='bbox 1015 1701 1230 1744; x_wconf 84' lang='lat' dir='ltr'><em>Romanum,</em></span> <span class='ocrx_word' id='word_1_187' title='bbox 1251 1702 1313 1737; x_wconf 85' lang='lat' dir='ltr'><em>sed</em></span> <span class='ocrx_word' id='word_1_188' title='bbox 1340 1703 1375 1738; x_wconf 85' lang='lat' dir='ltr'><em>in</em></span> <span class='ocrx_word' id='word_1_189' title='bbox 1400 1702 1446 1738; x_wconf 88' lang='lat' dir='ltr'><em>li-</em></span> 
     </span>
     <span class='ocr_line' id='line_1_27' title="bbox 330 1765 1444 1814; baseline -0.002 -10"><span class='ocrx_word' id='word_1_190' title='bbox 330 1768 465 1804; x_wconf 79' lang='lat' dir='ltr'><em>bertate</em></span> <span class='ocrx_word' id='word_1_191' title='bbox 485 1778 578 1803; x_wconf 85' lang='lat' dir='ltr'><em>esse:</em></span> <span class='ocrx_word' id='word_1_192' title='bbox 606 1767 660 1802; x_wconf 80' lang='lat' dir='ltr'><em>ita</em></span> <span class='ocrx_word' id='word_1_193' title='bbox 685 1767 859 1802; x_wconf 70' lang='lat' dir='ltr'><em>induxisse</em></span> <span class='ocrx_word' id='word_1_194' title='bbox 884 1767 919 1801; x_wconf 87' lang='lat' dir='ltr'><em>in</em></span> <span class='ocrx_word' id='word_1_195' title='bbox 947 1767 1119 1808; x_wconf 81' lang='lat' dir='ltr'><em>animum,</em></span> <span class='ocrx_word' id='word_1_196' title='bbox 1140 1765 1292 1802; x_wconf 78' lang='lat' dir='ltr'><em>hostibus</em></span> <span class='ocrx_word' id='word_1_197' title='bbox 1311 1767 1444 1814; x_wconf 83' lang='lat' dir='ltr'><em>potius,</em></span> 
     </span>
     <span class='ocr_line' id='line_1_28' title="bbox 330 1829 1449 1881; baseline -0.003 -13"><span class='ocrx_word' id='word_1_198' title='bbox 330 1844 437 1881; x_wconf 86' lang='lat' dir='ltr'><em>quam</em></span> <span class='ocrx_word' id='word_1_199' title='bbox 464 1830 616 1879; x_wconf 76' lang='lat' dir='ltr'><em>regibus,</em></span> <span class='ocrx_word' id='word_1_200' title='bbox 640 1835 766 1879; x_wconf 83' lang='lat' dir='ltr'><em>portas</em></span> <span class='ocrx_word' id='word_1_201' title='bbox 793 1829 1009 1878; x_wconf 74' lang='lat' dir='ltr'><em>patsfacere.</em></span> <span class='ocrx_word' id='word_1_202' title='bbox 1066 1830 1161 1865; x_wconf 88' lang='lat' dir='ltr'><em>Eam</em></span> <span class='ocrx_word' id='word_1_203' title='bbox 1189 1841 1258 1865; x_wconf 83' lang='lat' dir='ltr'><em>esse</em></span> <span class='ocrx_word' id='word_1_204' title='bbox 1284 1830 1449 1866; x_wconf 83' lang='lat' dir='ltr'><em>volunta-</em></span> 
     </span>
     <span class='ocr_line' id='line_1_29' title="bbox 333 1893 1448 1943; baseline -0.001 -12"><span class='ocrx_word' id='word_1_205' title='bbox 333 1902 402 1932; x_wconf 72' lang='lat' dir='ltr'><em>tem</em></span> <span class='ocrx_word' id='word_1_206' title='bbox 430 1896 599 1937; x_wconf 76' lang='lat' dir='ltr'><em>omnium,</em></span> <span class='ocrx_word' id='word_1_207' title='bbox 629 1899 682 1938; x_wconf 82' lang='lat' dir='ltr'><em>ut,</em></span> <span class='ocrx_word' id='word_1_208' title='bbox 713 1895 774 1942; x_wconf 79' lang='lat' dir='ltr'><em>qui</em></span> <span class='ocrx_word' id='word_1_209' title='bbox 802 1894 958 1929; x_wconf 75' lang='lat' dir='ltr'><em>libertati</em></span> <span class='ocrx_word' id='word_1_210' title='bbox 985 1894 1053 1928; x_wconf 79' lang='lat' dir='ltr'><em>erit</em></span> <span class='ocrx_word' id='word_1_211' title='bbox 1083 1894 1117 1928; x_wconf 77' lang='lat' dir='ltr'><em>in</em></span> <span class='ocrx_word' id='word_1_212' title='bbox 1146 1893 1217 1929; x_wconf 74' lang='lat' dir='ltr'><em>illa·</em></span> <span class='ocrx_word' id='word_1_213' title='bbox 1237 1893 1322 1929; x_wconf 73' lang='lat' dir='ltr'><em>urbe</em></span> <span class='ocrx_word' id='word_1_214' title='bbox 1344 1894 1448 1943; x_wconf 85' lang='lat' dir='ltr'><em>finis,</em></span> 
     </span>
     <span class='ocr_line' id='line_1_30' title="bbox 333 1956 1447 2003; baseline -0.001 -7"><span class='ocrx_word' id='word_1_215' title='bbox 333 1961 428 1997; x_wconf 72' lang='lat' dir='ltr'><em>idem</em></span> <span class='ocrx_word' id='word_1_216' title='bbox 455 1958 534 1994; x_wconf 83' lang='lat' dir='ltr'><em>urbi</em></span> <span class='ocrx_word' id='word_1_217' title='bbox 559 1959 616 1994; x_wconf 83' lang='lat' dir='ltr'><em>sit.</em></span> <span class='ocrx_word' id='word_1_218' title='bbox 674 1959 844 1999; x_wconf 75' lang='lat' dir='ltr'><em>Proinde,</em></span> <span class='ocrx_word' id='word_1_219' title='bbox 865 1959 895 1993; x_wconf 83' lang='lat' dir='ltr'><em>si</em></span> <span class='ocrx_word' id='word_1_220' title='bbox 914 1958 1051 1993; x_wconf 78' lang='lat' dir='ltr'><em>salvam</em></span> <span class='ocrx_word' id='word_1_221' title='bbox 1071 1969 1140 1993; x_wconf 82' lang='lat' dir='ltr'><em>esse</em></span> <span class='ocrx_word' id='word_1_222' title='bbox 1156 1958 1262 1993; x_wconf 69' lang='lat' dir='ltr'><em>vellet</em></span> <span class='ocrx_word' id='word_1_223' title='bbox 1279 1956 1447 2003; x_wconf 86' lang='lat' dir='ltr'><strong><em>Romam,</em></strong></span> 
     </span>
     <span class='ocr_line' id='line_1_31' title="bbox 335 2020 1451 2072; baseline 0 -12"><span class='ocrx_word' id='word_1_224' title='bbox 335 2029 375 2061; x_wconf 79' lang='lat' dir='ltr'><em>ut</em></span> <span class='ocrx_word' id='word_1_225' title='bbox 393 2025 558 2072; x_wconf 82' lang='lat' dir='ltr'><em>patiatur</em></span> <span class='ocrx_word' id='word_1_226' title='bbox 578 2023 722 2059; x_wconf 77' lang='lat' dir='ltr'><em>liberam</em></span> <span class='ocrx_word' id='word_1_227' title='bbox 741 2034 823 2065; x_wconf 79' lang='lat' dir='ltr'><em>esse,</em></span> <span class='ocrx_word' id='word_1_228' title='bbox 844 2034 957 2058; x_wconf 84' lang='lat' dir='ltr'><em>orare.</em></span> <span class='ocrx_word' id='word_1_229' title='bbox 1013 2020 1112 2065; x_wconf 81' lang='lat' dir='ltr'>Rex,</span> <span class='ocrx_word' id='word_1_230' title='bbox 1132 2022 1355 2058; x_wconf 85' lang='lat' dir='ltr'><em>verecundia</em></span> <span class='ocrx_word' id='word_1_231' title='bbox 1374 2023 1451 2060; x_wconf 90' lang='lat' dir='ltr'><em>vic-</em></span> 
     </span>
     <span class='ocr_line' id='line_1_32' title="bbox 335 2087 1450 2137; baseline -0.002 -11"><span class='ocrx_word' id='word_1_232' title='bbox 335 2095 413 2133; x_wconf 78' lang='lat' dir='ltr'><em>tus,</em></span> <span class='ocrx_word' id='word_1_233' title='bbox 441 2089 591 2130; x_wconf 79' lang='lat' dir='ltr'><em>Quando</em></span> <span class='ocrx_word' id='word_1_234' title='bbox 622 2090 661 2125; x_wconf 77' lang='lat' dir='ltr'><em>ia</em></span> <span class='ocrx_word' id='word_1_235' title='bbox 692 2093 824 2124; x_wconf 82' lang='lat' dir='ltr'><em>certum</em></span> <span class='ocrx_word' id='word_1_236' title='bbox 849 2093 955 2136; x_wconf 88' lang='lat' dir='ltr'><em>atque</em></span> <span class='ocrx_word' id='word_1_237' title='bbox 980 2087 1191 2124; x_wconf 83' lang='lat' dir='ltr'><em>obstinatum</em></span> <span class='ocrx_word' id='word_1_238' title='bbox 1216 2092 1278 2131; x_wconf 85' lang='lat' dir='ltr'><em>est,</em></span> <span class='ocrx_word' id='word_1_239' title='bbox 1312 2088 1450 2137; x_wconf 87' lang='lat' dir='ltr'><em>inquit,</em></span> 
     </span>
    </p>
   </div>
   <div class='ocr_carea' id='block_1_4' title="bbox 338 2153 1455 2203">
    <p class='ocr_par' dir='ltr' id='par_1_5' title="bbox 338 2153 1455 2203">
     <span class='ocr_line' id='line_1_33' title="bbox 338 2153 1455 2203; baseline -0.001 -12"><span class='ocrx_word' id='word_1_240' title='bbox 338 2166 449 2203; x_wconf 76' lang='lat' dir='ltr'><em>neque</em></span> <span class='ocrx_word' id='word_1_241' title='bbox 465 2165 530 2201; x_wconf 78' lang='lat' dir='ltr'><em>ego</em></span> <span class='ocrx_word' id='word_1_242' title='bbox 547 2153 738 2190; x_wconf 78' lang='lat' dir='ltr'><em>obtundam</em></span> <span class='ocrx_word' id='word_1_243' title='bbox 754 2154 880 2201; x_wconf 82' lang='lat' dir='ltr'><em>saepius</em></span> <span class='ocrx_word' id='word_1_244' title='bbox 898 2153 1020 2188; x_wconf 83' lang='lat' dir='ltr'><em>eadem</em></span> <span class='ocrx_word' id='word_1_245' title='bbox 1037 2153 1274 2200; x_wconf 76' lang='lat' dir='ltr'><em>nequidquam</em></span> <span class='ocrx_word' id='word_1_246' title='bbox 1293 2153 1429 2200; x_wconf 81' lang='lat' dir='ltr'><em>agendo</em></span> <span class='ocrx_word' id='word_1_247' title='bbox 1442 2169 1455 2190; x_wconf 86' lang='lat'><em>.-</em></span> 
     </span>
    </p>
   </div>
   <div class='ocr_carea' id='block_1_5' title="bbox 339 2216 1454 2398">
    <p class='ocr_par' dir='ltr' id='par_1_6' title="bbox 339 2216 1454 2398">
     <span class='ocr_line' id='line_1_34' title="bbox 339 2216 1453 2267; baseline -0.002 -11"><span class='ocrx_word' id='word_1_248' title='bbox 339 2231 403 2257; x_wconf 74' lang='lat' dir='ltr'><em>nec</em></span> <span class='ocrx_word' id='word_1_249' title='bbox 425 2219 635 2267; x_wconf 81' lang='lat' dir='ltr'><em>Tarquinios</em></span> <span class='ocrx_word' id='word_1_250' title='bbox 650 2230 711 2267; x_wconf 74' lang='lat' dir='ltr'><em>spe</em></span> <span class='ocrx_word' id='word_1_251' title='bbox 728 2218 867 2261; x_wconf 81' lang='lat' dir='ltr'><em>auxilii,</em></span> <span class='ocrx_word' id='word_1_252' title='bbox 890 2218 983 2266; x_wconf 80' lang='lat' dir='ltr'><em>quod</em></span> <span class='ocrx_word' id='word_1_253' title='bbox 1005 2217 1143 2253; x_wconf 81' lang='lat' dir='ltr'><em>nullum</em></span> <span class='ocrx_word' id='word_1_254' title='bbox 1163 2219 1198 2252; x_wconf 71' lang='lat' dir='ltr'><em>in</em></span> <span class='ocrx_word' id='word_1_255' title='bbox 1217 2230 1277 2253; x_wconf 75' lang='lat' dir='ltr'><em>me</em></span> <span class='ocrx_word' id='word_1_256' title='bbox 1287 2222 1350 2259; x_wconf 80' lang='lat' dir='ltr'><em>est,</em></span> <span class='ocrx_word' id='word_1_257' title='bbox 1364 2216 1453 2266; x_wconf 86' lang='lat' dir='ltr'><em>fru-</em></span> 
     </span>
     <span class='ocr_line' id='line_1_35' title="bbox 341 2281 1454 2331; baseline -0.004 -10"><span class='ocrx_word' id='word_1_258' title='bbox 341 2283 490 2321; x_wconf 82' lang='lat' dir='ltr'><em>strabor.</em></span> <span class='ocrx_word' id='word_1_259' title='bbox 546 2284 670 2319; x_wconf 84' lang='lat' dir='ltr'><em>Alium</em></span> <span class='ocrx_word' id='word_1_260' title='bbox 689 2282 782 2326; x_wconf 79' lang='lat' dir='ltr'><em>hinc,</em></span> <span class='ocrx_word' id='word_1_261' title='bbox 801 2294 860 2319; x_wconf 84' lang='lat' dir='ltr'><em>seu</em></span> <span class='ocrx_word' id='word_1_262' title='bbox 880 2281 967 2318; x_wconf 74' lang='lat' dir='ltr'><em>bello</em></span> <span class='ocrx_word' id='word_1_263' title='bbox 986 2293 1072 2331; x_wconf 87' lang='lat' dir='ltr'><em>opus</em></span> <span class='ocrx_word' id='word_1_264' title='bbox 1089 2286 1151 2325; x_wconf 85' lang='lat' dir='ltr'><em>est,</em></span> <span class='ocrx_word' id='word_1_265' title='bbox 1171 2293 1230 2317; x_wconf 83' lang='lat' dir='ltr'><em>seu</em></span> <span class='ocrx_word' id='word_1_266' title='bbox 1248 2283 1374 2329; x_wconf 72' lang='lat' dir='ltr'><em>quiete,</em></span> <span class='ocrx_word' id='word_1_267' title='bbox 1395 2293 1454 2317; x_wconf 75' lang='lat' dir='ltr'><em>ex-</em></span> 
     </span>
     <span class='ocr_line' id='line_1_36' title="bbox 346 2346 1454 2398; baseline -0.003 -13"><span class='ocrx_word' id='word_1_268' title='bbox 346 2349 423 2386; x_wconf 79' lang='lat' dir='ltr'><em>silio</em></span> <span class='ocrx_word' id='word_1_269' title='bbox 441 2353 601 2398; x_wconf 82' lang='lat' dir='ltr'><em>quaerant</em></span> <span class='ocrx_word' id='word_1_270' title='bbox 619 2349 745 2393; x_wconf 82' lang='lat' dir='ltr'><em>locum,</em></span> <span class='ocrx_word' id='word_1_271' title='bbox 763 2359 808 2385; x_wconf 77' lang='lat' dir='ltr'><em>ae</em></span> <span class='ocrx_word' id='word_1_272' title='bbox 826 2348 914 2396; x_wconf 79' lang='lat' dir='ltr'><em>quid</em></span> <span class='ocrx_word' id='word_1_273' title='bbox 929 2359 1042 2384; x_wconf 84' lang='lat' dir='ltr'><em>meam</em></span> <span class='ocrx_word' id='word_1_274' title='bbox 1060 2347 1233 2384; x_wconf 85' lang='lat' dir='ltr'><em>vobiscum</em></span> <span class='ocrx_word' id='word_1_275' title='bbox 1252 2357 1379 2395; x_wconf 84' lang='lat' dir='ltr'><em>pacem</em></span> <span class='ocrx_word' id='word_1_276' title='bbox 1398 2346 1454 2382; x_wconf 82' lang='lat' dir='ltr'><em>di·</em></span> 
     </span>
    </p>
   </div>
   <div class='ocr_carea' id='block_1_6' title="bbox 1532 0 1573 1422">
    <p class='ocr_par' dir='ltr' id='par_1_7' title="bbox 1532 0 1573 1422">
     <span class='ocr_line' id='line_1_37' title="bbox 1532 0 1573 1422; baseline 0 0"><span class='ocrx_word' id='word_1_277' title='bbox 1532 0 1573 1422; x_wconf 95' lang='lat' dir='ltr'><em> </em></span> 
     </span>
    </p>
   </div>
  </div>
 </body>
</html>
