1573 2598
289 167 373 212 208
746 175 792 206 Τ.
816 176 949 207 nvn

288 266 438 316 fugati:
470 263 597 315 praeda
614 268 724 312 parta
741 263 887 311 ingens.
943 262 1042 300 Eam
1065 267 1219 312 propter
1237 261 1405 314 inopiam

290 330 412 367 aerarii
432 326 606 364 consules
627 326 886 362 vendiderunt.
944 325 1102 362 Invidiae
1124 331 1251 361 tamen
1273 338 1331 362 res
1359 325 1408 363 ad

289 394 498 430 exercitum
526 390 621 426 fuit:
654 402 700 426 ea
727 389 888 437 denique
916 389 1079 426 tribunis
1108 390 1307 426 materiam
1335 390 1408 426 cri-

289 456 459 494 minandi
480 455 527 491 ad
554 452 703 504 plebem
723 453 894 491 consules
915 453 1089 504 praebuit.
1145 452 1281 502 Itaque
1299 465 1406 502 ergo,

73 519 117 550 U·
134 519 171 549 C·
189 524 261 549 300·
290 527 332 557 ut
361 521 586 568 magisu·atu
615 518 755 561 abiere,
787 518 851 568 Sp.
872 518 1053 567 Tarpeio,
1083 518 1131 553 A.
1150 518 1286 553 Atel-io
1315 529 1408 553 con-

73 563 114 594 A'
130 562 166 593 ε’
183 568 257 592 4⁵2¹
291 583 449 626 salibus,
477 582 555 618 dies
578 581 681 618 dicta
702 587 759 618 est
785 580 955 618 Romilio
981 580 1028 617 ab
1050 580 1094 617 C.
1115 580 1275 617 Claudio
1298 580 1408 617 Cice-

290 660 398 689 rone,
427 645 584 682 tribuno
613 643 757 694 plebis3
790 644 950 680 Veturio
979 644 1026 680 ab
1051 644 1098 680 L.
1118 644 1272 687 Alieno,
1303 643 1410 680 aedile

290 711 424 761 plebis.
483 710 652 758 Uterque
674 721 814 757 magna
832 708 990 745 Pan-um
1014 709 1279 756 indignatione
1304 708 1410 745 dam-

292 780 418 818 natus,
438 773 629 810 Romilius
649 773 778 809 decem
799 772 964 808 millibus
986 774 1084 816 aeris,
1102 772 1279 808 Veturius
1300 772 1411 821 quin-

293 841 427 878 decim.
482 841 566 876 Nec
595 840 676 876 haec
702 840 870 889 priorum
894 838 1088 875 calamitas
1109 837 1307 875 consulum
1326 851 1412 888 seg·

294 906 420 942 niores
454 916 575 940 novos
604 903 748 939 fecerat
776 903 967 940 consules:
1000 908 1035 940 et
1061 915 1097 940 se
1124 904 1290 939 damnari
1315 915 1414 953 posse

295 971 474 1008 aiebant:
507 976 542 1006 et
563 971 714 1018 plebem,
734 974 769 1005 et
791 969 944 1006 tribunos
964 971 1073 1018 Legem
1088 967 1194 1019 ferre
1210 981 1282 1006 non
1303 982 1416 1018 posse.

295 1035 410 1078 Tum,
445 1033 597 1084 abjecta
627 1033 727 1081 lege,
758 1046 840 1081 quae
874 1033 1116 1082 promulgata
1149 1040 1413 1077 consenuerat,

295 1098 440 1136 tribuni
468 1098 589 1134 lenius
619 1109 732 1146 agere
761 1109 846 1133 cum
875 1097 1065 1134 Patribus.
1120 1098 1245 1134 finem
1273 1099 1416 1136 tandem

297 1165 529 1200 certaminum
546 1161 742 1211 facerent:
768 1163 799 1197 si
825 1162 968 1209 plebeiae
992 1163 1084 1210 leges
1112 1163 1346 1211 displicerent,
1376 1169 1417 1199 at

296 1229 352 1265 illi
372 1229 601 1263 communiter
620 1227 737 1274 legum
763 1227 903 1268 latores,
924 1231 959 1262 et
977 1238 1019 1262 ex
1039 1227 1152 1274 plebe,
1174 1232 1209 1262 et
1230 1238 1271 1262 ex
1289 1228 1416 1263 Patri-

290 1291 372 1334 hus,
393 1293 454 1339 qui
479 1292 637 1338 utrisque
654 1291 759 1325 utilia
772 1288 931 1338 ferrent,
952 1302 1096 1338 quaeque
1113 1291 1295 1338 aequandae
1314 1290 1417 1327 liber--
1538 1293 1541 1298 ’

299 1357 386 1391 tatis
403 1360 526 1399 essent,
545 1356 699 1390 sinerent
720 1355 844 1390 creari.
901 1352 1000 1389 Rem
1028 1366 1108 1389 non
1136 1354 1420 1403 adspernaban·

298 1424 361 1454 tur
379 1418 510 1454 Patres
531 1432 537 1452 :
572 1419 741 1453 daturum
763 1418 855 1464 leges
879 1419 1066 1461 neminem,
1086 1419 1154 1453 nisi
1174 1429 1216 1454 er
1234 1418 1417 1462 Patribus,

293 1481 464 1518 aiebant.
521 1481 651 1521 Quum
687 1481 732 1517 de
767 1481 915 1530 legibus
948 1469 1182 1525 conveniret,
1216 1482 1262 1518 de
1297 1481 1419 1519 latore

84 1543 193 1583 Legati
300 1553 450 1582 tantum
480 1546 731 1595 discreparet:
763 1546 868 1587 missi
900 1545 1017 1594 legati
1049 1546 1221 1582 Athenas
1251 1546 1315 1596 Sp.
1339 1546 1417 1583 Po·
1558 1546 1564 1566 “

84 1587 228 1617 Athenas
406 1611 413 1618 .
857 1611 864 1618 .
1126 1610 1134 1618 .
1162 1611 1170 1618 .
1387 1611 1395 1618 .

86 1628 246 1664 mmm&
302 1617 461 1646 stumius
494 1610 629 1654 Albus,
667 1611 714 1646 A.
743 1610 928 1654 Manhus,
959 1610 1003 1646 P.
1030 1610 1217 1660 Sulpicius
1247 1610 1419 1647 Cameri-

85 1681 165 1710 gum
182 1679 273 1701 0³⁰⁵·
302 1686 397 1720 nus;
422 1673 595 1723 jussique
624 1674 774 1710 inclita-s
804 1674 906 1723 leges
945 1674 1095 1711 Solonis
1126 1674 1350 1718 describere,
1379 1682 1420 1711 et

83 1725 130 1747 'a'
305 1737 464 1775 aliarum
492 1737 649 1774 Graeciae
683 1738 893 1774 civitatium
920 1738 1110 1781 instituta,
1143 1750 1281 1781 mores,
1308 1737 1424 1788 jura-

304 1814 377 1851 que
395 1814 564 1838 noscere.

87 1859 130 1889 U.
148 1858 183 1889 C·
201 1865 274 1890 ³³⁰¹·
357 1865 538 1901 XXXII.
567 1864 629 1901 Ab
659 1866 823 1902 externis
852 1864 960 1901 bellis
991 1866 1138 1914 quietus
1167 1877 1287 1902 annus
1314 1864 1388 1902 fuit
1403 1881 1425 1912 ;.

1550 1660 1566 1694 ἶ

1539 1699 1567 1802 ἒ

1562 1816 1567 1840 ι

85 1901 271 1933 A.C.4⁵1.
359 1930 419 1936 ..
505 1930 511 1936 .
899 1929 962 1936 ..
1276 1929 1284 1937 .
1357 1929 1392 1937 ..
1544 1840 1569 1961 ἢ

304 1936 469 1978 quietlor
503 1941 720 1978 msequens,
752 1929 797 1965 P.
818 1929 991 1965 Curiano
1020 1935 1058 1965 et
1094 1929 1179 1966 Sex.
1209 1929 1421 1968 Quinctilio
1535 1941 1569 2134 ξ

1534 2237 1549 2266 δ

1511 1559 1564 1653 ,ἐξ

1562 1765 1573 1809 {4

303 1991 537 2036 consulibus,
557 1999 742 2042 perpetuo
760 1991 923 2028 silentio-
933 1992 1171 2028 tribunorum
1187 2006 1194 2027 :
1222 1992 1324 2041 quod
1342 1993 1421 2042 pri-

303 2069 367 2093 mo
388 2056 615 2105 legatorum,
643 2056 706 2105 qui
726 2056 898 2093 Athenas
924 2057 1060 2099 ierant,
1088 2056 1290 2105 legumque
1313 2069 1420 2106 pere-

304 2121 497 2169 grinarum
517 2122 751 2170 exspectatio
771 2121 959 2170 praebuit5
991 2121 1076 2157 dein
1106 2121 1181 2157 duo
1204 2120 1316 2156 simul
1339 2133 1422 2158 ma-

301 2183 340 2220 la
369 2185 541 2233 ingentia
566 2191 712 2229 exorta,
740 2185 859 2222 fames
889 2185 1191 2235 pestilentiaque,
1217 2184 1322 2222 foeda
1348 2185 1421 2222 ho-

303 2249 410 2291 mini,
440 2249 544 2285 foeda
580 2250 720 2299 pecori.
778 2250 927 2286 Vastati
957 2250 1037 2299 agri
1067 2256 1177 2286 sunt:
1210 2249 1298 2285 urbs
1327 2249 1425 2286 assi-

301 2311 386 2347 duis
416 2313 602 2350 exhausta
627 2313 850 2360 funeribus3
881 2312 1010 2351 multae
1038 2320 1078 2350 et
1106 2312 1214 2351 clarae
1242 2311 1420 2364 lugubres

1527 2326 1559 2484 g

1532 2527 1573 2598 ἰ
