1573 2598
373 200 528 232 LIBER
553 201 599 231 V·
632 201 739 231 CAP.
763 201 958 231 XXVIII.
1137 199 1220 245 375

106 291 219 330 litum
239 293 282 329 C.
298 292 493 336 AEmilius,
515 293 578 342 Sp.
595 292 827 328 Postumius.
869 291 999 327 Primo
1019 303 1098 326 rem
1119 303 1222 327 com·
1238 296 1279 325 U.
1292 294 1329 325 C.
1344 300 1420 326 361.

109 358 275 393 muniter
303 364 522 405 gesserunt:
554 356 648 392 fusis
674 356 761 392 inde
787 356 868 391 acie
886 355 1075 396 hostibus,
1096 354 1223 391 AEmi-
1236 340 1275 369 Α·
1293 339 1329 370 C·
1346 345 1420 372 391.

108 420 201 457 lium
227 421 402 471 praesidio
423 420 673 469 Verruginem
696 420 869 456 obtinere
897 419 1054 469 placuit,
1083 418 1224 454 Postu-

109 487 227 521 mium
256 485 348 521 fines
378 492 537 521 vastare.
594 484 655 520 Ibi
675 497 774 527 eum,
797 484 1052 534 incomposito
1073 483 1224 531 agmine

108 550 363 598 negligentius
384 549 430 586 ab
451 562 491 585 re
511 549 607 585 bene
630 556 737 597 gesta
757 555 924 591 euntem,
946 548 1069 584 adorti
1089 547 1223 596 AEqui,

107 619 253 650 terrore
282 613 439 664 injecto,
473 614 512 649 in
549 614 744 662 proximos
777 612 993 663 compulere
1025 611 1220 647 tumulos:

107 690 299 727 pavorque
327 678 414 713 inde
444 677 696 726 Verruginem
717 678 831 713 etiam
857 677 904 713 ad
932 676 1147 726 praesidium
1168 675 1223 711 al-

105 747 229 777 terum
259 748 315 777 est
344 741 521 792 perlatus.
579 742 812 784 Postumius,
838 742 913 777 suis
944 742 983 776 in
1008 746 1134 776 tutum
1163 752 1222 776 re-

106 806 241 855 ceptis,
262 819 378 854 quum
398 807 584 842 concione
603 806 788 842 advocata
806 812 990 841 terrorem
1009 805 1223 854 increparet

107 881 150 905 ac
169 868 299 917 fugam
316 887 326 916 3
359 869 462 905 fusos
484 882 565 905 esse
584 869 632 905 ab
654 869 900 917 ignavissimo
920 874 957 904 et
975 867 1222 916 fugacissimo

105 934 217 970 hoste
233 950 243 980 3
277 933 491 971 conclamat
519 935 712 970 universus
739 934 940 975 exercitus,
962 933 1097 968 merito
1119 945 1157 967 se
1178 944 1223 967 ea

107 997 250 1041 audire,
285 1005 323 1034 et
350 998 463 1034 fateri
492 998 699 1034 admissum
726 997 940 1045 flagitium:
974 996 1037 1031 sed
1061 995 1221 1031 'eosdem

108 1068 352 1098 contecturos
374 1075 469 1105 esse,
489 1075 614 1111 neque
637 1062 857 1098 diuturnum
882 1060 921 1096 id
945 1060 1123 1109 gaudium
1150 1059 1222 1094 ho-

108 1125 228 1162 stibus
257 1124 352 1162 fore.
399 1125 622 1168 Poscentes,
643 1132 685 1161 ut
705 1124 908 1161 confestim
929 1123 1014 1159 inde
1034 1123 1080 1158 ad
1101 1130 1225 1158 castra

105 1189 274 1225 hostium
301 1190 469 1233 duceret,
504 1187 559 1236 (in
584 1195 791 1239 conspectu
812 1194 920 1224 erant
938 1187 1065 1237 posita
1083 1187 1122 1222 in
1142 1186 1226 1237 pla-

105 1253 176 1299 no)
206 1252 302 1288 nihil
322 1266 444 1303 poenae
465 1254 706 1296 recusabant,
735 1254 775 1289 ni
802 1265 846 1288 ea
876 1259 964 1288 ante
983 1260 1136 1288 noctem
1156 1264 1224 1287 ex-

105 1323 352 1366 pugnassent.
410 1316 670 1352 Conlaudatos
694 1329 857 1366 corpora
883 1318 1027 1358 curare,
1048 1319 1223 1365 parat&-

106 1394 178 1430 que
199 1395 280 1418 esse
299 1389 433 1432 quarta
449 1382 581 1432 ¹vigilia
599 1382 714 1432 jubet
732 1397 739 1418 :
773 1389 809 1418 et
829 1383 973 1425 hostes,
993 1388 1223 1418 nocturnam

104 1447 236 1495 fugam
266 1460 312 1483 ex
341 1446 489 1483 tumulo
520 1446 785 1483 Romanorum
815 1454 857 1482 ut
889 1446 937 1482 ab
966 1459 1011 1482 ea
1035 1446 1108 1488 via,
1138 1458 1222 1495 quae

103 1510 250 1547 ferebat
268 1511 534 1560 Verruginem,
556 1511 812 1553 excluderent,
833 1510 938 1546 fuere
957 1510 1059 1546 obvii
1079 1524 1088 1543 :
1118 1522 1221 1559 proe-
1248 1560 1253 1564 „

102 1575 271 1624 liumque
289 1582 378 1612 ante
397 1575 520 1611 lucem
544 1577 626 1624 (sed
644 1576 735 1612 luna
754 1588 900 1626 pernox
920 1576 1020 1621 erat)
1042 1575 1221 1610 commis-

104 1652 186 1675 sum
207 1646 286 1675 est:
319 1646 357 1675 et
375 1640 476 1678 haud
499 1641 680 1676 incertius
702 1640 837 1676 diurno
857 1638 994 1689 proelio
1014 1639 1099 1675 fuit.
1146 1638 1220 1674 Sed

104 1703 246 1739 clamor
271 1704 522 1753 Verruginem
550 1705 730 1754 perlatus,
752 1717 868 1753 quum
892 1712 1016 1740 castra
1042 1703 1220 1738 Romana

104 1767 299 1804 crederent
319 1769 547 1818 obpugnari‚
568 1775 718 1805 tantum
739 1768 870 1818 injecit
889 1769 1054 1818 pavoris,
1074 1777 1130 1811 ut,
1151 1781 1218 1804 ne-

103 1832 307 1881 quidquam
328 1834 514 1869 retinente
535 1841 648 1882 atque
674 1833 898 1869 obsecrante
924 1832 1099 1874 AEmilio,
1119 1832 1221 1868 Tus-

103 1894 229 1931 culum
258 1896 376 1945 palati
405 1896 594 1945 fugerent.
652 1897 744 1932 Inde
764 1896 865 1932 fama
889 1895 1051 1932 Romam
1071 1895 1220 1945 perlata

103 1965 174 2003 est,
205 1960 445 1997 Postumium
478 1962 760 2009 exercitumque
790 1962 969 1996 occisum.
1027 1960 1118 2003 Qui,
1154 1960 1220 1996 ubi

102 2025 223 2074 prima
244 2024 308 2061 lux
329 2033 471 2061 metum
492 2026 711 2062 insidiarum
734 2026 848 2061 effuse
869 2025 1112 2073 sequentibus
1137 2037 1220 2060 sus-

102 2087 205 2131 tulit,
227 2102 342 2137 quum
371 2090 646 2138 perequitasset
669 2090 802 2126 aciem.
825 2089 1009 2138 promissa
1029 2095 1218 2136 repetens,

102 2158 253 2187 tantum
274 2152 405 2202 injecit
425 2153 582 2196 ardoris,
605 2160 646 2189 ut
675 2167 753 2190 non
773 2153 871 2189 ultra
891 2153 1141 2188 sustinuerint
1160 2153 1219 2187 in-

102 2221 241 2264 petum·
261 2216 392 2265 AEqui.
450 2217 578 2252 Caedes
610 2217 696 2253 inde
729 2217 971 2265 fugientium,
1003 2215 1122 2264 qualis
1155 2215 1220 2251 ubi

102 2279 158 2314 ira
187 2281 321 2328 magis,
349 2293 461 2328 quam
487 2282 640 2323 virtute,
670 2294 726 2316 res
756 2282 911 2329 geritur,
942 2281 987 2315 ad
1014 2280 1220 2328 perniciem

101 2343 271 2379 hostium
290 2343 393 2380 facta
413 2351 470 2380 est
481 2361 492 2390 3
524 2345 747 2395 tristemque
767 2344 814 2380 ab
835 2343 1002 2380 Tusculo
1022 2343 1221 2387 nuncium,
