1573 2598
474 174 630 204 LIBER
653 173 688 203 1.
719 174 829 204 CAP.
851 173 961 203 xlx.
1217 174 1271 217 3'1

159 264 254 312 eetjus
278 277 341 313 ego
367 269 474 313 caput
498 269 608 305 teneo,
631 274 747 310 regem
771 261 894 298 Romoe
922 273 1004 305 esse,
1033 263 1086 298 uti
1112 268 1149 298 ιιι
1173 264 1277 311 signa

157 329 256 366 nobis
274 334 369 366 certa
388 328 598 365 adclarassis
618 328 710 362 inter
730 338 786 362 eos
800 327 908 375 fines,
929 339 1014 374 quos
1029 326 1120 376 feci.
1176 327 1278 364 Tum

157 395 305 444 peregit
319 393 441 430 verbis
460 391 640 442 auspicia,
657 404 741 440 quae
758 391 860 427 mitti
876 391 988 427 vellet
1005 405 1012 427 ε
1036 391 1171 440 quibus
1187 392 1278 428 mis-

160 459 224 500 sis,
244 456 454 493 declaratus
474 468 540 492 rex
557 455 689 492 Numa
707 454 752 491 de
766 454 910 505 templo
927 455 1134 492 descendit.

214 520 331 557 XIX.
357 521 448 563 Qui,
469 532 588 568 regno
606 519 660 555 ita
679 520 838 569 potum,
859 518 991 555 urbem
1010 531 1164 563 novam,
1186 532 1278 556 con·
1291 528 1414 559 Numae
1429 526 1481 557 in-

162 586 279 622 ditam
305 585 340 619 vi
367 591 404 619 et
430 584 557 627 armis,
576 582 665 634 jure
691 594 775 618 eam
795 582 1018 632 legibusque
1041 595 1085 618 ac
1110 572 1417 620 moribussmum‘

151 649 207 685 ⁴de
232 650 382 697 integro
407 647 570 684 condere
591 653 726 696 parat:
758 646 894 695 quibus
917 659 1033 695 quum
1058 647 1157 683 inter
1181 646 1283 683 bella

162 713 383 750 adsuescere
407 711 551 747 videret
578 722 658 746 uon
686 722 814 760 posse,
842 711 981 762 quippe
1011 710 1185 747 efferatos
1211 711 1283 747 mi·

163 777 259 820 litia,
280 776 427 813 animos
444 791 454 821 3
486 774 739 824 mitigandum
758 774 928 811 ferocem
952 763 1135 824 populum
1157 787 1285 811 armo-

164 852 248 877 rum
274 840 519 876 desuetudine
549 844 667 882 ratus,
691 838 832 878 Janum
861 838 908 874 ad
937 838 1110 874 infimum
1134 837 1286 887 Argile-
1297 845 1399 876 Janus
1412 841 1490 893 pelli

165 913 262 949 tum,
300 905 463 941 indicem
499 904 602 955 pacis
630 903 809 953 bellique,
839 903 956 939 fecit:
996 909 1148 953 apertus
1177 909 1220 939 ut
1247 903 1288 939 in
1300 895 1503 962 {tessamsm‘

169 970 280 1006 armis
307 974 388 1005 esse
416 969 635 1014 civitatem3
668 967 817 1004 clausus
846 973 1002 1017 pacatos
1028 967 1130 1003 circa
1157 979 1289 1004 omnes

169 1033 330 1084 populos
360 1032 602 1082 significaret.
659 1031 725 1067 Bis
759 1031 893 1067 deinde
921 1038 1010 1081 post
1039 1031 1177 1068 Numae
1205 1044 1295 1080 reg-

170 1111 261 1134 num
291 1097 438 1133 clausus
466 1096 566 1132 fuit:
607 1095 722 1132 semel
750 1095 796 1133 T.
826 1095 976 1132 Manlio
1006 1096 1176 1140 consule,
1206 1102 1295 1146 post

170 1161 356 1197 Punicum
384 1162 549 1211 primum
577 1160 787 1210 perfectum
812 1159 981 1213 bellum:
1014 1161 1165 1203 iterum,
1192 1160 1293 1209 quod

171 1231 310 1262 nostrae
341 1225 443 1261 aetati
465 1224 533 1260 Dii
562 1224 760 1267 dederunt,
787 1229 831 1259 ut
848 1224 1074 1267 videremus,
1097 1231 1186 1274 post
1213 1223 1294 1260 bel-

171 1288 250 1325 lum
264 1289 479 1331 Actiacum,
500 1287 547 1324 ab
569 1287 805 1337 Imperatore
825 1287 975 1323 Caesare
989 1276 1181 1336 Augusto,
1202 1300 1296 1338 pace

173 1360 274 1389 terra
310 1352 479 1401 marique
515 1358 636 1402 parta.
694 1350 835 1387 Clauso
873 1364 933 1394 eo,
960 1354 1088 1401 ‘quum
1124 1353 1295 1390 omnium

174 1419 274 1454 circa
308 1417 558 1453 finitimorum
587 1416 772 1452 societate
801 1429 844 1453 ac
873 1416 1079 1452 foederibus
1102 1415 1297 1466 junxisset

174 1482 335 1525 animos,
369 1482 504 1531 positis
537 1486 783 1517 externorum
815 1480 1070 1530 periculorum
1103 1482 1215 1524 curis,
1248 1492 1298 1516 ne

174 1545 456 1582 luxuriarentur
482 1545 563 1581 otio
591 1544 722 1587 animi,
750 1557 844 1593 quos
871 1552 993 1581 metus
1022 1545 1192 1580 hostium
1221 1544 1296 1580 dis-

175 1609 390 1659 ciplinaque
415 1608 588 1645 militaris
616 1609 885 1654 continuerat3
919 1609 1091 1644 omnium
1119 1608 1297 1657 primum,

175 1686 256 1710 rem
281 1674 329 1710 ad
357 1673 640 1709 multitudinem
668 1673 885 1722 inperitam,
911 1679 950 1709 et
975 1672 1048 1709 illis
1075 1672 1210 1708 seculis
1236 1684 1299 1707 ru-

179 1738 278 1781 dem,
317 1737 627 1780 efficacissimam,
662 1737 835 1773 Deorum
872 1744 1016 1773 metum
1053 1735 1300 1786 injiciendum

179 1808 282 1838 ratus
302 1808 382 1837 est:
415 1802 479 1850 qui
499 1814 615 1850 quum
633 1801 859 1837 descendere
879 1801 926 1838 ad
952 1801 1098 1837 animos
1125 1800 1206 1836 sine
1232 1799 1302 1836 ali-

179 1879 255 1915 quo
284 1872 502 1902 commento
534 1865 706 1902 miraculi
742 1878 821 1901 non
858 1872 1001 1915 posset,
1040 1864 1192 1901 simulat
1230 1864 1303 1901 sibi

180 1943 266 1966 cum
283 1930 369 1966 Dea
387 1931 528 1979 Egeria
548 1942 771 1979 congressus
793 1937 1002 1966 nocturnos
1019 1939 1104 1968 resse
1123 1943 1130 1964 :
1162 1928 1242 1979 ejus
1263 1941 1302 1964 se
1314 1934 1383 1966 Dea
1396 1934 1518 1975 Egeria.

180 1995 342 2038 monitu,
373 2007 455 2044 quae
485 1994 748 2044 acceptissima
775 1994 861 2030 Diis
892 2000 1032 2036 essent,
1057 2006 1164 2029 sacra
1192 1993 1302 2028 insti-

178 2066 284 2096 tuere
302 2076 311 2105 3
353 2060 566 2096 sacerdotes
605 2072 692 2095 suos
727 2060 862 2108 cuique
894 2058 1068 2095 Deorum
1099 2057 1302 2107 praeficere.

182 2124 308 2173 Atque
337 2125 508 2160 omnium
536 2125 714 2174 primum,
745 2124 792 2160 ad
820 2136 973 2161 cursum
1001 2122 1115 2165 lunae,
1138 2123 1179 2158 in
1208 2121 1301 2157 duo-

183 2188 304 2224 decim
332 2201 478 2224 menses
508 2189 688 2225 describit
716 2200 884 2224 annum:
916 2199 1028 2236 quem
1055 2186 1163 2235 (quia
1188 2186 1304 2222 trice-

184 2264 252 2288 nos
273 2251 350 2287 dies
371 2252 528 2300 singulis
555 2252 747 2289 mensibus
774 2251 866 2287 luna
888 2263 966 2287 non
986 2249 1127 2300 explet,
1147 2249 1303 2285 desunt-

183 2329 256 2365 que
293 2315 370 2352 dies
408 2317 531 2353 solido
569 2329 684 2359 anno,
716 2316 781 2365 qui
810 2313 1001 2351 solstitiali
1034 2313 1305 2362 circumagitur

731 2379 761 2415 C
782 2379 807 2414 4
