1573 2598
301 138 389 184 394
748 137 796 167 T.
826 136 962 170 mvn

110 237 202 269 αθ.
219 234 438 268 365.ηαττινα
460 239 612 278 corpora
636 229 840 278 animosque
859 239 994 277 magna
1015 227 1144 276 magis,
1163 238 1272 277 quam
1286 227 1416 278 firma,

110 281 202 313 A.C.
219 287 442 331 3⁸7·dederit
458 310 471 331 .·
498 305 538 329 eo
563 293 603 330 in
628 298 806 330 certamen
834 305 937 330 omne
956 292 1042 341 plus
1063 292 1220 336 terroris,
1239 303 1346 340 quam
1362 293 1417 328 vi-

303 361 412 402 rium,
422 358 566 408 ferunt.
622 359 842 407 Argumento
859 360 906 394 sit
931 358 1052 394 clades
1071 357 1264 394 Romana.-
1287 360 1418 405 paten-

304 429 376 460 tem
394 435 517 472 cepere
534 423 655 460 urbem
671 439 684 467 ,-
711 435 753 460 ex
777 436 860 460 arce
880 423 1128 472 Capitolioque
1146 422 1199 458 his
1216 423 1345 469 exigua
1360 432 1420 457 re-

302 489 441 525 sistitur
464 500 586 524 manu.
641 487 730 524 Jam
753 488 941 525 obsidionis
969 488 1075 524 taedio
1103 487 1187 523 victi
1214 485 1418 528 abscedunt,

303 554 454 601 vagique
467 565 535 601 per
553 564 658 600 agros
671 552 860 600 palomar,
880 553 956 590 cibo
972 554 1123 600 vinoque
1138 553 1275 599 raptim
1293 550 1422 586 hausto

304 618 443 665 repleti.
505 616 573 653 Ubi
599 627 669 652 nox
696 617 848 665 adpetit,
869 629 984 666 prope
1008 618 1101 653 rivos
1130 626 1322 664 aquarum,
1347 615 1423 650 sine

304 683 537 724 munimento,
556 683 631 717 sine
653 682 864 718 stationibus
885 695 928 719 ac
953 682 1133 724 σιιποάὶίε,
1159 681 1293 729 passim
1310 678 1421 728 fera-

303 758 386 782 rum
417 748 491 782 ritu
524 750 743 789 sternuntur,
780 759 874 782 nunc
905 746 949 783 ab
983 747 1143 784 secundis
1175 745 1275 781 rebus
1306 744 1422 791 magis

304 812 415 847 etiam
439 811 544 846 solito
572 812 721 847 incauti.
778 811 820 847 Si
842 811 938 848 vobis
958 813 998 847 in
1016 812 1136 847 animo
1156 814 1208 846 est
1226 809 1319 846 tueri
1336 819 1420 844 moe-

303 876 370 911 nia
396 880 527 917 vestra,
552 887 618 911 nec
640 876 724 922 pati
752 875 824 911 hoec
851 877 973 912 omnia
998 876 1159 911 Galliam
1173 874 1275 923 fieri,
1299 873 1423 920 prima

304 940 431 987 vigilia
459 941 576 987 capite
603 951 707 975 arma
724 938 958 988 frequentes.-
985 952 1042 976 me
1069 939 1256 987 sequimini
1283 937 1333 972 ad
1354 947 1422 974 σιε-

305 1004 399 1048 dem,
418 1015 489 1040 non
507 1005 556 1040 ad
570 1016 744 1052 pugnam.
800 1004 883 1041 Nisi
900 1005 1034 1041 vinctos
1050 1015 1184 1046 somno,
1200 1003 1298 1038 velut
1311 1012 1421 1050 pecu-

305 1068 378 1110 des,
400 1068 627 1105 trucidandos
652 1068 849 1111 tradidero,
872 1081 944 1105 non
967 1080 1089 1105 recuso
1113 1067 1275 1104 eumdem
1292 1066 1422 1102 Ardeae

303 1143 425 1168 rerum
441 1144 603 1169 nieorum
621 1133 769 1175 exitum,
791 1144 895 1181 quem.
913 1132 1038 1169 Romae
1057 1131 1176 1170 habui.

357 1196 485 1233 XLV.
513 1195 651 1246 AEquis
680 1197 896 1246 iniquisque
915 1208 1133 1248 persuasum
1155 1201 1250 1238 erat,
1269 1199 1419 1230 tantum

302 1259 406 1297 bello
434 1261 557 1297 virum
592 1262 783 1297 neminem
810 1274 970 1311 usquam
998 1273 1044 1298 ea
1070 1265 1296 1310 tempestate
1325 1269 1418 1295 esse.

305 1325 503 1362 Concione
540 1326 704 1369 dimissa,
743 1338 905 1377 corpora
936 1331 1085 1369 curant,
1119 1325 1272 1368 intenti,
1306 1335 1420 1373 quam

302 1402 394 1426 mox
412 1390 563 1439 signum
582 1389 754 1428 daretur:
784 1403 860 1440 quo
879 1390 984 1433 dato,
1005 1390 1135 1440 primae
1155 1388 1307 1425 silentio
1326 1399 1419 1424 noc-

302 1454 352 1489 tis
381 1453 429 1490 ad
456 1461 585 1504 portas
607 1454 772 1491 Camillo
792 1461 932 1504 praesto
953 1454 1072 1491 fuere.
1127 1452 1297 1502 Egressi,
1316 1450 1420 1488 haud

86 1524 170 1556 Gaui
186 1524 228 1555 ab
303 1517 436 1567 procul
455 1517 562 1561 urbe,
583 1518 681 1554 sicut
706 1518 928 1568 praedictum
947 1523 1041 1561 erat,
1062 1525 1185 1554 castra
1204 1515 1418 1558 Gallorum,

86 1569 275 1642 &gieaubus
303 1581 429 1618 intuta
447 1581 695 1632 neglectaque
715 1582 762 1618 ab
782 1583 886 1618 omni
908 1588 1016 1632 parte
1037 1581 1154 1624 nacti,
1176 1579 1340 1617 clamore
1359 1580 1418 1616 in-

165 1634 172 1642 ·
302 1646 458 1683 vadunt.
513 1646 716 1696 Nusquam
747 1646 938 1697 proelium,
969 1645 1145 1683 omnibus
1174 1645 1268 1682 locis
1297 1643 1417 1681 caedes

304 1717 387 1746 est:
426 1710 528 1746 nuda
560 1723 722 1761 corpora
754 1716 792 1746 et
824 1709 950 1746 soluta
985 1721 1121 1746 somno
1153 1708 1414 1745 trucidantur:

303 1779 492 1810 extremos
521 1780 650 1811 tamen
679 1786 798 1825 pavor
826 1772 1013 1810 cubilibus
1043 1772 1119 1809 suis
1149 1772 1308 1815 excitos,
1335 1784 1418 1821 quae

304 1844 370 1873 aut
397 1838 497 1874 unde
516 1839 570 1874 vis
601 1844 714 1882 esset,
741 1838 910 1887 ignaros,
935 1839 976 1874 in
1005 1837 1149 1886 fugam,
1169 1843 1208 1873 et
1235 1835 1419 1886 quosdam

303 1901 343 1937 in
374 1902 526 1938 hostem
551 1904 675 1953 ipsum
704 1902 923 1952 inprovidos
949 1901 1064 1938 tulit:
1095 1913 1235 1950 magna
1262 1912 1349 1951 pars
1378 1900 1418 1936 in

304 1976 439 2013 agrum
459 1965 656 2002 Antiatem
679 1965 807 2009 delati,
834 1965 1051 2002 incursione
1075 1964 1123 2000 ab
1149 1963 1348 2014 oppidanis
1377 1964 1436 2000 in⁴

88 2037 271 2084 Tuscorum
304 2028 452 2078 palatos
487 2028 604 2073 facta,
642 2030 1000 2066 circumveniuntur.
1071 2027 1211 2065 Similis
1247 2028 1287 2064 in
1324 2039 1418 2077 agro

88 2086 259 2159 Ξὲῗὲἳξεέῗ
306 2093 459 2131 Veienti
477 2093 689 2130 Tuscorum
706 2093 810 2130 facta
836 2099 980 2142 strages
1000 2098 1079 2129 est:
1112 2092 1178 2142 qui
1202 2090 1320 2138 urbis,
1334 2089 1418 2141 jam

88 2165 165 2196 enti.
306 2170 425 2207 prope
451 2157 863 2207 quadringentesimum
887 2168 1030 2193 annum
1053 2156 1201 2200 vicinae,
1228 2154 1418 2207 obpressae

306 2221 354 2257 ab
379 2222 491 2258 hoste
519 2222 714 2259 invisitato
739 2222 1001 2271 inauditoque,
1024 2221 1119 2258 adeo
1139 2220 1237 2257 nihil
1257 2219 1417 2257 miseriti

303 2292 406 2329 sunt,
428 2292 470 2322 ut
492 2286 531 2322 in
556 2298 690 2336 agrum
712 2284 934 2323 Romanum
955 2297 1002 2323 eo
1029 2292 1202 2338 tempore
1229 2283 1422 2322 incursio-¹
