<?xml version="1.0" encoding="UTF-8"?>
<!DOCTYPE html PUBLIC "-//W3C//DTD XHTML 1.0 Transitional//EN"
    "http://www.w3.org/TR/xhtml1/DTD/xhtml1-transitional.dtd">
<html xmlns="http://www.w3.org/1999/xhtml" xml:lang="en" lang="en">
 <head>
  <title>
</title>
<meta http-equiv="Content-Type" content="text/html;charset=utf-8" />
  <meta name='ocr-system' content='tesseract 3.04.00' />
  <meta name='ocr-capabilities' content='ocr_page ocr_carea ocr_par ocr_line ocrx_word'/>
</head>
<body>
  <div class='ocr_page' id='page_1' title='image "./historiarumquaes01livyuoft/historiarumquaes01livyuoft_0553.png"; bbox 0 0 1573 2598; ppageno 0'>
   <div class='ocr_carea' id='block_1_1' title="bbox 373 160 1209 207">
    <p class='ocr_par' dir='ltr' id='par_1_1' title="bbox 373 160 1209 207">
     <span class='ocr_line' id='line_1_1' title="bbox 373 160 1209 207; baseline -0.017 -4"><span class='ocrx_word' id='word_1_1' title='bbox 373 172 528 203; x_wconf 87' lang='lat' dir='ltr'>LIBER</span> <span class='ocrx_word' id='word_1_2' title='bbox 552 168 670 200; x_wconf 81' lang='lat' dir='ltr'><strong>vlu.</strong></span> <span class='ocrx_word' id='word_1_3' title='bbox 703 165 809 196; x_wconf 82' lang='lat' dir='ltr'><strong>cAP.</strong></span> <span class='ocrx_word' id='word_1_4' title='bbox 831 164 900 195; x_wconf 80' lang='lat' dir='ltr'><em>IV·</em></span> <span class='ocrx_word' id='word_1_5' title='bbox 1126 160 1209 207; x_wconf 77' lang='grc'><em>537</em></span> 
     </span>
    </p>
   </div>
   <div class='ocr_carea' id='block_1_2' title="bbox 89 257 1403 2423">
    <p class='ocr_par' dir='ltr' id='par_1_2' title="bbox 89 257 1403 2423">
     <span class='ocr_line' id='line_1_2' title="bbox 92 257 1403 316; baseline -0.011 -10"><span class='ocrx_word' id='word_1_6' title='bbox 92 271 212 305; x_wconf 75' lang='lat' dir='ltr'><em>tamen</em></span> <span class='ocrx_word' id='word_1_7' title='bbox 229 269 344 316; x_wconf 84' lang='lat' dir='ltr'><em>magis</em></span> <span class='ocrx_word' id='word_1_8' title='bbox 371 267 421 303; x_wconf 83' lang='lat' dir='ltr'><em>ud</em></span> <span class='ocrx_word' id='word_1_9' title='bbox 447 274 623 302; x_wconf 86' lang='lat' dir='ltr'><em>summam</em></span> <span class='ocrx_word' id='word_1_10' title='bbox 649 272 771 298; x_wconf 85' lang='lat' dir='ltr'><em>rerum</em></span> <span class='ocrx_word' id='word_1_11' title='bbox 798 263 1003 296; x_wconf 82' lang='lat' dir='ltr'><em>nostrarum</em></span> <span class='ocrx_word' id='word_1_12' title='bbox 1026 257 1209 306; x_wconf 82' lang='lat' dir='ltr'><em>pertinere</em></span> <span class='ocrx_word' id='word_1_13' title='bbox 1219 261 1262 292; x_wconf 88' lang='lat' dir='ltr'><em>U.</em></span> <span class='ocrx_word' id='word_1_14' title='bbox 1275 260 1313 292; x_wconf 82' lang='lat' dir='ltr'><em>C.</em></span> <span class='ocrx_word' id='word_1_15' title='bbox 1329 267 1403 291; x_wconf 70' lang='lat'><em>41⁵.</em></span> 
     </span>
     <span class='ocr_line' id='line_1_3' title="bbox 91 303 1402 381; baseline -0.008 -12"><span class='ocrx_word' id='word_1_16' title='bbox 91 334 262 375; x_wconf 80' lang='lat' dir='ltr'><em>arbitror,</em></span> <span class='ocrx_word' id='word_1_17' title='bbox 289 332 376 381; x_wconf 85' lang='lat' dir='ltr'><em>quid</em></span> <span class='ocrx_word' id='word_1_18' title='bbox 401 332 580 380; x_wconf 86' lang='lat' dir='ltr'><em>agendum</em></span> <span class='ocrx_word' id='word_1_19' title='bbox 606 328 717 373; x_wconf 85' lang='lat' dir='ltr'><em>nobis,</em></span> <span class='ocrx_word' id='word_1_20' title='bbox 745 339 853 376; x_wconf 85' lang='lat' dir='ltr'><em>quam</em></span> <span class='ocrx_word' id='word_1_21' title='bbox 878 326 966 375; x_wconf 86' lang='lat' dir='ltr'><em>quid</em></span> <span class='ocrx_word' id='word_1_22' title='bbox 992 325 1210 374; x_wconf 82' lang='lat' dir='ltr'><em>loquendum</em></span> <span class='ocrx_word' id='word_1_23' title='bbox 1220 303 1310 336; x_wconf 69' lang='lat' dir='ltr'>A‘C&#39;</span> <span class='ocrx_word' id='word_1_24' title='bbox 1327 309 1402 339; x_wconf 74' lang='lat'><strong>3³⁷⁰</strong></span> 
     </span>
     <span class='ocr_line' id='line_1_4' title="bbox 89 389 1213 445; baseline -0.008 -12"><span class='ocrx_word' id='word_1_25' title='bbox 89 398 161 433; x_wconf 84' lang='lat' dir='ltr'><em>sit:</em></span> <span class='ocrx_word' id='word_1_26' title='bbox 178 395 299 445; x_wconf 84' lang='lat' dir='ltr'><em>facile</em></span> <span class='ocrx_word' id='word_1_27' title='bbox 318 398 400 439; x_wconf 86' lang='lat' dir='ltr'><em>erit,</em></span> <span class='ocrx_word' id='word_1_28' title='bbox 422 395 611 444; x_wconf 73' lang='lat' dir='ltr'><em>explicatis</em></span> <span class='ocrx_word' id='word_1_29' title='bbox 629 392 798 435; x_wconf 86' lang='lat' dir='ltr'><em>consiliis,</em></span> <span class='ocrx_word' id='word_1_30' title='bbox 813 389 1092 427; x_wconf 85' lang='lat' dir='ltr'><em>adcommodare</em></span> <span class='ocrx_word' id='word_1_31' title='bbox 1109 389 1213 426; x_wconf 84' lang='lat' dir='ltr'><em>rebus</em></span> 
     </span>
     <span class='ocr_line' id='line_1_5' title="bbox 89 452 1215 504; baseline -0.007 -7"><span class='ocrx_word' id='word_1_32' title='bbox 89 460 208 497; x_wconf 80' lang='lat' dir='ltr'><em>verba.</em></span> <span class='ocrx_word' id='word_1_33' title='bbox 266 460 378 504; x_wconf 84' lang='lat' dir='ltr'><em>Nam,</em></span> <span class='ocrx_word' id='word_1_34' title='bbox 399 462 428 496; x_wconf 85' lang='lat' dir='ltr'><em>si</em></span> <span class='ocrx_word' id='word_1_35' title='bbox 450 461 558 496; x_wconf 84' lang='lat' dir='ltr'><em>etiam</em></span> <span class='ocrx_word' id='word_1_36' title='bbox 584 470 678 495; x_wconf 84' lang='lat' dir='ltr'><em>nunc</em></span> <span class='ocrx_word' id='word_1_37' title='bbox 701 455 764 493; x_wconf 84' lang='lat' dir='ltr'><em>sub</em></span> <span class='ocrx_word' id='word_1_38' title='bbox 791 455 918 492; x_wconf 87' lang='lat' dir='ltr'><em>umbra</em></span> <span class='ocrx_word' id='word_1_39' title='bbox 935 452 1099 504; x_wconf 60' lang='lat' dir='ltr'><em>foeder‘zs,</em></span> <span class='ocrx_word' id='word_1_40' title='bbox 1121 455 1215 502; x_wconf 83' lang='lat' dir='ltr'><em>aequi</em></span> 
     </span>
     <span class='ocr_line' id='line_1_6' title="bbox 92 517 1213 573; baseline -0.006 -13"><span class='ocrx_word' id='word_1_41' title='bbox 92 525 299 560; x_wconf 78' lang='lat' dir='ltr'><em>servitutem·</em></span> <span class='ocrx_word' id='word_1_42' title='bbox 311 524 393 573; x_wconf 81' lang='lat' dir='ltr'><em>pati</em></span> <span class='ocrx_word' id='word_1_43' title='bbox 407 535 607 572; x_wconf 82' lang='lat' dir='ltr'><em>possumus,</em></span> <span class='ocrx_word' id='word_1_44' title='bbox 625 521 713 570; x_wconf 84' lang='lat' dir='ltr'><em>quid</em></span> <span class='ocrx_word' id='word_1_45' title='bbox 731 520 842 562; x_wconf 77' lang='lat' dir='ltr'><em>abest,</em></span> <span class='ocrx_word' id='word_1_46' title='bbox 859 519 959 567; x_wconf 81' lang='lat' dir='ltr'><em>quin,</em></span> <span class='ocrx_word' id='word_1_47' title='bbox 975 518 1134 567; x_wconf 85' lang='lat' dir='ltr'><em>proditis</em></span> <span class='ocrx_word' id='word_1_48' title='bbox 1151 517 1213 553; x_wconf 82' lang='lat' dir='ltr'><em>Si·</em></span> 
     </span>
     <span class='ocr_line' id='line_1_7' title="bbox 94 583 1213 631; baseline -0.007 -6"><span class='ocrx_word' id='word_1_49' title='bbox 94 589 235 631; x_wconf 85' lang='lat' dir='ltr'><em>dicinis,</em></span> <span class='ocrx_word' id='word_1_50' title='bbox 256 600 328 624; x_wconf 86' lang='lat' dir='ltr'><em>non</em></span> <span class='ocrx_word' id='word_1_51' title='bbox 347 588 595 624; x_wconf 85' lang='lat' dir='ltr'><em>Romanorum</em></span> <span class='ocrx_word' id='word_1_52' title='bbox 608 587 737 627; x_wconf 86' lang='lat' dir='ltr'><em>solum,</em></span> <span class='ocrx_word' id='word_1_53' title='bbox 754 584 818 620; x_wconf 88' lang='lat' dir='ltr'><em>sed</em></span> <span class='ocrx_word' id='word_1_54' title='bbox 837 583 1057 619; x_wconf 77' lang='lat' dir='ltr'><em>Samnitium</em></span> <span class='ocrx_word' id='word_1_55' title='bbox 1075 593 1213 630; x_wconf 83' lang='lat' dir='ltr'><em>quoque</em></span> 
     </span>
     <span class='ocr_line' id='line_1_8' title="bbox 94 646 1214 701; baseline -0.007 -12"><span class='ocrx_word' id='word_1_56' title='bbox 94 654 191 689; x_wconf 85' lang='lat' dir='ltr'><em>dicto</em></span> <span class='ocrx_word' id='word_1_57' title='bbox 221 664 428 701; x_wconf 81' lang='lat' dir='ltr'><em>pareamus,</em></span> <span class='ocrx_word' id='word_1_58' title='bbox 458 652 806 701; x_wconf 81' lang='lat' dir='ltr'><em>respondeamusque</em></span> <span class='ocrx_word' id='word_1_59' title='bbox 831 647 1019 689; x_wconf 72' lang='lat' dir='ltr'><em>Romanis,</em></span> <span class='ocrx_word' id='word_1_60' title='bbox 1047 658 1124 689; x_wconf 83' lang='lat' dir='ltr'><em>nos,</em></span> <span class='ocrx_word' id='word_1_61' title='bbox 1154 646 1214 683; x_wconf 83' lang='lat' dir='ltr'><em>ubi</em></span> 
     </span>
     <span class='ocr_line' id='line_1_9' title="bbox 92 710 1211 764; baseline -0.006 -12"><span class='ocrx_word' id='word_1_62' title='bbox 92 718 286 759; x_wconf 80' lang='lat' dir='ltr'><em>innuerint,</em></span> <span class='ocrx_word' id='word_1_63' title='bbox 312 718 494 764; x_wconf 81' lang='lat' dir='ltr'><em>posituros</em></span> <span class='ocrx_word' id='word_1_64' title='bbox 521 716 660 752; x_wconf 73' lang='lat' dir='ltr'><em>arma.9</em></span> <span class='ocrx_word' id='word_1_65' title='bbox 687 714 754 749; x_wconf 85' lang='lat' dir='ltr'><em>Sin</em></span> <span class='ocrx_word' id='word_1_66' title='bbox 782 716 902 749; x_wconf 82' lang='lat' dir='ltr'><em>autem</em></span> <span class='ocrx_word' id='word_1_67' title='bbox 932 711 1078 747; x_wconf 88' lang='lat' dir='ltr'><em>tandem</em></span> <span class='ocrx_word' id='word_1_68' title='bbox 1107 710 1211 746; x_wconf 83' lang='lat' dir='ltr'><em>liber-</em></span> 
     </span>
     <span class='ocr_line' id='line_1_10' title="bbox 95 773 1213 823; baseline -0.004 -7"><span class='ocrx_word' id='word_1_69' title='bbox 95 781 182 816; x_wconf 84' lang='lat' dir='ltr'><em>tatis</em></span> <span class='ocrx_word' id='word_1_70' title='bbox 202 781 415 816; x_wconf 84' lang='lat' dir='ltr'><em>desiderium</em></span> <span class='ocrx_word' id='word_1_71' title='bbox 441 779 622 815; x_wconf 80' lang='lat' dir='ltr'><em>remordet</em></span> <span class='ocrx_word' id='word_1_72' title='bbox 649 778 802 819; x_wconf 87' lang='lat' dir='ltr'><em>animos,</em></span> <span class='ocrx_word' id='word_1_73' title='bbox 821 777 852 811; x_wconf 87' lang='lat' dir='ltr'><em>si</em></span> <span class='ocrx_word' id='word_1_74' title='bbox 867 773 994 823; x_wconf 83' lang='lat' dir='ltr'><em>foedus</em></span> <span class='ocrx_word' id='word_1_75' title='bbox 1020 778 1084 817; x_wconf 85' lang='lat' dir='ltr'><em>est,</em></span> <span class='ocrx_word' id='word_1_76' title='bbox 1103 775 1135 809; x_wconf 80' lang='lat' dir='ltr'><em>si</em></span> <span class='ocrx_word' id='word_1_77' title='bbox 1158 786 1213 811; x_wconf 87' lang='lat' dir='ltr'><em>so-</em></span> 
     </span>
     <span class='ocr_line' id='line_1_11' title="bbox 93 836 1215 891; baseline -0.006 -11"><span class='ocrx_word' id='word_1_78' title='bbox 93 845 203 880; x_wconf 85' lang='lat' dir='ltr'><em>cietas</em></span> <span class='ocrx_word' id='word_1_79' title='bbox 229 844 384 891; x_wconf 81' lang='lat' dir='ltr'><em>aequatio</em></span> <span class='ocrx_word' id='word_1_80' title='bbox 404 841 503 889; x_wconf 81' lang='lat' dir='ltr'><em>juris</em></span> <span class='ocrx_word' id='word_1_81' title='bbox 530 846 594 885; x_wconf 82' lang='lat' dir='ltr'><em>est,</em></span> <span class='ocrx_word' id='word_1_82' title='bbox 622 842 654 878; x_wconf 89' lang='lat' dir='ltr'><em>si</em></span> <span class='ocrx_word' id='word_1_83' title='bbox 680 839 960 887; x_wconf 83' lang='lat' dir='ltr'><em>consanguineos</em></span> <span class='ocrx_word' id='word_1_84' title='bbox 985 849 1050 874; x_wconf 84' lang='lat' dir='ltr'><em>nos</em></span> <span class='ocrx_word' id='word_1_85' title='bbox 1077 836 1215 874; x_wconf 85' lang='lat' dir='ltr'><em>Roma-</em></span> 
     </span>
     <span class='ocr_line' id='line_1_12' title="bbox 93 903 1214 956; baseline -0.006 -12"><span class='ocrx_word' id='word_1_86' title='bbox 93 920 222 944; x_wconf 82' lang='lat' dir='ltr'><em>norum</em></span> <span class='ocrx_word' id='word_1_87' title='bbox 251 920 334 952; x_wconf 86' lang='lat' dir='ltr'><em>esse,</em></span> <span class='ocrx_word' id='word_1_88' title='bbox 365 909 461 956; x_wconf 86' lang='lat' dir='ltr'><em>quod</em></span> <span class='ocrx_word' id='word_1_89' title='bbox 497 908 583 943; x_wconf 83' lang='lat' dir='ltr'><em>olim</em></span> <span class='ocrx_word' id='word_1_90' title='bbox 608 905 784 955; x_wconf 79' lang='lat' dir='ltr'><em>pudebat,</em></span> <span class='ocrx_word' id='word_1_91' title='bbox 814 915 910 940; x_wconf 85' lang='lat' dir='ltr'><em>nunc·</em></span> <span class='ocrx_word' id='word_1_92' title='bbox 933 903 1090 950; x_wconf 81' lang='lat' dir='ltr'><em>gloriari</em></span> <span class='ocrx_word' id='word_1_93' title='bbox 1119 903 1214 946; x_wconf 80' lang='lat' dir='ltr'><em>licet,</em></span> 
     </span>
     <span class='ocr_line' id='line_1_13' title="bbox 94 965 1216 1017; baseline -0.006 -9"><span class='ocrx_word' id='word_1_94' title='bbox 94 974 125 1009; x_wconf 92' lang='lat' dir='ltr'><em>si</em></span> <span class='ocrx_word' id='word_1_95' title='bbox 153 972 296 1008; x_wconf 83' lang='lat' dir='ltr'><em>socialis</em></span> <span class='ocrx_word' id='word_1_96' title='bbox 324 973 398 1008; x_wconf 81' lang='lat' dir='ltr'><em>illis</em></span> <span class='ocrx_word' id='word_1_97' title='bbox 425 972 600 1007; x_wconf 74' lang='lat' dir='ltr'><em>exercitus</em></span> <span class='ocrx_word' id='word_1_98' title='bbox 628 971 656 1006; x_wconf 86' lang='lat' dir='ltr'><em>is</em></span> <span class='ocrx_word' id='word_1_99' title='bbox 693 973 759 1012; x_wconf 88' lang='lat' dir='ltr'><em>est,</em></span> <span class='ocrx_word' id='word_1_100' title='bbox 790 980 860 1017; x_wconf 85' lang='lat' dir='ltr'><em>quo</em></span> <span class='ocrx_word' id='word_1_101' title='bbox 888 965 1058 1014; x_wconf 82' lang='lat' dir='ltr'><em>adjuncto</em></span> <span class='ocrx_word' id='word_1_102' title='bbox 1094 967 1216 1015; x_wconf 79' lang='lat' dir='ltr'><em>dupli-</em></span> 
     </span>
     <span class='ocr_line' id='line_1_14' title="bbox 96 1030 1218 1084; baseline -0.004 -11"><span class='ocrx_word' id='word_1_103' title='bbox 96 1041 176 1073; x_wconf 82' lang='lat' dir='ltr'><em>cent</em></span> <span class='ocrx_word' id='word_1_104' title='bbox 211 1039 303 1073; x_wconf 83' lang='lat' dir='ltr'><em>vires</em></span> <span class='ocrx_word' id='word_1_105' title='bbox 329 1049 424 1080; x_wconf 83' lang='lat' dir='ltr'><em>suas,</em></span> <span class='ocrx_word' id='word_1_106' title='bbox 455 1048 557 1084; x_wconf 82' lang='lat' dir='ltr'><em>quern</em></span> <span class='ocrx_word' id='word_1_107' title='bbox 585 1045 764 1071; x_wconf 75' lang='lat' dir='ltr'><em>secernere</em></span> <span class='ocrx_word' id='word_1_108' title='bbox 791 1030 836 1068; x_wconf 84' lang='lat' dir='ltr'><em>ab</em></span> <span class='ocrx_word' id='word_1_109' title='bbox 862 1044 899 1068; x_wconf 87' lang='lat' dir='ltr'><em>se</em></span> <span class='ocrx_word' id='word_1_110' title='bbox 927 1033 1086 1069; x_wconf 85' lang='lat' dir='ltr'><em>consules</em></span> <span class='ocrx_word' id='word_1_111' title='bbox 1117 1031 1218 1068; x_wconf 83' lang='lat' dir='ltr'><em>bellis</em></span> 
     </span>
     <span class='ocr_line' id='line_1_15' title="bbox 92 1098 1218 1150; baseline -0.006 -12"><span class='ocrx_word' id='word_1_112' title='bbox 92 1103 253 1150; x_wconf 82' lang='lat' dir='ltr'><em>propriis</em></span> <span class='ocrx_word' id='word_1_113' title='bbox 267 1101 443 1150; x_wconf 83' lang='lat' dir='ltr'><em>ponendis</em></span> <span class='ocrx_word' id='word_1_114' title='bbox 468 1101 715 1148; x_wconf 81' lang='lat' dir='ltr'><em>sumendisque</em></span> <span class='ocrx_word' id='word_1_115' title='bbox 741 1100 884 1141; x_wconf 78' lang='lat' dir='ltr'><em>noiint5</em></span> <span class='ocrx_word' id='word_1_116' title='bbox 914 1109 978 1133; x_wconf 89' lang='lat' dir='ltr'><em>cur</em></span> <span class='ocrx_word' id='word_1_117' title='bbox 1004 1109 1075 1132; x_wconf 84' lang='lat' dir='ltr'><em>non</em></span> <span class='ocrx_word' id='word_1_118' title='bbox 1097 1098 1218 1132; x_wconf 85' lang='lat' dir='ltr'><em>omnia</em></span> 
     </span>
     <span class='ocr_line' id='line_1_16' title="bbox 95 1162 1219 1214; baseline -0.004 -12"><span class='ocrx_word' id='word_1_119' title='bbox 95 1171 284 1214; x_wconf 80' lang='lat' dir='ltr'><em>oequantur</em></span> <span class='ocrx_word' id='word_1_120' title='bbox 297 1167 317 1202; x_wconf 78' lang='lat'><em>,9</em></span> <span class='ocrx_word' id='word_1_121' title='bbox 336 1178 399 1202; x_wconf 86' lang='lat' dir='ltr'><em>cur</em></span> <span class='ocrx_word' id='word_1_122' title='bbox 418 1177 489 1201; x_wconf 86' lang='lat' dir='ltr'><em>non</em></span> <span class='ocrx_word' id='word_1_123' title='bbox 506 1166 601 1201; x_wconf 87' lang='lat' dir='ltr'><em>alter</em></span> <span class='ocrx_word' id='word_1_124' title='bbox 620 1165 662 1200; x_wconf 87' lang='lat' dir='ltr'><em>ab</em></span> <span class='ocrx_word' id='word_1_125' title='bbox 682 1166 827 1201; x_wconf 83' lang='lat' dir='ltr'><em>Latinis</em></span> <span class='ocrx_word' id='word_1_126' title='bbox 845 1164 968 1200; x_wconf 82' lang='lat' dir='ltr'><em>consul</em></span> <span class='ocrx_word' id='word_1_127' title='bbox 989 1164 1098 1199; x_wconf 84' lang='lat' dir='ltr'><em>datur</em></span> <span class='ocrx_word' id='word_1_128' title='bbox 1112 1164 1132 1198; x_wconf 68' lang='grc' dir='ltr'><em>ἶ)</em></span> <span class='ocrx_word' id='word_1_129' title='bbox 1158 1162 1219 1198; x_wconf 85' lang='lat' dir='ltr'><em>ubi</em></span> 
     </span>
     <span class='ocr_line' id='line_1_17' title="bbox 94 1228 1219 1279; baseline -0.004 -13"><span class='ocrx_word' id='word_1_130' title='bbox 94 1242 182 1279; x_wconf 85' lang='lat' dir='ltr'><em>pars</em></span> <span class='ocrx_word' id='word_1_131' title='bbox 217 1232 362 1272; x_wconf 84' lang='lat' dir='ltr'><em>virium,</em></span> <span class='ocrx_word' id='word_1_132' title='bbox 400 1229 447 1266; x_wconf 84' lang='lat' dir='ltr'><em>ibi</em></span> <span class='ocrx_word' id='word_1_133' title='bbox 480 1234 516 1265; x_wconf 83' lang='lat' dir='ltr'><em>ct</em></span> <span class='ocrx_word' id='word_1_134' title='bbox 551 1231 695 1277; x_wconf 81' lang='lat' dir='ltr'><em>impe-rii</em></span> <span class='ocrx_word' id='word_1_135' title='bbox 727 1241 817 1277; x_wconf 82' lang='lat' dir='ltr'><em>pars</em></span> <span class='ocrx_word' id='word_1_136' title='bbox 852 1229 938 1264; x_wconf 65' lang='lat' dir='ltr'><em>est?</em></span> <span class='ocrx_word' id='word_1_137' title='bbox 974 1228 1042 1263; x_wconf 79' lang='lat' dir='ltr'><em>Est</em></span> <span class='ocrx_word' id='word_1_138' title='bbox 1076 1228 1219 1275; x_wconf 82' lang='lat' dir='ltr'><em>quidem</em></span> 
     </span>
     <span class='ocr_line' id='line_1_18' title="bbox 105 1293 1217 1342; baseline -0.003 -12"><span class='ocrx_word' id='word_1_139' title='bbox 105 1295 201 1330; x_wconf 87' lang='lat' dir='ltr'><em>nobis</em></span> <span class='ocrx_word' id='word_1_140' title='bbox 233 1294 298 1330; x_wconf 78' lang='lat' dir='ltr'><em>hoc</em></span> <span class='ocrx_word' id='word_1_141' title='bbox 327 1305 393 1342; x_wconf 87' lang='lat' dir='ltr'><em>per</em></span> <span class='ocrx_word' id='word_1_142' title='bbox 423 1305 460 1329; x_wconf 89' lang='lat' dir='ltr'><em>se</em></span> <span class='ocrx_word' id='word_1_143' title='bbox 492 1293 590 1329; x_wconf 79' lang='lat' dir='ltr'><em>haud</em></span> <span class='ocrx_word' id='word_1_144' title='bbox 621 1294 727 1329; x_wconf 79' lang='lat' dir='ltr'><em>nimis</em></span> <span class='ocrx_word' id='word_1_145' title='bbox 758 1294 934 1341; x_wconf 82' lang='lat' dir='ltr'><em>amplum,</em></span> <span class='ocrx_word' id='word_1_146' title='bbox 966 1293 1098 1340; x_wconf 81' lang='lat' dir='ltr'><em>quippe</em></span> <span class='ocrx_word' id='word_1_147' title='bbox 1135 1303 1217 1327; x_wconf 85' lang='lat' dir='ltr'><em>con-</em></span> 
     </span>
     <span class='ocr_line' id='line_1_19' title="bbox 100 1357 1220 1406; baseline -0.003 -11"><span class='ocrx_word' id='word_1_148' title='bbox 100 1359 314 1401; x_wconf 75' lang='lat' dir='ltr'><em>cedentibus,</em></span> <span class='ocrx_word' id='word_1_149' title='bbox 352 1357 509 1393; x_wconf 85' lang='lat' dir='ltr'><em>Romam</em></span> <span class='ocrx_word' id='word_1_150' title='bbox 542 1362 652 1406; x_wconf 75' lang='lat' dir='ltr'><em>caput</em></span> <span class='ocrx_word' id='word_1_151' title='bbox 681 1358 792 1394; x_wconf 86' lang='lat' dir='ltr'><em>Latio</em></span> <span class='ocrx_word' id='word_1_152' title='bbox 828 1369 923 1393; x_wconf 84' lang='lat' dir='ltr'><em>esse:</em></span> <span class='ocrx_word' id='word_1_153' title='bbox 951 1358 1025 1399; x_wconf 82' lang='lat' dir='ltr'><em>sed,</em></span> <span class='ocrx_word' id='word_1_154' title='bbox 1063 1361 1105 1393; x_wconf 78' lang='lat' dir='ltr'><em>ut</em></span> <span class='ocrx_word' id='word_1_155' title='bbox 1141 1369 1220 1393; x_wconf 84' lang='lat' dir='ltr'><em>am-</em></span> 
     </span>
     <span class='ocr_line' id='line_1_20' title="bbox 97 1420 1220 1471; baseline -0.001 -13"><span class='ocrx_word' id='word_1_156' title='bbox 97 1424 201 1471; x_wconf 82' lang='lat' dir='ltr'><em>plum</em></span> <span class='ocrx_word' id='word_1_157' title='bbox 222 1423 333 1458; x_wconf 78' lang='lat' dir='ltr'><em>uideri</em></span> <span class='ocrx_word' id='word_1_158' title='bbox 346 1426 478 1470; x_wconf 81' lang='lat' dir='ltr'><em>posset,</em></span> <span class='ocrx_word' id='word_1_159' title='bbox 500 1422 674 1457; x_wconf 80' lang='lat' dir='ltr'><em>diuturna</em></span> <span class='ocrx_word' id='word_1_160' title='bbox 688 1423 869 1469; x_wconf 81' lang='lat' dir='ltr'><em>patientia</em></span> <span class='ocrx_word' id='word_1_161' title='bbox 878 1420 1049 1470; x_wconf 82' lang='lat' dir='ltr'><em>fecimus.</em></span> <span class='ocrx_word' id='word_1_162' title='bbox 1092 1422 1220 1470; x_wconf 81' lang='lat' dir='ltr'><em>Atqui,</em></span> 
     </span>
     <span class='ocr_line' id='line_1_21' title="bbox 98 1486 1229 1535; baseline -0.001 -13"><span class='ocrx_word' id='word_1_163' title='bbox 98 1488 129 1523; x_wconf 86' lang='lat' dir='ltr'><em>si</em></span> <span class='ocrx_word' id='word_1_164' title='bbox 148 1487 292 1535; x_wconf 86' lang='lat' dir='ltr'><em>quando</em></span> <span class='ocrx_word' id='word_1_165' title='bbox 317 1498 489 1535; x_wconf 84' lang='lat' dir='ltr'><em>umquam</em></span> <span class='ocrx_word' id='word_1_166' title='bbox 515 1487 742 1522; x_wconf 80' lang='lat' dir='ltr'><em>consociandi</em></span> <span class='ocrx_word' id='word_1_167' title='bbox 763 1488 919 1534; x_wconf 67' lang='lat' dir='ltr'><em>imperii,</em></span> <span class='ocrx_word' id='word_1_168' title='bbox 940 1487 1156 1534; x_wconf 66' lang='lat' dir='ltr'><em>usurpandae</em></span> <span class='ocrx_word' id='word_1_169' title='bbox 1176 1486 1229 1522; x_wconf 67' lang='lat' dir='ltr'><em>li‹</em></span> 
     </span>
     <span class='ocr_line' id='line_1_22' title="bbox 100 1551 1222 1600; baseline -0.001 -13"><span class='ocrx_word' id='word_1_170' title='bbox 100 1553 247 1588; x_wconf 78' lang='lat' dir='ltr'><em>bertatis</em></span> <span class='ocrx_word' id='word_1_171' title='bbox 267 1556 404 1599; x_wconf 80' lang='lat' dir='ltr'><em>tempus</em></span> <span class='ocrx_word' id='word_1_172' title='bbox 423 1552 587 1599; x_wconf 84' lang='lat' dir='ltr'><em>optastis,</em></span> <span class='ocrx_word' id='word_1_173' title='bbox 605 1563 648 1587; x_wconf 89' lang='lat' dir='ltr'><em>en</em></span> <span class='ocrx_word' id='word_1_174' title='bbox 667 1551 732 1587; x_wconf 84' lang='lat' dir='ltr'><em>hoc</em></span> <span class='ocrx_word' id='word_1_175' title='bbox 752 1557 890 1600; x_wconf 83' lang='lat' dir='ltr'><em>tempus</em></span> <span class='ocrx_word' id='word_1_176' title='bbox 902 1552 1015 1593; x_wconf 83' lang='lat' dir='ltr'><em>adest,</em></span> <span class='ocrx_word' id='word_1_177' title='bbox 1036 1554 1071 1587; x_wconf 86' lang='lat' dir='ltr'><em>et</em></span> <span class='ocrx_word' id='word_1_178' title='bbox 1088 1552 1222 1586; x_wconf 82' lang='lat' dir='ltr'><em>virtute</em></span> 
     </span>
     <span class='ocr_line' id='line_1_23' title="bbox 99 1616 1222 1663; baseline -0.001 -12"><span class='ocrx_word' id='word_1_179' title='bbox 99 1620 231 1658; x_wconf 72' lang='lat' dir='ltr'><em>vestra,</em></span> <span class='ocrx_word' id='word_1_180' title='bbox 262 1620 298 1651; x_wconf 88' lang='lat' dir='ltr'><em>et</em></span> <span class='ocrx_word' id='word_1_181' title='bbox 322 1616 447 1651; x_wconf 87' lang='lat' dir='ltr'><em>Deum</em></span> <span class='ocrx_word' id='word_1_182' title='bbox 475 1616 692 1663; x_wconf 76' lang='lat' dir='ltr'><em>benignitate</em></span> <span class='ocrx_word' id='word_1_183' title='bbox 726 1616 821 1652; x_wconf 78' lang='lat' dir='ltr'><em>vobis</em></span> <span class='ocrx_word' id='word_1_184' title='bbox 851 1617 990 1652; x_wconf 83' lang='lat' dir='ltr'><em>datum.</em></span> <span class='ocrx_word' id='word_1_185' title='bbox 1043 1616 1222 1651; x_wconf 79' lang='lat' dir='ltr'><em>Tentastis</em></span> 
     </span>
     <span class='ocr_line' id='line_1_24' title="bbox 98 1679 1223 1727; baseline 0.001 -13"><span class='ocrx_word' id='word_1_186' title='bbox 98 1679 317 1727; x_wconf 80' lang='lat' dir='ltr'><em>patientiam</em></span> <span class='ocrx_word' id='word_1_187' title='bbox 352 1680 517 1726; x_wconf 81' lang='lat' dir='ltr'><em>negando</em></span> <span class='ocrx_word' id='word_1_188' title='bbox 554 1680 734 1715; x_wconf 81' lang='lat' dir='ltr'><em>militem:</em></span> <span class='ocrx_word' id='word_1_189' title='bbox 763 1681 840 1727; x_wconf 85' lang='lat' dir='ltr'><em>quis</em></span> <span class='ocrx_word' id='word_1_190' title='bbox 877 1679 1018 1716; x_wconf 83' lang='lat' dir='ltr'><em>dubitat</em></span> <span class='ocrx_word' id='word_1_191' title='bbox 1054 1681 1223 1715; x_wconf 72' lang='lat' dir='ltr'><em>exarsisse</em></span> 
     </span>
     <span class='ocr_line' id='line_1_25' title="bbox 101 1743 1225 1791; baseline 0 -12"><span class='ocrx_word' id='word_1_192' title='bbox 101 1755 170 1785; x_wconf 83' lang='lat' dir='ltr'><em>eos,</em></span> <span class='ocrx_word' id='word_1_193' title='bbox 187 1755 296 1791; x_wconf 81' lang='lat' dir='ltr'><em>quum</em></span> <span class='ocrx_word' id='word_1_194' title='bbox 305 1743 389 1791; x_wconf 82' lang='lat' dir='ltr'><em>plus</em></span> <span class='ocrx_word' id='word_1_195' title='bbox 402 1744 634 1779; x_wconf 85' lang='lat' dir='ltr'><em>ducentorum</em></span> <span class='ocrx_word' id='word_1_196' title='bbox 646 1755 822 1779; x_wconf 80' lang='lat' dir='ltr'><em>annorum</em></span> <span class='ocrx_word' id='word_1_197' title='bbox 833 1755 966 1780; x_wconf 86' lang='lat' dir='ltr'><em>morem</em></span> <span class='ocrx_word' id='word_1_198' title='bbox 978 1744 1190 1780; x_wconf 80' lang='lat' dir='ltr'><em>solveremus</em></span> <span class='ocrx_word' id='word_1_199' title='bbox 1203 1744 1225 1779; x_wconf 74' lang='grc'><em>,9</em></span> 
     </span>
     <span class='ocr_line' id='line_1_26' title="bbox 99 1807 1222 1855; baseline 0.002 -13"><span class='ocrx_word' id='word_1_200' title='bbox 99 1808 328 1855; x_wconf 81' lang='lat' dir='ltr'><em>pertulerunt</em></span> <span class='ocrx_word' id='word_1_201' title='bbox 358 1811 477 1842; x_wconf 82' lang='lat' dir='ltr'><em>tamen</em></span> <span class='ocrx_word' id='word_1_202' title='bbox 505 1807 597 1842; x_wconf 83' lang='lat' dir='ltr'><em>hunc</em></span> <span class='ocrx_word' id='word_1_203' title='bbox 615 1808 783 1843; x_wconf 83' lang='lat' dir='ltr'><em>dolorem.</em></span> <span class='ocrx_word' id='word_1_204' title='bbox 841 1808 986 1844; x_wconf 84' lang='lat' dir='ltr'><em>Bellum</em></span> <span class='ocrx_word' id='word_1_205' title='bbox 1014 1812 1134 1844; x_wconf 79' lang='lat' dir='ltr'><em>nostro</em></span> <span class='ocrx_word' id='word_1_206' title='bbox 1158 1820 1222 1844; x_wconf 84' lang='lat' dir='ltr'><em>no-</em></span> 
     </span>
     <span class='ocr_line' id='line_1_27' title="bbox 101 1871 1224 1920; baseline 0 -13"><span class='ocrx_word' id='word_1_207' title='bbox 101 1873 196 1908; x_wconf 81' lang='lat' dir='ltr'><em>mine</em></span> <span class='ocrx_word' id='word_1_208' title='bbox 215 1883 295 1907; x_wconf 89' lang='lat' dir='ltr'><em>cum</em></span> <span class='ocrx_word' id='word_1_209' title='bbox 316 1871 477 1918; x_wconf 85' lang='lat' dir='ltr'><em>Pelignis</em></span> <span class='ocrx_word' id='word_1_210' title='bbox 488 1872 658 1918; x_wconf 84' lang='lat' dir='ltr'><em>gessimus</em></span> <span class='ocrx_word' id='word_1_211' title='bbox 671 1887 683 1907; x_wconf 84' lang='lat'><em>.·</em></span> <span class='ocrx_word' id='word_1_212' title='bbox 712 1872 773 1920; x_wconf 80' lang='lat' dir='ltr'><em>qui</em></span> <span class='ocrx_word' id='word_1_213' title='bbox 789 1883 834 1908; x_wconf 81' lang='lat' dir='ltr'><em>ne</em></span> <span class='ocrx_word' id='word_1_214' title='bbox 858 1877 1063 1908; x_wconf 83' lang='lat' dir='ltr'><em>nostrorum</em></span> <span class='ocrx_word' id='word_1_215' title='bbox 1081 1872 1224 1920; x_wconf 85' lang='lat' dir='ltr'><em>quidem</em></span> 
     </span>
     <span class='ocr_line' id='line_1_28' title="bbox 89 1933 1225 1985; baseline 0.001 -15"><span class='ocrx_word' id='word_1_216' title='bbox 89 1936 227 1985; x_wconf 86' lang='lat' dir='ltr'><em>finium</em></span> <span class='ocrx_word' id='word_1_217' title='bbox 245 1934 342 1971; x_wconf 87' lang='lat' dir='ltr'><em>nobis</em></span> <span class='ocrx_word' id='word_1_218' title='bbox 357 1947 425 1983; x_wconf 85' lang='lat' dir='ltr'><em>per</em></span> <span class='ocrx_word' id='word_1_219' title='bbox 442 1946 505 1970; x_wconf 87' lang='lat' dir='ltr'><em>nos</em></span> <span class='ocrx_word' id='word_1_220' title='bbox 525 1936 737 1971; x_wconf 80' lang='lat' dir='ltr'><em>tuendorum</em></span> <span class='ocrx_word' id='word_1_221' title='bbox 754 1933 818 1982; x_wconf 86' lang='lat' dir='ltr'><em>jus</em></span> <span class='ocrx_word' id='word_1_222' title='bbox 836 1940 945 1972; x_wconf 85' lang='lat' dir='ltr'><em>antea</em></span> <span class='ocrx_word' id='word_1_223' title='bbox 963 1935 1110 1978; x_wconf 84' lang='lat' dir='ltr'><em>dabant,</em></span> <span class='ocrx_word' id='word_1_224' title='bbox 1130 1935 1225 1972; x_wconf 81' lang='lat' dir='ltr'><em>nihil</em></span> 
     </span>
     <span class='ocr_line' id='line_1_29' title="bbox 102 1999 1225 2049; baseline 0.001 -14"><span class='ocrx_word' id='word_1_225' title='bbox 102 2001 383 2036; x_wconf 80' lang='lat' dir='ltr'><em>intercesserunt.</em></span> <span class='ocrx_word' id='word_1_226' title='bbox 440 1999 618 2036; x_wconf 79' lang='lat' dir='ltr'><em>Sidicinos</em></span> <span class='ocrx_word' id='word_1_227' title='bbox 636 2001 672 2035; x_wconf 80' lang='lat' dir='ltr'><em>in</em></span> <span class='ocrx_word' id='word_1_228' title='bbox 686 2000 804 2049; x_wconf 84' lang='lat' dir='ltr'><em>fidem</em></span> <span class='ocrx_word' id='word_1_229' title='bbox 827 2006 999 2049; x_wconf 79' lang='lat' dir='ltr'><em>receptos,</em></span> <span class='ocrx_word' id='word_1_230' title='bbox 1023 2000 1225 2049; x_wconf 83' lang='lat' dir='ltr'><em>Campanos</em></span> 
     </span>
     <span class='ocr_line' id='line_1_30' title="bbox 103 2064 1226 2114; baseline 0.001 -14"><span class='ocrx_word' id='word_1_231' title='bbox 103 2064 149 2100; x_wconf 84' lang='lat' dir='ltr'><em>ab</em></span> <span class='ocrx_word' id='word_1_232' title='bbox 172 2076 210 2100; x_wconf 90' lang='lat' dir='ltr'><em>se</em></span> <span class='ocrx_word' id='word_1_233' title='bbox 237 2064 287 2100; x_wconf 81' lang='lat' dir='ltr'><em>ad</em></span> <span class='ocrx_word' id='word_1_234' title='bbox 314 2076 387 2101; x_wconf 85' lang='lat' dir='ltr'><em>nos</em></span> <span class='ocrx_word' id='word_1_235' title='bbox 405 2065 567 2108; x_wconf 80' lang='lat' dir='ltr'><em>descisse,</em></span> <span class='ocrx_word' id='word_1_236' title='bbox 595 2066 771 2101; x_wconf 76' lang='lat' dir='ltr'><em>exercitus.</em></span> <span class='ocrx_word' id='word_1_237' title='bbox 798 2077 861 2101; x_wconf 83' lang='lat' dir='ltr'><em>nos</em></span> <span class='ocrx_word' id='word_1_238' title='bbox 887 2077 1024 2114; x_wconf 81' lang='lat' dir='ltr'><em>parare</em></span> <span class='ocrx_word' id='word_1_239' title='bbox 1058 2066 1226 2101; x_wconf 74' lang='lat' dir='ltr'><em>adversus</em></span> 
     </span>
     <span class='ocr_line' id='line_1_31' title="bbox 105 2128 1225 2178; baseline 0.002 -14"><span class='ocrx_word' id='word_1_240' title='bbox 105 2128 285 2168; x_wconf 74' lang='lat' dir='ltr'><em>Samnites</em></span> <span class='ocrx_word' id='word_1_241' title='bbox 292 2128 493 2178; x_wconf 82' lang='lat' dir='ltr'><em>foederatos</em></span> <span class='ocrx_word' id='word_1_242' title='bbox 509 2141 589 2166; x_wconf 84' lang='lat' dir='ltr'><em>suos</em></span> <span class='ocrx_word' id='word_1_243' title='bbox 606 2130 813 2173; x_wconf 81' lang='lat' dir='ltr'><em>audierunt,</em></span> <span class='ocrx_word' id='word_1_244' title='bbox 833 2142 897 2166; x_wconf 83' lang='lat' dir='ltr'><em>nec</em></span> <span class='ocrx_word' id='word_1_245' title='bbox 920 2134 1108 2166; x_wconf 86' lang='lat' dir='ltr'><em>moverunt</em></span> <span class='ocrx_word' id='word_1_246' title='bbox 1124 2142 1161 2166; x_wconf 84' lang='lat' dir='ltr'><em>se</em></span> <span class='ocrx_word' id='word_1_247' title='bbox 1180 2129 1225 2166; x_wconf 88' lang='lat' dir='ltr'><em>ab</em></span> 
     </span>
     <span class='ocr_line' id='line_1_32' title="bbox 102 2192 1269 2238; baseline -0.001 -10"><span class='ocrx_word' id='word_1_248' title='bbox 102 2192 200 2229; x_wconf 66' lang='lat' dir='ltr'><em>urbe·</em></span> <span class='ocrx_word' id='word_1_249' title='bbox 238 2193 340 2229; x_wconf 87' lang='lat' dir='ltr'><em>Unde</em></span> <span class='ocrx_word' id='word_1_250' title='bbox 358 2193 431 2230; x_wconf 78' lang='lat' dir='ltr'><em>haec</em></span> <span class='ocrx_word' id='word_1_251' title='bbox 448 2194 522 2230; x_wconf 82' lang='lat' dir='ltr'><em>illis</em></span> <span class='ocrx_word' id='word_1_252' title='bbox 543 2198 648 2230; x_wconf 81' lang='lat' dir='ltr'><em>tanta</em></span> <span class='ocrx_word' id='word_1_253' title='bbox 665 2195 858 2238; x_wconf 86' lang='lat' dir='ltr'><em>modestia,</em></span> <span class='ocrx_word' id='word_1_254' title='bbox 878 2195 947 2230; x_wconf 86' lang='lat' dir='ltr'><em>nisi</em></span> <span class='ocrx_word' id='word_1_255' title='bbox 967 2206 990 2230; x_wconf 91' lang='lat' dir='ltr'><em>a</em></span> <span class='ocrx_word' id='word_1_256' title='bbox 1009 2195 1224 2230; x_wconf 84' lang='lat' dir='ltr'><em>conscientia</em></span> <span class='ocrx_word' id='word_1_257' title='bbox 1259 2225 1269 2227; x_wconf 84' lang='lat'><em>-</em></span> 
     </span>
     <span class='ocr_line' id='line_1_33' title="bbox 103 2258 1225 2296; baseline 0.002 -4"><span class='ocrx_word' id='word_1_258' title='bbox 103 2258 236 2293; x_wconf 83' lang='lat' dir='ltr'><em>virium</em></span> <span class='ocrx_word' id='word_1_259' title='bbox 255 2262 289 2293; x_wconf 89' lang='lat' dir='ltr'><em>et</em></span> <span class='ocrx_word' id='word_1_260' title='bbox 306 2263 513 2295; x_wconf 84' lang='lat' dir='ltr'><em>nostrarum</em></span> <span class='ocrx_word' id='word_1_261' title='bbox 532 2264 568 2295; x_wconf 81' lang='lat' dir='ltr'><em>et</em></span> <span class='ocrx_word' id='word_1_262' title='bbox 585 2271 734 2296; x_wconf 86' lang='lat' dir='ltr'><em>suarum</em></span> <span class='ocrx_word' id='word_1_263' title='bbox 749 2260 770 2294; x_wconf 76' lang='grc'><em>,9</em></span> <span class='ocrx_word' id='word_1_264' title='bbox 798 2260 952 2295; x_wconf 87' lang='lat' dir='ltr'><em>Idoneos</em></span> <span class='ocrx_word' id='word_1_265' title='bbox 971 2263 1134 2295; x_wconf 84' lang='lat' dir='ltr'><em>auctores</em></span> <span class='ocrx_word' id='word_1_266' title='bbox 1159 2259 1225 2294; x_wconf 84' lang='lat' dir='ltr'><em>ha-</em></span> 
     </span>
     <span class='ocr_line' id='line_1_34' title="bbox 106 2320 1228 2370; baseline 0.003 -15"><span class='ocrx_word' id='word_1_267' title='bbox 106 2320 179 2363; x_wconf 81' lang='lat' dir='ltr'><em>beo,</em></span> <span class='ocrx_word' id='word_1_268' title='bbox 201 2322 424 2369; x_wconf 73' lang='lat' dir='ltr'><em>querentibus</em></span> <span class='ocrx_word' id='word_1_269' title='bbox 442 2323 486 2359; x_wconf 91' lang='lat' dir='ltr'><em>de</em></span> <span class='ocrx_word' id='word_1_270' title='bbox 512 2323 612 2360; x_wconf 86' lang='lat' dir='ltr'><em>nobis</em></span> <span class='ocrx_word' id='word_1_271' title='bbox 630 2323 854 2360; x_wconf 79' lang='lat' dir='ltr'><em>Samnitibus</em></span> <span class='ocrx_word' id='word_1_272' title='bbox 880 2324 934 2359; x_wconf 85' lang='lat' dir='ltr'><em>ita</em></span> <span class='ocrx_word' id='word_1_273' title='bbox 959 2334 1164 2370; x_wconf 83' lang='lat' dir='ltr'><em>responsum</em></span> <span class='ocrx_word' id='word_1_274' title='bbox 1183 2323 1228 2358; x_wconf 83' lang='lat' dir='ltr'><em>ab</em></span> 
     </span>
     <span class='ocr_line' id='line_1_35' title="bbox 616 2387 748 2423; baseline 0.008 -1"><span class='ocrx_word' id='word_1_275' title='bbox 616 2387 651 2422; x_wconf 90' lang='lat' dir='ltr'>A</span> <span class='ocrx_word' id='word_1_276' title='bbox 671 2387 748 2423; x_wconf 63' lang='grc' dir='ltr'><em>αό-</em></span> 
     </span>
    </p>
   </div>
  </div>
 </body>
</html>
