1573 2598
372 127 527 158 mum
550 125 669 158 vm.
702 124 808 156 cAr.
833 125 975 156 xxxv.
1131 112 1213 169 567

103 214 152 254 L.
170 215 349 254 AEmilius
380 217 553 255 consules
584 223 688 254 creat
716 216 758 253 C.
779 215 998 259 Poetelium,
1026 214 1074 252 L.
1101 214 1215 265 Papi·
1228 217 1317 248 U.C.
1336 223 1408 251 429.

102 283 201 318 rium
228 281 498 331 Mugillanum.
555 282 758 318 Cursorem
777 282 817 317 in
837 279 919 317 aliis
938 279 1136 317 annalibus
1158 280 1216 315 in-
1229 263 1267 292 Λ·
1282 261 1319 291 C·
1335 267 1412 292 3²³⁶

101 346 226 382 venio.

155 409 310 447 XXIV.
347 410 496 447 Eodem
533 422 634 448 anno
667 409 937 447 Alexandriam
975 410 1014 446 in
1043 407 1217 458 AEgypto
1230 405 1404 456 Alexangiri

100 474 295 524 proditum
314 474 533 520 conditam3
566 474 914 524 Alexandrumque,
939 473 1049 524 Epiri
1075 485 1216 522 regem,
1230 451 1389 524 &aegeum

102 538 151 574 ab
172 537 300 575 exsule
326 538 485 576 Lucano
505 538 763 582 interfectum,
790 545 910 575 sortes
937 538 1129 574 Dodonaei
1148 537 1172 573 J
1176 550 1218 573 o-

101 603 157 638 vis
179 609 318 639 eventu
337 603 565 640 adfirmasse.
611 604 752 639 Adcito
773 604 819 640 ab
839 603 1058 639 Tarentinis
1080 602 1117 638 in
1140 602 1221 638 Ita-

100 666 192 703 liam
211 667 300 703 data
314 667 432 704 dictio
452 674 546 711 erat,
565 674 703 704 caveret
718 669 952 705 Acherusiam
971 680 1101 716 aquam¹
1121 668 1221 703 Pan-

100 733 307 780 dosiamque
324 733 470 768 urbem:
501 733 548 768 ihi
565 732 664 781 fahs
682 732 756 778 ejus
779 734 970 768 terminum
990 733 1082 767 clari.
1139 730 1220 766 Eo-

102 809 175 846 que
206 797 310 833 ocius
340 796 551 832 transmisit
576 797 615 832 in
645 795 811 839 Italiam,
843 802 885 832 ut
912 809 1025 844 quam
1054 795 1219 830 maxime

103 860 237 912 procul
256 860 405 896 abesset
421 860 513 896 urbe
532 860 724 897 Pandosia
743 862 782 896 in
801 862 921 911 Epiro
943 867 980 896 et
999 859 1219 896 Acheronte

105 925 222 967 amni,
251 936 361 973 quem
393 936 439 960 ex
467 923 680 960 Molosside
708 924 889 960 fluentem
919 925 956 959 in
992 929 1127 972 stagna
1159 923 1218 958 in·-

103 988 211 1025 ferna
231 988 368 1038 accipit
387 987 638 1038 Thesprotius
659 989 775 1025 sinus.
821 988 997 1024 Ceterum
1023 988 1081 1034 (ut
1100 985 1223 1024 ferme.

101 1051 284 1101 fugiendo
304 1051 343 1086 in
363 1051 486 1088 media
504 1051 585 1088 fata
606 1052 745 1099 ruitur)
778 1065 893 1101 quum
920 1064 1019 1101 saepe
1045 1050 1217 1086 Bruttias

102 1116 354 1164 Lucanasque
380 1115 549 1164 legiones
576 1115 759 1162 fudisset3
792 1116 1020 1153 Heracleam
1039 1115 1217 1151 Tarenti-

103 1193 239 1218 norum
274 1179 479 1224 coloniam,
511 1181 760 1217 Consentiam
794 1195 839 1217 cx
867 1180 1049 1223 Lucanis,
1079 1180 1217 1229 Sipon-

103 1250 274 1294 tumque,
293 1243 534 1280 Bruttiorum
554 1244 749 1289 Terinam,
778 1244 869 1282 alias
896 1245 982 1281 inde
1002 1242 1217 1293 Messapio-

101 1321 186 1345 rum
215 1320 258 1344 ac
286 1307 530 1344 Lucanorum
551 1309 713 1358 cepisset
732 1309 858 1353 urbes,
887 1315 924 1345 et
951 1313 1139 1344 trecentas
1159 1306 1217 1342 fa-

101 1371 225 1408 milias
255 1370 431 1408 inlustres
461 1372 500 1407 in
528 1371 704 1422 Epirum,
730 1385 821 1422 quas
853 1373 1027 1409 obsidum
1057 1384 1218 1407 numero

101 1436 274 1479 haberet,
305 1436 495 1480 misisset3
528 1436 629 1472 haud
659 1437 792 1486 procul
820 1438 1012 1474 Pandosia
1041 1436 1132 1475 urbe
1159 1428 1226 1472 ἰῐι-ἴ

101 1501 271 1539 minente
299 1500 466 1538 Lucanis
496 1513 539 1537 ac
569 1501 731 1538 Bruttiis
766 1502 904 1539 finibus
935 1503 1003 1539 tris
1034 1502 1216 1545 tumulos,

102 1565 338 1616 aliquantum
375 1566 475 1602 inter
503 1579 543 1603 se
572 1567 771 1612 distantes,
802 1569 964 1614 insedit3
1005 1581 1051 1604 ex
1081 1568 1217 1617 quibus

100 1632 336 1668 incursiones
357 1632 396 1667 in
416 1644 568 1667 omnem
588 1626 736 1682 partem
755 1635 837 1682 agri
867 1632 1016 1669 hostilis
1045 1632 1188 1669 faceret
1206 1647 1215 1668 ε

102 1701 142 1732 et
160 1695 342 1732 ducentos
364 1695 481 1732 ferme
499 1695 745 1733 Lucanorum
775 1697 922 1734 exsules
953 1698 1053 1733 circa
1080 1709 1119 1733 se
1148 1709 1219 1747 pro

103 1759 187 1797 fidis
207 1758 387 1802 habebat,
408 1765 451 1795 ut
470 1759 647 1809 pleraque
667 1759 747 1811 ejus
771 1761 918 1810 generis
942 1761 1095 1809 ingenia
1115 1767 1217 1803 sunt,

105 1837 191 1860 cum
227 1823 383 1860 fortuna
421 1823 643 1860 mutabilem
681 1832 854 1873 gerentes
890 1825 1014 1862 fidem.
1071 1824 1218 1861 Imbres

105 1888 292 1930 continui,
314 1888 455 1937 campis
485 1888 660 1924 omnibus
683 1889 924 1932 inundantes,
957 1902 1072 1938 quum
1101 1890 1218 1925 inter-

76 2004 80 2006 γ
106 1952 305 1990 elusissent
324 1951 511 1988 trifariam
534 1954 741 1989 exercitum
767 1967 790 1990 a
814 1961 948 1990 mutuo
974 1954 1074 1990 inter
1093 1966 1132 1990 se
1152 1967 1219 1989 au-

105 2017 212 2060 xilio,
234 2017 310 2052 duo
335 2017 522 2066 praesidia,
548 2030 630 2066 quae
654 2019 735 2053 sine
761 2031 849 2068 rege
875 2024 997 2061 erant,
1024 2018 1219 2069 inproviso

105 2082 274 2118 hostium
289 2081 453 2117 adventu
473 2081 758 2132 obprimuntur:
782 2082 989 2131 deletisque
1009 2083 1076 2125 eis,
1095 2082 1142 2118 ad
1161 2082 1219 2132 ip-

108 2146 184 2182 sius
205 2145 443 2182 ohsidionem
463 2159 592 2183 omnes
615 2149 799 2184 conversi.
857 2147 952 2183 Inde
978 2147 1026 2183 ab
1051 2147 1218 2183 Lucanis

107 2208 298 2244 exsulibus
327 2209 372 2245 ad
396 2222 483 2246 suos
508 2211 639 2246 nuncii
671 2211 776 2247 missi
802 2218 912 2247 sunt:
946 2217 1134 2260 pactoque
1160 2224 1219 2247 re-

107 2272 189 2310 ditu
218 2273 445 2325 promissum
474 2282 544 2319 est,
579 2288 722 2325 regem,
753 2282 818 2312 aut
850 2277 992 2321 vivum,
1022 2282 1088 2314 aut
1116 2287 1218 2313 mor·
