1573 2598
450 215 606 245 mann
630 214 714 243 ιιι.
749 206 858 242 cAr.
879 214 986 243 xm.
1191 211 1271 254 219

150 305 232 346 mis,
251 315 373 341 verum
393 315 476 345 esse,
500 299 748 351 praeiudicium
771 302 824 337 rei
850 305 960 337 tantae
983 299 1137 350 adferre.
1192 302 1269 338 Sibi
1282 297 1326 331 U·
1341 296 1379 331 0·
1393 304 1469 331 ³0⁵·

148 369 305 416 placere,
339 368 382 404 de
410 379 463 411 eo,
496 367 590 415 quod
618 365 779 402 Valerius
805 365 1047 414 Horatiusque
1074 370 1158 402 ante
1186 341 1374 403 [dusA‘C’
1390 348 1465 378 4⁴⁷*

122 477 126 482 ,
151 432 274 469 Maias
301 433 511 469 decem-viros
538 431 646 468 abisse
673 432 888 478 magistratu
914 431 1132 473 insimulent,
1155 431 1266 474 bellis,

151 509 228 545 quae
252 498 461 539 inmineant,
486 493 668 545 perfectis,
688 495 868 543 republica
893 495 930 530 in
956 495 1190 544 tranquillum
1210 507 1267 531 re·

152 551 272 604 dacia,
291 566 415 598 senatu
433 561 663 609 disceptante,
683 560 770 608 agi:
796 564 832 595 et
849 558 933 605 jam
952 571 1046 595 nune
1069 560 1123 596 ita
1140 571 1177 596 se
1196 572 1267 608 pa-

148 637 232 662 rare
261 626 334 675 Ap.
361 625 567 668 Claudium,
603 628 645 661 ut
679 625 916 667 comitiorum,
953 637 1031 673 quae
1065 625 1270 662 decemviris

147 691 310 727 creandis
327 692 499 733 decemvir
516 692 590 739 ipse
608 689 782 733 habuerit,
800 691 891 727 sciat
910 689 975 726 sibi
995 691 1169 727 rationem
1186 690 1268 727 red·

145 754 302 792 dendam
329 767 411 798 esse,
439 759 563 792 utrum
590 756 628 791 in
663 766 773 791 unum
803 765 936 790 annum
965 755 1075 790 creati
1104 755 1188 797 sint,
1221 767 1270 791 an

146 819 257 856 donec
281 819 385 867 leges,
409 831 487 869 quae
507 820 673 862 deessent,
696 817 953 868 perferrentur.
1010 817 1055 854 In
1080 820 1268 867 praesentia

146 885 267 920 omnia
299 889 431 933 praeter
457 885 588 921 bellum
622 885 741 920 omitti
771 883 940 933 placere:
975 880 1074 929 cujus
1107 884 1139 919 si
1163 882 1268 932 falso

134 947 286 998 samam
320 950 519 999 vulgatam,
556 961 717 998 vanaque
759 960 830 984 non
856 948 1009 984 nuncios
1041 948 1169 992 solum,
1205 949 1269 986 sed

154 1013 433 1051 Tusculanorum
460 1016 568 1051 etiam
596 1015 743 1063 legatos,
773 1013 944 1050 adtulisse
971 1017 1113 1061 putent,
1141 1025 1266 1062 specu-

148 1077 278 1115 latores
304 1080 492 1116 mittendos
523 1091 671 1122 censere,
701 1079 763 1128 qui
795 1078 924 1115 certius
953 1078 1139 1126 explorata
1173 1076 1269 1127 refe-

146 1148 242 1180 rant.
298 1144 365 1181 Sin
387 1146 485 1195 fides
519 1150 554 1181 et
587 1146 726 1181 nunciis
754 1148 792 1180 et
826 1143 953 1192 legatis
981 1142 1166 1189 habeatur,
1204 1145 1267 1181 de-

147 1206 276 1244 lectum
296 1209 415 1256 primo
437 1220 574 1257 quoque
597 1213 752 1257 tempore
776 1207 920 1251 haberi‚·
948 1208 1172 1250 decemviros,
1198 1217 1267 1257 quo

145 1273 270 1321 cuique
286 1284 407 1309 eorum
423 1273 601 1317 videatur,
621 1274 792 1309 exercitus
810 1273 936 1309 ducere
941 1288 954 1317 ‚·
983 1284 1046 1309 nec
1062 1284 1138 1309 rem
1155 1274 1268 1310 aliam

141 1338 319 1384 praeverti.

199 1398 311 1438 XLI.
339 1399 387 1438 In
414 1400 514 1438 hanc
543 1400 773 1438 sententiam
797 1406 841 1437 ut
865 1399 1133 1445 discederetur,
1156 1400 1264 1452 juni-

147 1475 230 1501 ores
251 1464 410 1502 Patrum
435 1465 673 1503 evincebant.
729 1464 950 1503 Ferociores
979 1466 1116 1503 iterum
1142 1467 1264 1504 coorti

144 1527 318 1565 Valerius
348 1529 611 1580 Horatiusque
634 1529 850 1573 vociferari,
873 1535 916 1567 ut
944 1531 988 1567 de
1013 1531 1193 1579 republica
1217 1533 1263 1568 li·

143 1598 238 1629 ceret
264 1595 405 1631 dicere:
432 1595 589 1631 dicturos
615 1595 665 1630 ad
695 1595 883 1643 populum,
911 1596 943 1631 si
974 1595 1011 1631 in
1040 1601 1164 1632 senatu
1197 1607 1263 1646 per

132 1656 336 1707 factionem
362 1672 432 1696 non
461 1660 579 1696 liceat.
637 1659 761 1708 Neque
787 1660 882 1696 enim
908 1659 973 1696 sibi
998 1661 1169 1708 privatos,
1200 1666 1264 1697 aut

142 1723 181 1759 in
199 1725 313 1766 curia,
333 1728 397 1760 aut
413 1725 452 1761 in
469 1725 645 1767 concione,
662 1736 764 1773 posse
783 1723 921 1761 obstare
935 1739 947 1770 ς
977 1736 1089 1774 neque
1110 1737 1147 1761 se
1170 1726 1263 1762 ima-

141 1787 292 1835 ginariis
307 1787 472 1837 fascibus
498 1801 619 1826 eorum
646 1800 798 1826 cessuros
825 1801 907 1826 esse.
961 1788 1062 1826 Tum
1098 1789 1261 1840 Appius,

138 1848 222 1901 jam
249 1863 369 1903 prope
397 1865 480 1890 esse
507 1859 626 1898 ratus,
655 1860 712 1897 ut,
741 1855 783 1891 ni
800 1853 993 1892 violentiae
1022 1867 1154 1893 eorum
1181 1856 1264 1906 pari

146 1916 383 1954 resisteretur
418 1917 589 1961 audacia,
627 1919 769 1956 victum
805 1919 1007 1970 imperium
1042 1927 1164 1957 esset:
1195 1932 1263 1958 non

143 1980 212 2016 erit
232 1982 368 2025 melius,
391 1981 530 2031 inquit,
555 1984 625 2019 nisi
652 1984 695 2019 de
719 1996 788 2032 quo
809 1985 1033 2028 consulimus,
1053 1997 1172 2022 vocem
1195 1986 1264 2021 mi-

141 2044 224 2080 sisse
238 2059 250 2080 .-
277 2050 317 2081 et
339 2045 386 2082 ad
405 2044 612 2090 Valerium,
631 2052 838 2097 negantem
857 2060 896 2085 se
921 2048 1070 2100 privato
1090 2049 1262 2092 reticere,

144 2105 317 2146 lictorem
345 2110 522 2147 accedere
543 2109 672 2162 jussit.
728 2111 818 2149 Jam
838 2112 1047 2152 Quiritium
1068 2113 1182 2150 fidem
1203 2114 1262 2150 in-

146 2168 319 2221 plorante
339 2174 492 2212 Valerio
517 2189 540 2213 a
561 2177 673 2213 curiae
699 2176 844 2221 limine,
868 2177 913 2214 L.
935 2178 1134 2215 Cornelius
1158 2191 1263 2216 com-

146 2233 277 2286 plexus
300 2238 480 2288 Appium,
509 2253 588 2277 non
618 2241 679 2277 cui
708 2241 912 2278 simulabat
933 2241 1183 2285 consulendo,
1206 2243 1262 2279 di-

146 2300 257 2336 remit
293 2307 510 2341 certamen:
549 2304 727 2355 factaque
762 2318 830 2356 per
862 2305 1084 2343 Cornelium
1109 2305 1263 2343 Valerio

145 2361 292 2401 dicendi
318 2367 452 2415 gratia,
474 2381 555 2418 quae
575 2368 701 2412 vellet,
729 2381 843 2419 quum
873 2368 1027 2407 libertas
1056 2382 1136 2408 non
1164 2370 1261 2408 ultra

666 2432 701 2469 L
719 2433 743 2468 2
