1573 2598
359 190 514 220 LIBER
540 189 599 218 11.
631 187 739 217 cAP.
765 185 996 216 xxxvln.
1159 185 1237 231 233

115 284 245 315 rentur
273 277 366 321 ludi,
385 276 534 319 Tullus,
554 281 598 311 ut
623 274 725 312 domi
748 274 1000 323 compositum
1026 286 1111 310 cum
1129 273 1238 311 Mar·
1251 275 1293 306 U·
1310 275 1347 306 C·
1363 280 1440 307 263·

115 342 176 379 cio
203 342 342 385 fuerat,
369 341 417 377 ad
446 338 619 376 consules
649 338 781 374 venit:
813 327 919 373 dicit'
935 349 1029 380 esse,
1057 350 1139 386 quae
1178 351 1236 374 se·
1249 319 1289 350 A’
1305 318 1343 350 C·
1360 326 1436 352 ⁴⁸⁹⁸

115 414 220 444 creto
240 419 351 455 agere
370 406 416 442 de
434 403 628 454 republica
646 402 749 440 velit.
795 402 960 439 Arbitris
981 403 1151 446 remotis,
1173 404 1237 440 In-

113 474 218 514 vitus,
249 471 386 519 inquit,
416 470 510 517 quod
533 469 670 517 sequius
692 469 752 511 sit,
774 468 816 503 de
838 469 923 504 meis
947 468 1075 503 civibus
1099 468 1236 516 loquor.

116 538 199 574 Non
224 541 341 572 tamen
359 535 549 570 admissum
579 534 774 581 quidquam
799 533 843 569 ab
867 534 909 568 iis
931 533 1159 568 criminatum
1175 544 1235 568 ve-

113 602 185 643 nio,
204 601 265 636 secl
283 602 440 641 cautum,
460 609 503 633 ne
521 597 726 632 admittant.
783 596 907 632 Nimio
925 596 1023 645 plus,
1044 607 1150 644 quam
1174 607 1234 631 ve-

114 667 190 707 lim,
220 668 418 700 nostrornm
448 663 588 710 ingenia
614 666 696 697 sunt
722 661 878 697 mobilia.
935 661 1064 697 Multis
1092 661 1130 696 id
1157 661 1233 696 cla·-

113 729 212 765 dibus
233 729 411 764 sensimus.
471 726 610 774 Quippe
633 727 694 774 qui
714 738 783 762 non
802 730 920 762 nostro
938 726 1077 767 merito,
1096 726 1157 760 sed
1174 736 1233 761 ve-

111 798 188 830 stra
206 794 395 840 patientia,
419 792 607 827 incolumes
627 792 745 826 simus.
802 790 943 837 Magna
961 789 1018 825 hic
1035 801 1127 824 nunc
1150 789 1184 824 V
1181 790 1235 825 ol-

2 899 3 907 *
112 870 250 894 snorum
285 856 488 892 multitudo>
510 860 588 890 est:
621 855 710 890 ludi·
733 858 842 890 sunt:
869 854 1070 902 spectaculo
1099 854 1236 888 intenta

2 913 3 919 ¹
56 938 59 939 ⁷
114 923 236 959 civitas
253 922 331 956 erit.
387 919 552 961 stlemini,
574 920 659 967 quid
679 931 746 967 per
771 919 930 954 eamdem
955 918 1170 953 occasionem
1191 916 1235 952 ab

115 986 326 1022 Sabinorum
341 983 527 1030 juventute
546 985 581 1019 in
607 983 675 1020 hac
700 983 782 1019 urbe
808 984 1028 1019 commissum
1051 983 1123 1018 sit:
1151 981 1234 1017 hor·

113 1055 168 1086 ret
195 1050 345 1090 animus,
376 1060 418 1084 ne
446 1049 532 1096 quid
559 1048 752 1083 inconsulte
773 1060 816 1083 ac
845 1052 971 1082 temere
986 1047 1073 1095 fiat.
1129 1045 1232 1087 Hcec,

113 1119 235 1150 nostra
261 1118 442 1161 vestraque
469 1124 604 1155 caussa,
632 1114 733 1160 prius
761 1113 912 1147 (licenda
939 1111 1042 1153 vobis,
1065 1111 1232 1152 consules,

112 1183 213 1214 ratus
239 1189 327 1212 sum.
387 1177 490 1217 Quod
518 1177 566 1211 ad
594 1187 649 1211 me
676 1176 827 1217 adtinet,
858 1175 1031 1222 extemplo
1060 1175 1142 1209 hinc
1169 1175 1234 1209 do·

112 1253 208 1277 mum
231 1240 326 1276 abire
351 1241 387 1274 in
412 1240 531 1274 animo
559 1243 621 1280 est,
643 1251 685 1274 ne
713 1237 809 1284 cujus
826 1237 926 1286 facti
955 1239 1083 1273 dictive
1111 1241 1233 1272 conta-

110 1306 215 1353 gione
236 1315 388 1352 proesens
405 1304 525 1338 violer.
583 1301 680 1337 Haec
706 1301 855 1337 locutus
882 1301 987 1337 abiit.
1047 1298 1232 1335 Consules

115 1381 229 1417 quum
249 1367 297 1403 ad
315 1366 447 1402 Patres
471 1378 548 1401 rem
572 1365 726 1401 dubiam
757 1364 825 1400 sub
851 1371 1007 1400 auctore
1033 1370 1138 1398 certo
1167 1363 1233 1398 de-

113 1432 304 1474 tulissent,
325 1437 458 1467 auctor
480 1430 616 1478 magiS,
637 1435 678 1465 ut
705 1429 760 1472 fit,
782 1441 895 1478 quam
922 1441 994 1471 res,
1016 1428 1061 1463 ad
1090 1440 1231 1477 praeca-

114 1495 275 1531 vendum
304 1493 363 1530 vel
391 1507 437 1530 ex
466 1505 698 1542 supervacuo
728 1493 874 1528 movit:
913 1492 1092 1541 factoque
1122 1503 1230 1527 sena-

113 1558 367 1601 tusconsulto,
392 1565 433 1594 ut
462 1558 593 1594 urbem
619 1557 843 1593 excederent
862 1556 1006 1599 Volsci,
1036 1568 1229 1605 praecones
1243 1566 1350 1597 V01501
1366 1566 1446 1602 ηὼς

114 1626 370 1666 dimittuntur,
395 1624 459 1672 qui
487 1635 618 1658 omnes
645 1634 709 1658 eos
739 1621 927 1671 proficisci
957 1628 1045 1657 ante
1074 1627 1230 1656 noctem
1241 1612 1356 1642 ⁶³30&-

107 1688 302 1739 juberent.
358 1687 499 1735 Ingens
520 1699 638 1736 pavor
663 1688 786 1736 primo
806 1687 1057 1722 discurrentes
1078 1684 1125 1720 ad
1145 1697 1230 1720 snas

113 1766 172 1790 res
197 1751 383 1788 tollendas
406 1752 447 1786 in
474 1751 642 1800 hospitia
670 1749 841 1799 perculit.
897 1748 1230 1786 proficiscentibus

114 1817 247 1854 deinde
275 1815 490 1868 indignatio
518 1815 678 1851 oborta:
711 1815 771 1857 Se,
801 1819 842 1850 ut
870 1814 1119 1850 consceleratos
1147 1825 1229 1849 con-

115 1882 384 1928 taminatosque,
424 1879 468 1915 ab
505 1880 610 1922 ludis,
637 1878 746 1927 festis¹
774 1879 904 1921 (liebus,
935 1882 1023 1914 coeta
1057 1877 1228 1925 quodam-

113 1948 218 1983 modo
237 1946 418 1982 hominum
437 1945 681 1992 Deorumque,
702 1944 844 1980 abactos
861 1955 941 1979 esse.

166 2008 405 2046 XXXVIII.
426 2008 553 2047 Quum
573 2020 690 2058 prope
706 2008 930 2043 continuato
945 2005 1096 2054 agmine
1115 2004 1228 2048 irent,

112 2086 340 2126 praegressus
358 2072 492 2108 Tullus
521 2072 570 2108 ad
590 2077 704 2122 caput
724 2071 984 2113 Ferentinum,
1008 2075 1051 2105 ut
1072 2069 1232 2118 quisque

112 2139 271 2181 veniret,
297 2138 480 2187 primores
504 2149 635 2172 eorum
657 2136 863 2185 excipiens,
890 2133 1082 2184 querendo
1103 2132 1230 2181 indig-

113 2201 328 2249 nandoque,
349 2207 387 2237 et
406 2213 470 2236 eos
492 2201 594 2250 ipsos
617 2198 748 2235 sedulo
768 2198 962 2234 audientes
983 2195 1148 2232 secunda
1165 2197 1233 2232 irae

113 2266 242 2309 verbis,
263 2271 302 2301 et
328 2277 395 2315 per
424 2278 487 2301 eos
513 2264 796 2301 multitudinem
818 2262 931 2298 aliam
954 2262 993 2297 in
1018 2259 1232 2310 subjectum

113 2330 184 2367 viae
203 2342 378 2381 campum
396 2329 562 2367 deduxit.
619 2328 680 2366 Ibi
699 2329 740 2364 in
756 2327 951 2364 concionis
972 2325 1126 2363 modum
1145 2337 1232 2361 ora==
