1573 2598
381 167 536 198 LIBER
561 166 619 197 11.
652 166 761 196 CAP.
785 167 943 198 XVIII·
1152 169 1232 214 109

169 256 326 295 XVIII.
364 257 572 306 Insequens
604 266 726 291 annus
754 254 982 293 Postumum
1011 257 1231 297 Cominium
1243 262 1285 294 U.
1302 261 1340 293 C.
1356 267 1435 294 2⁵3.

117 331 155 361 et
175 324 222 362 T.
251 324 427 362 Lartium
454 320 626 360 consules
655 321 802 359 habuit.
856 322 918 359 Eo
947 334 1048 359 anno
1077 322 1229 368 Romae,
1240 307 1280 338 A·
1297 304 1430 339 0⁴⁹⁹·

117 401 234 438 quum
261 402 330 440 per
355 387 463 425 ludos
490 385 537 423 ab
567 385 794 422 Sabinorum
808 384 1015 436 juventute
1033 399 1100 437 per
1118 386 1231 424 lasci-

117 454 217 490 viam
239 460 364 490 scorta
388 457 624 503 raperentur,
645 463 831 487 concursu
856 451 1054 488 hominum
1076 452 1160 488 rixa
1187 465 1235 490 ac

116 530 235 569 prope
253 517 430 568 proelium
447 516 521 552 fuit
538 532 548 562 5
580 528 770 566 parvaque
790 529 837 553 ex
856 529 896 553 re
916 517 963 553 ad
984 516 1234 555 rebellionem

119 589 288 633 spectare
315 594 372 618 res
395 580 605 618 videbatur.
663 581 785 631 Supra
814 580 903 618 beni
929 581 1062 618 Latini
1087 589 1234 620 metum

117 646 155 683 id
177 659 326 696 quoque
349 652 572 690 accesserat,
592 645 694 694 quod
722 646 882 694 triginta
902 644 987 695 jam
1012 645 1233 697 conjurasse

116 709 293 760 populos,
321 710 538 746 concitante
559 708 721 744 Octavio
743 708 935 753 Mamilio,
962 710 1052 746 satis
1079 717 1233 747 consta-

118 774 197 812 bat.
252 774 300 812 In
335 775 407 811 hac
438 780 632 810 tantarum
662 774 946 824 exspectatione
973 785 1099 810 rerum
1128 773 1234 810 solli-

119 841 197 877 cita
221 840 389 884 civitate,
417 841 614 877 dictatoris
643 840 808 890 primum
827 837 979 874 creandi
1007 838 1151 874 mentio
1171 850 1236 874 or-

118 910 158 941 ta
177 919 184 941 :
217 906 282 942 sed
310 918 380 942 nec
408 918 484 955 quo
510 917 626 948 anno,
646 917 717 940 nec
737 902 873 953 quibus
893 900 1126 946 consulibus,
1148 903 1237 952 quia

118 982 166 1006 ex
187 969 355 1007 factione
373 970 583 1019 Tarquinia
601 974 741 1011 essent,
765 967 821 1015 (id
849 979 999 1016 quoque
1028 967 1132 1002 enim
1157 973 1238 1004 tra·

118 1034 237 1082 ditur)
258 1047 392 1085 parum
417 1034 602 1071 creditum
630 1033 692 1076 sit,
712 1044 783 1068 nec
812 1031 895 1080 quis
922 1031 1086 1081 primum
1115 1031 1236 1068 dicta·

119 1105 182 1135 tor
209 1105 355 1136 creatus
383 1100 446 1143 sit,
474 1099 564 1135 satis
594 1102 773 1133 constat:
806 1095 906 1146 apud
931 1096 1152 1132 veterrimos
1177 1101 1236 1132 ta·
1249 1095 1382 1144 Ρξίῐηῑῑδ»

119 1175 205 1200 men
235 1170 409 1200 auctores
434 1163 481 1200 T.
506 1162 683 1199 Lartium
710 1161 936 1197 dictatorem
965 1161 1142 1210 primum,
1174 1139 1400 1211 Sp.d¹cm⁰r'

122 1228 297 1265 Cassium
315 1229 542 1277 magistrum
561 1227 745 1275 equitum,
766 1231 914 1260 creatos
933 1225 1099 1262 invenio.
1134 1226 1238 1262 Con-

120 1293 260 1330 sulares
289 1292 444 1342 legere:
484 1293 539 1328 ita
567 1290 629 1327 lex
654 1289 832 1340 jubebat,
866 1289 912 1325 de
942 1289 1128 1326 dictatore
1157 1303 1239 1327 cre-

123 1357 224 1394 ando
259 1356 349 1394 lata.
402 1356 464 1393 Eo
500 1356 623 1405 magis
661 1355 842 1397 adducor,
873 1359 917 1389 ut
945 1354 1110 1397 credam,
1140 1354 1240 1391 Lar·

121 1422 232 1464 tium,
262 1421 327 1470 qui
355 1419 564 1458 consularis
594 1425 688 1462 erat,
718 1418 862 1468 potius,
892 1430 1005 1466 quam
1033 1417 1104 1454 Μ’.
1124 1417 1240 1456 Vale-

122 1486 234 1529 rium,
260 1484 316 1521 M.
337 1484 470 1528 filium,
490 1484 622 1522 Volesi
649 1489 844 1534 nepotem,
864 1482 928 1531 qui
957 1482 1126 1519 nondum
1146 1496 1245 1521 con-

122 1549 180 1586 sul
210 1549 348 1594 fuerat,
381 1550 662 1586 moderatorem
694 1554 734 1584 et
763 1547 987 1595 magistrum
1020 1548 1244 1585 consulibus

122 1615 338 1664 adpositum
355 1629 363 1650 ε
395 1615 474 1664 qui,
495 1615 527 1650 si
545 1614 709 1650 maxime
729 1626 775 1648 ex
795 1624 839 1648 ea
857 1611 1002 1648 familia
1020 1611 1097 1660 legi
1119 1612 1259 1650 dicta?

119 1684 242 1715 torem
269 1677 423 1722 vellent,
458 1685 605 1728 patrem
637 1676 758 1713 multo
791 1676 919 1725 potius
948 1674 1006 1712 M.
1029 1674 1242 1721 Valerium,

124 1748 302 1793 spectatae
337 1742 487 1778 virtutis
526 1749 565 1778 et
600 1740 837 1778 consularem
873 1740 1010 1783 virum,
1048 1739 1245 1788 legissent.

125 1807 264 1844 Creato
284 1806 470 1843 dictatore
495 1807 659 1857 primum
676 1805 829 1847 Romae,
850 1810 1055 1855 postquam
1074 1804 1245 1854 praeferri

123 1883 270 1908 secures
290 1871 478 1914 viderunt,
505 1883 664 1920 magnus
688 1869 840 1921 plebem
865 1874 987 1905 metus
1011 1869 1180 1913 incessit,
1201 1875 1245 1905 ut

123 1934 347 1971 intentiores
369 1941 495 1971 essent
517 1934 565 1970 ad
590 1934 693 1970 dicto
716 1932 926 1983 parendum
944 1946 951 1967 ε
982 1944 1106 1981 neque
1127 1933 1244 1976 enim,

126 2004 168 2034 ut
193 1998 234 2035 in
256 1997 490 2042 consulibus,
511 1998 575 2048 qui
604 1998 686 2047 pari
714 2003 906 2047 potestate
925 2003 1067 2039 essent,
1087 1995 1241 2033 alterius

126 2062 320 2107 auxilium,
346 2075 470 2112 neque
500 2063 725 2113 provocatio
751 2068 858 2107 erat;
890 2073 1013 2110 neque
1038 2060 1157 2096 ullum
1178 2073 1242 2098 us·

125 2138 250 2174 quam,
269 2126 344 2162 nisi
363 2127 403 2162 in
422 2139 512 2163 cura
531 2125 701 2177 parendi,
723 2124 917 2162 auxilium.
956 2124 1106 2160 Sabinis
1127 2125 1243 2162 etiam

125 2196 273 2226 creatus
297 2190 432 2228 Romae
458 2192 622 2228 dictator
651 2192 715 2239 (eo
743 2190 864 2238 magis
889 2189 990 2239 quod
1019 2195 1175 2240 propter
1204 2201 1245 2226 se

128 2259 296 2291 creatum
322 2255 575 2303 crediderant)
603 2261 746 2292 metum
772 2255 954 2291 incussit:
986 2254 1114 2301 itaque
1139 2252 1248 2302 lega-

126 2325 188 2356 tos
213 2319 260 2356 de
281 2331 374 2371 pace
395 2320 579 2359 mittunt:
611 2320 764 2372 quibuS,
791 2318 988 2358 orantibus
1018 2317 1246 2356 dictatorem
