1573 2598
309 175 390 233 1945
730 184 779 220 *n
802 188 933 220 mvn

92 281 136 313 U.
153 280 190 312 c,
207 287 283 318 294·
306 283 394 314 rant
404 292 418 316 >z
449 288 521 319 nee
536 281 645 319 1ante,
665 282 893 315 moverunt·
910 276 957 313 de
988 276 1178 316 sententia
1208 277 1422 322 consulem,

91 324 187 359 ‘³⁸0‘
204 330 278 357 ‘¹⁵⁸'
306 354 420 391 quam
437 340 595 383 tribuni,
614 351 656 383 se
674 340 714 376 in
733 341 960 377 auctoritate
978 340 1136 379 Patrum
1153 341 1306 379 futuros
1322 354 1416 385 esse,

291 405 468 456 ,polliciti
492 410 593 442 sunt.
647 402 771 447 Tunc,
790 404 976 441 referente
1005 404 1160 443 consule
1177 405 1223 442 de
1244 405 1421 443 tribuno-

304 481 390 506 rum
411 474 450 505 et
470 467 590 518 plebis
618 465 833 517 postulatis,
857 467 1190 508 senatusconsulta
1214 468 1323 511 fiunt,
1344 469 1418 504 Ne-

305 545 373 582 que
402 532 532 569 tribuni
560 533 671 580 legem
697 543 737 567 eo
755 543 849 568 anno
869 531 1027 581 ferrent,
1056 544 1167 581 neque
1193 533 1349 569 consules
1376 531 1421 568 ab

303 595 389 632 urbe
423 596 615 632 exercitum
650 595 845 631 educerent.
902 595 947 632 In
979 596 1157 643 reliquum
1190 596 1423 643 magistratus

304 661 518 702 continuari,
545 664 579 696 et
603 660 740 696 eosdem
762 659 916 697 tribunos
939 662 1050 711 refici,
1068 660 1238 708 judicare
1260 666 1423 698 senatum

303 728 429 766 contra
446 722 701 771 rempublicam
717 734 798 760 esse.
857 722 1041 760 Consules
1067 723 1172 762 fuere
1200 724 1239 762 in
1263 724 1423 762 Patrum

306 792 527 838 potestate:
569 785 727 830 tribuni,
764 785 1056 828 reclamantibus
1093 788 1326 832 consulibus,
1363 801 1441 826 re·-

90 856 265 890 Quinctius
307 849 412 886 fecti.
467 848 600 885 Patres
633 860 797 897 quoque,
830 861 879 886 ne
910 849 1000 898 quid
1031 849 1207 887 cederent
1235 850 1352 901 plebi,
1385 855 1433 886 et>

89 908 241 984 ἱζὲἓὲἳ
309 914 382 965 ipsi
399 912 447 950 L.
459 913 683 955 Quinctium
701 912 896 950 consulem
914 913 1145 951 reficiebant.
1200 913 1320 951 Nulla
1337 919 1423 950 toto

309 989 410 1014 anno
438 977 699 1014 vehementior
734 978 835 1014 actio
865 977 1028 1014 consulis
1064 978 1150 1015 fuit.
1206 979 1336 1021 Mirer,
1365 978 1425 1014 in·

305 1041 404 1091 quit,
431 1043 463 1077 si
489 1053 583 1077 vana
609 1045 738 1084 vestra,
767 1041 897 1078 Patres
925 1043 1125 1090 conscripti,
1154 1044 1349 1079 auctoritas
1376 1041 1426 1078 ad

304 1107 447 1157 plebem
469 1111 520 1144 eet
533 1108 554 1142 ,9
586 1107 822 1145 Voselecatis
844 1118 923 1143 eam
938 1122 950 1142 :
981 1107 1125 1154 quippe,
1146 1107 1231 1154 quia
1252 1106 1351 1155 plebs
1371 1117 1426 1142 se-

308 1170 613 1209 natusconsultum
646 1171 684 1205 in
719 1169 968 1206 continuandis
1002 1168 1268 1216 magistratibus
1307 1168 1425 1211 solvit,

308 1239 377 1286 ipsi
404 1249 542 1285 quoque
568 1236 723 1272 solutum
750 1235 870 1276 vultis,
898 1246 943 1271 ne
971 1235 1163 1271 temeritati
1189 1234 1429 1270 multitudinis

310 1300 470 1336 cedatis:
503 1303 688 1346 tamquam
706 1298 746 1334 id
761 1299 808 1333 sit
828 1298 912 1345 plus
926 1309 1028 1345 posse
1047 1299 1084 1333 in
1103 1298 1259 1340 civitate,
1276 1297 1359 1345 plus
1378 1297 1427 1332 le-

309 1363 432 1399 vitatis
450 1374 492 1398 ac
518 1362 667 1398 licentiae
689 1360 815 1397 habere
831 1376 843 1396 :
872 1361 980 1396 levius
1007 1362 1100 1396 enim
1126 1361 1318 1407 vaniusque
1344 1371 1428 1407 pro-

300 1423 405 1473 fecto
433 1428 497 1467 est,
520 1436 586 1460 sua
614 1424 759 1460 decreta
785 1428 820 1459 et
847 1424 1009 1460 consulta
1038 1423 1173 1465 tollere,
1204 1433 1313 1470 quam
1337 1422 1429 1458 alio-

311 1498 404 1523 rum.
460 1486 673 1529 Imitamini,
700 1487 830 1523 Patres
857 1487 1059 1534 conscripti,
1090 1485 1230 1522 turbam
1253 1485 1431 1520 inconsul-

314 1551 390 1585 tam
405 1564 417 1585 :
445 1553 493 1592 et,
515 1551 576 1598 qui
593 1550 752 1598 exemplo
771 1549 852 1586 aliis
870 1561 941 1585 esse
965 1549 1110 1591 debetis,
1137 1549 1292 1584 aliorum
1317 1559 1431 1584 exem-

310 1616 374 1664 plo
407 1621 558 1664 peccetis
585 1618 719 1665 potius,
754 1627 863 1664 quam
894 1615 960 1651 alii
989 1618 1104 1650 vestro
1134 1618 1229 1650 recte
1253 1612 1406 1661 faciant
1419 1629 1434 1657 ‚-

316 1682 403 1719 dum
420 1694 483 1731 ego
501 1695 546 1719 ne
568 1684 683 1720 imiter
709 1682 876 1724 tribunos,
895 1692 958 1717 nec
982 1692 1038 1716 me
1061 1683 1185 1716 contra
1207 1683 1433 1715 senatuscon-

313 1749 448 1791 sultum
467 1748 643 1788 consulem
659 1746 861 1783 renunciari
882 1746 1019 1793 patiar.
1082 1744 1132 1779 Te
1148 1754 1242 1785 vero,
1265 1742 1305 1778 C.
1324 1741 1435 1778 Clau-

315 1813 368 1856 di,
389 1813 574 1856 adhortor,
595 1818 636 1849 ut
654 1817 689 1850 et
710 1814 783 1860 ipse
803 1810 1204 1860 populumRomanum
1231 1809 1299 1845 hac
1327 1809 1436 1845 licen-

316 1880 370 1917 tia
396 1892 518 1917 arceas
535 1896 546 1916 :
576 1885 611 1916 et
640 1881 684 1915 de
710 1890 767 1914 me
795 1878 859 1914 hoc
887 1877 950 1914 tibi
973 1876 1203 1925 persuadear,
1222 1875 1357 1912 ‘meita
1374 1885 1437 1909 ac-

316 1945 517 1989 cepturum,
547 1946 587 1976 ut
613 1953 683 1977 non
711 1941 875 1977 honorem
901 1950 1018 1975 meum
1045 1950 1070 1973 a
1092 1942 1126 1974 te
1146 1936 1357 1984 inpeditum,
1376 1933 1440 1972 sed

316 2004 477 2051 gloriam
502 2005 612 2051 spreti
644 2004 784 2040 honoris
814 2007 972 2044 auctam,
1008 2001 1260 2048 invidiamque,
1289 2010 1367 2047 quae
1398 2009 1441 2034 ex

319 2069 528 2104 continuato
559 2079 599 2104 eo
629 2069 848 2116 inpenderet,
879 2068 1035 2104 levatam
1061 2070 1198 2114 putem.
1255 2064 1439 2101 Commu-

316 2132 418 2169 niter
450 2132 537 2169 inde
565 2133 731 2176 edicunt,
761 2134 817 2169 Ne
846 2135 923 2182 quis
952 2133 996 2168 L.
1025 2133 1232 2173 Quinctium
1263 2131 1441 2167 consulem

305 2194 484 2244 faceret.-
512 2197 545 2232 si
575 2196 653 2244 quis
669 2194 828 2244 fecisset,
854 2207 890 2231 se
919 2196 957 2231 id
984 2195 1196 2243 suff-agium
1223 2206 1293 2230 non
1321 2194 1437 2232 obser-

318 2264 475 2297 vatum.

104 2324 150 2401 H..
161 2323 204 2400 (0λ
217 2330 295 2404 ἔδοξ.
373 2321 520 2362 XXII„
539 2320 727 2369 Consules
750 2321 867 2359 creati
890 2321 941 2362 Q.
962 2320 1101 2359 Fabius
1122 2318 1343 2360 Vibulanus,
1357 2324 1434 2358 ter-
