1496 2554
290 131 326 172 ,ᾖ
542 133 774 166 EPITOME
800 137 944 169 LIBRI
971 140 1140 171 PRIMI.

292 221 458 268 signavit.
515 220 743 266 Politorium,
780 225 900 262 urbem
928 227 1154 272 Latinorum,
1188 230 1276 269 bello
1310 246 1409 284 repe-

291 286 413 327 titam,
436 296 543 332 quam
565 287 674 332 prisci
692 286 817 324 Latini
841 298 1108 339 occupaverant,
1135 294 1257 331 diruit.
1311 299 1410 333 Pon·
1467 310 1469 312 ·

295 352 363 386 tem
383 348 566 385 sublicium
584 351 622 385 in
645 350 797 388 Tiberim
804 352 912 401 fecit.
966 355 1174 393 Janiculum
1193 359 1316 394 collem
1333 361 1413 396 urbi

295 412 449 448 addidit.
521 412 624 448 Fines
658 414 798 462 imperii
831 418 994 464 protulit.
1070 421 1206 456 Ostiam
1241 423 1413 460 condidit.

293 474 474 535 Regnavit
491 489 600 513 annos
616 479 744 525 ziginti
762 485 924 527 quatuor
978 483 1033 518 Eo
1050 489 1219 539 regnante
1237 484 1411 529 Lucumo,

292 540 495 579 Damarati
525 542 700 579 Corinthii
718 544 847 593 filius5
876 558 899 581 a
933 546 1147 594 Tarquiniis,
1178 549 1334 585 Etruriae
1362 551 1413 586 ci-

290 606 416 648 vitate,
442 606 598 643 Romam
624 609 742 652 venit,-
767 613 814 651 et,
842 611 881 645 in
908 612 1105 647 amicitiam
1126 613 1219 648 Anci
1242 618 1413 661 receptus,

297 669 486 718 Tarquinii
511 683 637 708 nomen
653 671 758 721 ferre
781 675 906 721 coquit,-
935 678 970 710 et
983 679 1065 722 post
1082 680 1230 712 mortem
1247 677 1341 712 Anci
1357 688 1414 713 re-

290 746 402 782 gnum
416 737 561 784 excepit.
606 736 753 773 Centum
769 738 915 781 additis,
931 739 1085 774 Patrurn
1099 751 1284 776 numeru-m
1301 742 1414 777 auxit.

291 798 444 838 Latinos
459 800 607 848 subegit,
629 803 761 838 circum
780 803 989 850 designavit,
1010 804 1111 840 ludos
1128 805 1252 840 edidit.
1308 804 1414 841 Sabi-

289 872 418 900 norum
436 864 525 901 bello
544 866 678 913 petitus
696 867 850 914 equitum
870 868 1046 903 centurias
1062 868 1262 916 ampliavit.
1323 869 1414 905 Ten-

294 929 413 965 tandae
438 930 591 965 scientiae
619 943 741 966 caussa
765 932 848 967 Atti
876 931 987 967 Navii
1018 934 1176 979 auguris,
1207 932 1416 969 consuluisse

281 992 422 1042 fertur,
459 1006 506 1029 an
541 995 592 1036 id,
624 996 668 1030 de
703 1007 770 1042 quo
801 996 986 1042 cogitaret,
1020 996 1111 1043 effici
1142 1001 1284 1044 posset:
1322 996 1416 1044 quod

292 1068 401 1105 quum
418 1057 479 1092 ille
491 1057 580 1105 fieri
593 1069 694 1104 posse
711 1059 955 1105 respondisset,
971 1057 1127 1103 jussisse,
1147 1070 1226 1094 eum
1243 1059 1416 1095 novacula
1442 1056 1445 1058 ’

292 1124 405 1156 cotem
420 1120 613 1168 prcecidere
622 1136 636 1164 ,-
665 1121 770 1168 idque
783 1122 947 1169 protinus
965 1121 1009 1156 ab
1027 1122 1117 1157 Atto
1127 1120 1287 1170 factum.
1344 1121 1415 1157 Sa-

294 1183 390 1221 binos
420 1188 594 1231 praeterea
629 1185 705 1219 acie
738 1185 836 1227 vicit,
878 1185 997 1220 urbem
1033 1197 1134 1220 muro
1170 1184 1415 1227 circumdedit,

293 1249 433 1286 eloacas
459 1248 565 1300 fecit.
623 1250 764 1285 Occisus
799 1253 850 1285 est
883 1249 926 1286 ab
956 1250 1048 1285 Anci
1071 1250 1178 1299 filiis,
1216 1261 1324 1298 quum
1358 1261 1415 1286 re-

293 1318 434 1363 gnasset
461 1316 571 1350 annos
599 1314 750 1361 triginta
773 1318 863 1350 octo.
921 1313 1094 1349 Successit
1114 1315 1146 1350 ei
1164 1314 1242 1350 Ser.
1264 1314 1416 1356 Tullius,

295 1383 400 1416 natus
420 1390 461 1414 ex
482 1379 624 1426 captiva
644 1377 753 1414 nobili
774 1378 1010 1414 Corniculana
1024 1395 1037 1422 ;
1067 1379 1122 1415 cui
1145 1389 1271 1427 puero,
1300 1378 1418 1414 adhuc

297 1445 333 1480 in
352 1443 450 1478 cunis
463 1443 593 1490 posito,
614 1447 721 1490 caput
739 1443 862 1478 arsisse
882 1443 1054 1478 traditum
1072 1446 1134 1478 est.
1185 1442 1341 1478 Veientes
1359 1446 1417 1477 at·

284 1511 363 1558 'que
381 1506 548 1543 Etruscos
565 1507 691 1554 pra-lio
705 1505 824 1555 fudit.
883 1506 1030 1542 Censum
1043 1508 1182 1555 primus
1200 1507 1283 1554 egit.
1339 1505 1417 1542 Lu-

296 1576 409 1608 strum
427 1571 598 1613 condidit,
619 1582 686 1617 quo
712 1571 839 1606 civium
862 1572 982 1617 capita
1003 1582 1104 1606 censa
1131 1571 1310 1617 octoginta
1334 1569 1416 1605 mil-

298 1637 350 1672 lia
368 1647 438 1673 esse
455 1636 631 1671 dicuntur.
680 1634 813 1670 Classes
831 1636 1072 1682 centuriasque
1093 1634 1286 1682 descripsit.
1343 1633 1418 1669 Po-

298 1701 458 1736 moerium
489 1699 654 1747 protulit.
712 1697 826 1734 Colles
860 1698 951 1741 urbi,
987 1698 1222 1740 Quirinalem,
1258 1696 1418 1732 Vimina-

300 1765 382 1806 lem,
418 1763 710 1811 Esquilinumque
745 1760 886 1808 adjecit.
948 1762 1134 1810 Templum
1170 1761 1306 1797 Dianae
1340 1772 1418 1796 cum

300 1829 444 1866 Latinis
470 1829 507 1863 in
531 1828 706 1864 Aventino
722 1825 830 1876 fecit.
887 1825 1099 1875 Irtterfectus
1125 1829 1176 1861 est
1202 1836 1225 1860 a
1250 1823 1295 1860 L.
1328 1823 1418 1859 Tar·

300 1893 435 1942 quinio,
457 1892 574 1928 Prisci
588 1891 687 1941 filio,
708 1891 852 1926 consilio
867 1891 962 1939 filiae
984 1901 1055 1925 suoe
1078 1888 1217 1930 Tullioe,
1237 1899 1345 1934 quum
1363 1898 1419 1923 re·

299 1961 440 2006 gnasset
458 1967 567 1992 annos
585 1955 825 2004 quadraginta
845 1958 1007 2002 quatuor.
1040 1953 1128 1989 Post
1147 1951 1239 1987 hunc
1257 1951 1302 1988 L.
1328 1951 1419 1987 Tar-

301 2022 441 2071 quinius
468 2020 658 2069 Superbus,
687 2031 796 2067 neque
824 2019 991 2060 Patrum,
1020 2029 1130 2065 neque
1152 2016 1279 2065 populi
1304 2014 1421 2062 jussu,

301 2097 449 2134 regnum
485 2085 640 2121 invasit:
677 2095 745 2132 quo
773 2084 830 2119 die
855 2083 1027 2119 scelerata
1059 2081 1181 2117 Tullia
1210 2091 1278 2128 per
1306 2081 1423 2128 patris

294 2149 448 2197 jacentis
471 2160 595 2197 corpus
622 2151 827 2196 carpentum
854 2148 938 2194 egit.
993 2146 1162 2182 Armatos
1190 2145 1285 2180 circa
1310 2155 1347 2179 se
1373 2143 1424 2180 ad

302 2214 500 2251 custodiam
535 2212 689 2260 corporis
722 2213 778 2247 sui
811 2211 945 2247 habuit.
1006 2210 1162 2245 Turnum
1199 2207 1422 2243 Herdonium

281 2277 434 2329 fraude
468 2277 654 2314 interemit.
712 2275 854 2314 Bellum
888 2287 969 2312 cum
1001 2273 1131 2311 Volscis
1155 2273 1262 2322 gessit
1272 2288 1285 2317 ,-
1318 2275 1354 2307 et
1380 2281 1432 2306 ew>

1471 784 1479 794 ¹.
1471 704 1481 774 ene—x
