1573 2598
118 256 159 285 U.
177 254 213 285 C.
231 262 305 290 259.

116 299 157 329 A.
173 298 210 331 C.
227 306 300 334 493.

335 155 414 196 116
777 168 822 196 T.
848 168 982 197 mvn

329 256 416 293 foro
436 255 613 293 arcebat:
645 268 714 292 nec
737 256 801 304 agi
825 256 1028 305 quidquam
1056 266 1126 305 per
1151 254 1444 305 infrequentiam

331 327 481 371 poterat
510 325 674 356 senatus.
729 319 829 355 Tum
847 331 937 355 vero
964 318 1063 354 eludi
1092 323 1206 367 atque
1231 319 1378 356 extrahi
1402 331 1443 356 se

330 383 535 421 multitudo
570 390 703 432 putare
716 398 727 428 3
767 388 818 425 et,
848 382 1005 418 Patrum
1041 382 1106 431 qui
1142 381 1332 425 abessent,
1363 393 1445 419 non

330 460 434 490 casu,
454 459 533 483 non
561 452 680 489 metu,
701 445 765 482 sed
793 445 1028 496 inpediendae
1057 446 1110 481 rei
1140 458 1272 482 caussa
1300 445 1446 490 abesse,

328 517 367 549 et
398 510 570 547 consules
602 510 704 560 ipsos
734 510 997 558 tergiversari3
1032 522 1103 545 nec
1135 509 1248 547 dubie
1279 509 1444 547 ludibrio

330 589 411 613 esse
440 575 607 612 miserias
637 587 735 611 suas.
791 574 879 611 Jam
906 588 1025 626 prope
1050 581 1144 619 erat,
1165 582 1208 611 ut
1232 588 1282 613 ne
1306 588 1445 613 consu-

329 640 408 677 lum
451 639 604 690 quidem
646 637 824 689 majestas
862 644 1053 675 coerceret
1095 640 1170 676 iras
1212 640 1412 678 hominum
1434 654 1448 677 x

328 717 458 755 quum,
486 704 634 748 incerti,
662 703 861 747 morando,
882 716 931 740 an
948 703 1150 747 veniendo,
1175 702 1260 754 plus
1287 704 1447 755 periculi

328 769 612 812 contraherent,
631 767 785 804 tandem
804 767 845 804 in
864 774 1037 805 senatum
1054 768 1213 804 veniunt
1229 782 1238 804 ε
1268 767 1448 818 frequen·

326 834 432 883 tique
457 833 613 870 tandem
637 833 754 875 curia,
777 845 857 869 non
879 832 994 869 modo
1020 833 1121 869 inter
1137 832 1284 877 Patres,
1305 833 1370 870 sed
1397 845 1448 871 ne

327 898 427 934 inter
446 897 619 934 consules
640 897 791 947 quidem
810 898 926 947 ipsos,
948 898 1038 933 satis
1059 897 1322 934 conveniebat.
1363 899 1445 949 Ap-

327 962 426 1012 pius,
446 962 680 997 vehementis
708 961 853 1009 ingenii
874 961 945 1003 vir,
967 961 1128 1011 imperio
1150 960 1341 997 consulari
1366 973 1447 998 rem

329 1026 516 1076 agendam
535 1025 735 1061 censebat:
768 1037 845 1060 uno
873 1029 938 1060 aut
964 1024 1084 1061 altero
1104 1025 1275 1076 adrepto,
1297 1025 1448 1074 quietu-

328 1101 390 1125 ros
411 1088 518 1125 alios.
575 1088 768 1131 Servilius,
788 1087 936 1123 lenibus
958 1088 1133 1124 remediis
1153 1089 1293 1138 aptior,
1314 1089 1447 1125 conci·-

328 1158 430 1188 tatos
453 1153 599 1188 animos
622 1151 737 1195 flecti,
758 1163 872 1200 quam
892 1150 1032 1201 frangi,
1060 1151 1221 1203 putabat
1243 1163 1359 1202 quum
1381 1157 1446 1188 tu·

328 1216 419 1258 tius,
438 1222 522 1251 tum
539 1214 703 1258 facilius,
724 1227 816 1251 esse.

381 1278 537 1316 XXIV.
574 1277 680 1314 Inter
715 1278 796 1313 haec
832 1275 955 1327 major
991 1277 1085 1314 alius
1122 1283 1257 1315 terror.
1311 1277 1445 1316 Latini

327 1343 472 1393 equites
502 1355 589 1379 cum
619 1341 856 1378 tumultuoso
886 1341 1066 1378 advolant
1100 1342 1268 1378 nuncio:
1306 1342 1448 1380 Volscos

328 1407 457 1457 infesto
484 1408 637 1443 exercitu
665 1409 714 1443 ad
740 1407 859 1443 urbem
888 1407 1161 1456 obpugnandam
1187 1408 1329 1444 venire:
1362 1420 1461 1457 quae

329 1473 459 1510 audita
481 1474 593 1521 (adeo
616 1473 706 1509 duas
727 1485 772 1508 ex
796 1486 871 1509 una
890 1473 1043 1510 civitate
1068 1472 1256 1509 discordia
1282 1466 1442 1521 fecerat)

329 1535 445 1585 longe
474 1536 582 1572 aliter
602 1537 734 1572 Patres
758 1549 801 1572 ac
830 1535 979 1587 plebem
1003 1536 1186 1572 adfecere.
1240 1535 1445 1574 Exsultare

331 1601 469 1651 gaudio
506 1600 661 1650 plebes3
693 1602 823 1637 ultores
852 1601 1020 1648 superbiae
1052 1601 1207 1636 Patrum
1239 1601 1357 1636 adesse
1388 1600 1445 1636 di-

330 1677 415 1702 cere
434 1666 561 1702 Deos:
592 1665 685 1701 alius
713 1665 826 1702 alium
855 1665 1092 1707 confirmare,
1118 1677 1167 1700 ne
1195 1664 1352 1700 nomina
1379 1664 1447 1701 da-

270 1744 273 1746 *
330 1736 441 1767 rent:
473 1742 559 1766 cum
591 1729 766 1766 omnibus
795 1730 936 1779 potius,
964 1741 1075 1778 quan]
1103 1728 1218 1771 solos,
1244 1728 1446 1778 perituros,

329 1793 463 1830 Patres
492 1794 713 1837 militarent,
742 1793 874 1830 Patres
906 1806 1009 1829 arma
1038 1798 1229 1842 caperent,
1261 1799 1303 1828 ut
1330 1802 1445 1843 penes

329 1858 483 1893 eosdem
514 1857 682 1908 pericula
707 1856 812 1900 belli,
842 1869 956 1907 penes
986 1869 1080 1906 quos
1110 1857 1279 1907 praemia,
1307 1864 1446 1894 essent.

328 1921 382 1957 At
409 1934 500 1957 vero
530 1923 646 1965 curia,
676 1929 813 1958 moesta
842 1934 886 1958 ac
914 1922 1062 1972 trepida
1090 1922 1246 1971 ancipiti
1275 1927 1379 1958 metu
1408 1928 1448 1960 et

329 1983 377 2020 ab
403 1985 483 2020 cive
513 1990 551 2020 et
571 1985 618 2020 ab
643 1985 768 2028 hoste,
793 1984 990 2021 Servilium
1019 1984 1227 2027 consulem,
1249 1985 1309 2021 cui
1336 1986 1445 2034 inge-

329 2048 436 2085 nium
457 2049 578 2098 magis
603 2043 785 2099 populare
811 2055 905 2092 erat,
929 2061 1050 2091 orare,
1075 2057 1117 2084 ut
1142 2049 1258 2084 tantis
1285 2049 1446 2086 circum·

118 2120 211 2152 Metu
222 2119 320 2150 hostis
331 2118 484 2149 ventam
499 2112 706 2150 terroribus
719 2113 912 2163 expediret
926 2110 1209 2162 rempublicam.
1237 2112 1339 2149 Tum
1352 2125 1446 2150 con·

118 2163 316 2204 compositae.

333 2175 405 2220 sul,
435 2177 551 2213 misso
581 2183 728 2220 senatu,
759 2177 798 2212 in
831 2176 1055 2212 concionem
1083 2176 1232 2226 prodit:
1264 2175 1318 2213 ibi
1347 2189 1445 2214 curae

335 2252 416 2277 esse
443 2239 620 2277 Patribus
650 2240 830 2283 ostendit,
860 2246 902 2276 ut
930 2239 1149 2276 consulatur
1176 2239 1303 2291 plebi:
1343 2247 1444 2277 cete-

336 2314 420 2342 rum
438 2304 700 2342 deliberationi
720 2304 765 2342 de
784 2305 948 2342 maxima
967 2304 1118 2354 quidem
1136 2304 1214 2349 illa,
1235 2304 1299 2342 sed
1317 2311 1443 2343 tamen
