1573 2598
414 163 587 206 'LIBER
610 175 670 205 11.
702 175 808 206 cAr.
833 176 922 204 1111.
1182 173 1258 219 153

147 265 281 309 menti,
302 265 470 315 quamvis
494 266 533 301 in
554 263 777 315 praecipitia,
802 263 890 300 dum
914 263 1095 301 celeriora
1117 271 1256 308 essent,

148 330 286 379 agebat
310 330 482 372 consilia,
509 335 650 364 temere
679 327 836 364 adverso
855 327 1032 365 Janiculo
1059 328 1106 364 ad
1134 334 1259 364 castra

146 394 314 430 hostium
337 393 455 429 aciem
480 392 612 434 erexit,
631 391 844 440 foediusque
867 391 954 427 inde
979 391 1122 442 pulsus,
1144 404 1258 441 quarn

145 458 264 508 pridie
289 457 496 508 pepulerat,
524 456 737 492 interventu
763 454 917 503 eollegae
944 457 1023 506 ipse
1050 457 1256 492 exercitus-

145 534 218 572 que
255 521 334 572 ejus
371 527 428 557 est
463 526 657 556 servatus:
699 520 797 563 inter
832 521 922 556 (luas
961 521 1058 557 acies
1088 520 1254 563 Etrusci,

145 599 260 636 quum
289 587 327 622 in
349 586 468 621 vicem
496 585 555 620 his
589 591 703 633 atque
733 584 804 619 illis
839 590 946 633 terga
976 585 1122 628 darent,
1155 584 1256 620 ocei-

145 650 256 686 dione
285 649 411 686 occisi‘.
467 648 529 684 Ita
557 648 778 699 obpressum
806 649 1021 684 temeritate
1045 648 1146 685 felici
1166 648 1255 685 Vei-

143 725 208 750 ens
228 712 379 748 bellum.

195 776 285 813 LII.
317 775 413 812 Urbi
433 788 518 811 cum
542 788 635 826 pace
660 774 783 811 laxior
805 775 919 812 etiam
948 788 1102 812 annona
1130 775 1255 820 rediit,

143 847 182 878 et
200 841 356 878 advecto
376 853 423 876 ex
443 840 652 890 Campania
669 840 876 883 frumento,
901 847 952 884 et,
977 847 1177 890 postquam
1207 842 1256 876 ti-

140 919 225 942 mor
249 906 321 942 sibi
341 905 474 954 cuique
493 904 630 941 futurae
650 905 788 954 inopiae
814 904 922 948 abiit,
944 918 1003 948 eo,
1025 905 1126 954 quod
1149 905 1256 941 abdi-

142 978 224 1008 tum
245 970 382 1013 fuerat,
404 969 567 1020 prolato.
624 969 684 1006 Ex
711 970 822 1020 copia
847 969 981 1005 deinde
1003 970 1159 1019 otioque
1181 970 1256 1006 las-

143 1035 256 1072 civire
275 1046 400 1070 rursus
420 1034 535 1070 animi
551 1050 561 1079 3
595 1040 631 1069 et
660 1034 820 1083 pristina
842 1034 954 1077 mala,
975 1040 1176 1084 postquam
1195 1034 1255 1071 fo-

141 1099 191 1136 ris
215 1099 383 1142 deerant,
409 1099 512 1134 domi
541 1111 731 1148 quaerere:
764 1098 907 1134 tribuni
936 1098 1086 1148 plebem
1111 1100 1256 1147 agitare

142 1176 211 1199 suo
239 1176 399 1206 venenO,
438 1164 586 1212 agraria
621 1162 729 1212 lege3
767 1163 805 1198 in
842 1163 1058 1199 resistentes
1096 1163 1256 1199 incitare

140 1226 286 1269 Patres,
307 1239 376 1262 nec
396 1227 433 1261 in
456 1227 648 1262 universos
669 1226 796 1269 modo,
819 1227 883 1262 sed
906 1227 942 1261 in
966 1225 1148 1274 singulos.
1205 1226 1255 1265 Q.

140 1290 341 1326 Considius
379 1295 416 1326 et
445 1289 490 1325 T.
520 1289 727 1333 Genucius,
758 1296 929 1325 auctores
960 1290 1117 1337 agrariae
1145 1288 1255 1338 legis,

140 1354 185 1391 Τ.
214 1354 396 1391 Menenio
433 1354 532 1390 diem
568 1354 720 1390 dicunt:
770 1354 920 1390 invidiae
957 1360 1039 1389 erat
1077 1354 1257 1391 amissum

140 1420 326 1457 Cremerae
345 1419 572 1470 praesidium,
594 1432 706 1468 quum
727 1419 828 1455 haud
854 1418 986 1469 procul
1012 1419 1098 1455 inde
1118 1420 1257 1455 stativa

139 1484 272 1520 consul
307 1483 512 1520 habuisset.
574 1482 675 1519 Eum
713 1483 994 1532 obpresserunt.
1052 1483 1181 1522 Quum
1218 1489 1257 1519 et

138 1548 270 1586 Patres
299 1547 399 1584 haud
428 1548 566 1591 minus,
587 1560 700 1596 quam
723 1560 791 1597 pro
812 1547 1034 1590 Coriolano,
1056 1547 1177 1583 adnisi
1198 1559 1256 1583 es-‘

138 1618 236 1655 sent,
255 1618 295 1648 et
312 1612 431 1661 patris
451 1612 631 1661 Agrippae
650 1610 758 1647 favor
776 1611 877 1647 haud
894 1611 982 1647 dum
1003 1611 1227 1647 exolevisset
1241 1616 1252 1656 ζ

138 1676 177 1712 in
197 1675 315 1712 multa
333 1681 591 1726 temperarunt
615 1675 758 1712 tribuni
778 1690 785 1711 ε
818 1689 933 1725 quum
962 1677 1094 1726 capitis
1121 1675 1256 1724 anqui-

137 1739 290 1782 sissent,
314 1739 387 1775 duo
409 1738 529 1774 millia
553 1740 634 1774 aeris
661 1739 841 1775 damnato
865 1739 1023 1774 multam
1052 1739 1254 1775 dixerunt:

138 1816 182 1839 ea
200 1804 239 1839 in
260 1810 373 1853 caput
384 1803 508 1839 vertit.
551 1803 707 1851 Negant
726 1803 857 1839 tulisse
876 1804 1127 1852 ignominiam
1147 1803 1255 1851 aegri-

134 1866 408 1915 tudinemque5
448 1866 535 1902 inde
570 1866 706 1902 morbo
744 1866 960 1902 absumtum
997 1879 1089 1903 esse.
1145 1866 1255 1901 Alius

136 1930 270 1967 deinde
308 1943 391 1966 reus
430 1930 492 1980 Sp.
524 1930 715 1974 Servilius,
751 1937 794 1967 ut
831 1930 1031 1975 consulatu
1069 1930 1177 1973 abiit,
1209 1929 1254 1975 C,

134 1993 282 2030 Nautio
302 2001 340 2030 et
364 1994 406 2031 P.
427 1994 581 2031 Valerio
601 1994 833 2037 consulibus,
856 1995 967 2031 initio
992 1994 1121 2030 statim
1147 1994 1252 2037 anni,
1267 1997 1307 2027 U.
1327 1998 1363 2028 C.
1381 2003 1457 2034 279.

136 2058 183 2094 ab
203 2058 248 2094 L.
270 2058 436 2094 Caedicio
456 2064 495 2094 et
512 2058 558 2094 Τ.
580 2058 703 2094 Statio
731 2058 895 2095 tribunis
926 2059 984 2094 die
1013 2058 1128 2101 dicta,
1159 2070 1252 2102 non,
1265 2043 1306 2073 Α·
1323 2042 1360 2073 Ο·
1375 2047 1450 2078 ‘¹7³‘

136 2127 180 2157 ut
205 2121 421 2167 Menenius,
455 2122 629 2173 precibus
661 2123 737 2158 suis
773 2129 839 2159 aut
868 2123 1039 2165 Patrum,
1071 2123 1136 2157 sed
1168 2134 1254 2160 cum

136 2185 255 2222 multa
277 2185 412 2223 fiducia
436 2188 665 2224 innocentiae
695 2188 915 2236 gratiaeque,
943 2187 1167 2223 tribunicios
1195 2187 1253 2221 in-

135 2255 244 2299 petus
264 2249 364 2286 tulit.
418 2252 471 2288 Et
499 2251 588 2287 huic
616 2251 793 2302 proelium
821 2264 906 2288 cum
925 2251 1058 2287 Tuscis
1079 2250 1126 2286 ad
1145 2249 1254 2286 Jani-

137 2312 263 2355 culum
283 2320 363 2351 erat
383 2316 530 2353 crimini
548 2330 555 2352 ε
579 2317 645 2353 sed
663 2315 798 2352 fervidi
817 2317 934 2353 animi
949 2316 1018 2361 vir,
1040 2320 1081 2351 ut
1100 2315 1139 2350 in
1157 2314 1254 2365 pub-

682 2368 764 2406 Hs
