<?xml version="1.0" encoding="UTF-8"?>
<!DOCTYPE html PUBLIC "-//W3C//DTD XHTML 1.0 Transitional//EN"
    "http://www.w3.org/TR/xhtml1/DTD/xhtml1-transitional.dtd">
<html xmlns="http://www.w3.org/1999/xhtml" xml:lang="en" lang="en">
 <head>
  <title>
</title>
<meta http-equiv="Content-Type" content="text/html;charset=utf-8" />
  <meta name='ocr-system' content='tesseract 3.04.00' />
  <meta name='ocr-capabilities' content='ocr_page ocr_carea ocr_par ocr_line ocrx_word'/>
</head>
<body>
  <div class='ocr_page' id='page_1' title='image "./historiarumquaes01livyuoft/historiarumquaes01livyuoft_0217.png"; bbox 0 0 1573 2598; ppageno 0'>
   <div class='ocr_carea' id='block_1_1' title="bbox 393 176 1244 225">
    <p class='ocr_par' dir='ltr' id='par_1_1' title="bbox 393 176 1244 225">
     <span class='ocr_line' id='line_1_1' title="bbox 393 176 1244 225; baseline 0.006 -17"><span class='ocrx_word' id='word_1_1' title='bbox 393 180 551 209; x_wconf 68' lang='lat' dir='ltr'>missu</span> <span class='ocrx_word' id='word_1_2' title='bbox 576 179 658 208; x_wconf 93' lang='lat'>111.</span> <span class='ocrx_word' id='word_1_3' title='bbox 691 179 799 208; x_wconf 71' lang='lat' dir='ltr'>CAP.</span> <span class='ocrx_word' id='word_1_4' title='bbox 822 180 967 210; x_wconf 69' lang='lat' dir='ltr'>xxm.</span> <span class='ocrx_word' id='word_1_5' title='bbox 1158 176 1244 225; x_wconf 84' lang='lat'>205</span> 
     </span>
    </p>
   </div>
   <div class='ocr_carea' id='block_1_2' title="bbox 109 265 1455 2374">
    <p class='ocr_par' dir='ltr' id='par_1_2' title="bbox 109 265 1440 513">
     <span class='ocr_line' id='line_1_2' title="bbox 116 265 1440 319; baseline 0.005 -16"><span class='ocrx_word' id='word_1_6' title='bbox 116 272 323 316; x_wconf 81' lang='lat' dir='ltr'>natumque</span> <span class='ocrx_word' id='word_1_7' title='bbox 343 279 428 304; x_wconf 85' lang='lat' dir='ltr'>cum</span> <span class='ocrx_word' id='word_1_8' title='bbox 449 265 605 304; x_wconf 83' lang='lat' dir='ltr'>consule</span> <span class='ocrx_word' id='word_1_9' title='bbox 631 265 678 302; x_wconf 87' lang='lat' dir='ltr'>ad</span> <span class='ocrx_word' id='word_1_10' title='bbox 705 265 826 302; x_wconf 82' lang='lat' dir='ltr'>lucem</span> <span class='ocrx_word' id='word_1_11' title='bbox 853 273 921 303; x_wconf 80' lang='lat' dir='ltr'>est.</span> <span class='ocrx_word' id='word_1_12' title='bbox 977 266 1084 305; x_wconf 89' lang='lat' dir='ltr'>Luce</span> <span class='ocrx_word' id='word_1_13' title='bbox 1112 269 1234 319; x_wconf 87' lang='lat' dir='ltr'>prima</span> <span class='ocrx_word' id='word_1_14' title='bbox 1246 277 1288 307; x_wconf 91' lang='lat' dir='ltr'>U.</span> <span class='ocrx_word' id='word_1_15' title='bbox 1305 275 1342 307; x_wconf 92' lang='lat' dir='ltr'>C.</span> <span class='ocrx_word' id='word_1_16' title='bbox 1359 281 1440 310; x_wconf 78' lang='lat'><strong>296.</strong></span> 
     </span>
     <span class='ocr_line' id='line_1_3' title="bbox 109 320 1434 382; baseline 0.002 -15"><span class='ocrx_word' id='word_1_17' title='bbox 109 329 194 382; x_wconf 87' lang='lat' dir='ltr'>jam</span> <span class='ocrx_word' id='word_1_18' title='bbox 219 330 490 368; x_wconf 81' lang='lat' dir='ltr'>circumvallati</span> <span class='ocrx_word' id='word_1_19' title='bbox 518 330 565 367; x_wconf 87' lang='lat' dir='ltr'>ab</span> <span class='ocrx_word' id='word_1_20' title='bbox 592 330 776 367; x_wconf 82' lang='lat' dir='ltr'>dictatore</span> <span class='ocrx_word' id='word_1_21' title='bbox 806 338 927 374; x_wconf 84' lang='lat' dir='ltr'>erant,</span> <span class='ocrx_word' id='word_1_22' title='bbox 955 338 992 368; x_wconf 88' lang='lat' dir='ltr'>et</span> <span class='ocrx_word' id='word_1_23' title='bbox 1011 333 1073 369; x_wconf 84' lang='lat' dir='ltr'>vix</span> <span class='ocrx_word' id='word_1_24' title='bbox 1101 333 1232 370; x_wconf 88' lang='lat' dir='ltr'>adver·</span> <span class='ocrx_word' id='word_1_25' title='bbox 1244 321 1284 351; x_wconf 77' lang='lat' dir='ltr'>A·</span> <span class='ocrx_word' id='word_1_26' title='bbox 1302 320 1339 351; x_wconf 79' lang='lat' dir='ltr'>C·</span> <span class='ocrx_word' id='word_1_27' title='bbox 1356 323 1434 352; x_wconf 82' lang='lat'><strong>⁴⁵⁶·</strong></span> 
     </span>
     <span class='ocr_line' id='line_1_4' title="bbox 118 395 1234 444; baseline 0.003 -14"><span class='ocrx_word' id='word_1_28' title='bbox 118 407 179 430; x_wconf 88' lang='lat' dir='ltr'>sus</span> <span class='ocrx_word' id='word_1_29' title='bbox 210 407 326 431; x_wconf 87' lang='lat' dir='ltr'>unum</span> <span class='ocrx_word' id='word_1_30' title='bbox 355 395 561 432; x_wconf 81' lang='lat' dir='ltr'>exercitum</span> <span class='ocrx_word' id='word_1_31' title='bbox 595 406 764 444; x_wconf 74' lang='lat' dir='ltr'>pugnam</span> <span class='ocrx_word' id='word_1_32' title='bbox 791 395 1057 432; x_wconf 84' lang='lat' dir='ltr'>sustinebant:</span> <span class='ocrx_word' id='word_1_33' title='bbox 1097 402 1179 432; x_wconf 90' lang='lat' dir='ltr'>tum</span> <span class='ocrx_word' id='word_1_34' title='bbox 1211 411 1234 434; x_wconf 89' lang='lat' dir='ltr'>a</span> 
     </span>
     <span class='ocr_line' id='line_1_5' title="bbox 116 459 1235 513; baseline 0.003 -16"><span class='ocrx_word' id='word_1_35' title='bbox 116 459 351 500; x_wconf 84' lang='lat' dir='ltr'>Quinctiano</span> <span class='ocrx_word' id='word_1_36' title='bbox 371 461 552 503; x_wconf 77' lang='lat' dir='ltr'>exercitu,</span> <span class='ocrx_word' id='word_1_37' title='bbox 573 460 635 509; x_wconf 88' lang='lat' dir='ltr'>qui</span> <span class='ocrx_word' id='word_1_38' title='bbox 659 459 862 497; x_wconf 81' lang='lat' dir='ltr'>confestim</span> <span class='ocrx_word' id='word_1_39' title='bbox 883 473 905 497; x_wconf 89' lang='lat' dir='ltr'>a</span> <span class='ocrx_word' id='word_1_40' title='bbox 930 461 1100 512; x_wconf 83' lang='lat' dir='ltr'>perfecto</span> <span class='ocrx_word' id='word_1_41' title='bbox 1119 475 1235 513; x_wconf 86' lang='lat' dir='ltr'>opere</span> 
     </span>
    </p>

    <p class='ocr_par' dir='ltr' id='par_1_3' title="bbox 116 523 1235 567">
     <span class='ocr_line' id='line_1_6' title="bbox 116 523 1235 567; baseline 0.004 -7"><span class='ocrx_word' id='word_1_42' title='bbox 116 525 165 561; x_wconf 85' lang='lat' dir='ltr'>ad</span> <span class='ocrx_word' id='word_1_43' title='bbox 184 538 287 561; x_wconf 81' lang='lat' dir='ltr'>arma</span> <span class='ocrx_word' id='word_1_44' title='bbox 307 525 429 567; x_wconf 85' lang='lat' dir='ltr'>rediit,</span> <span class='ocrx_word' id='word_1_45' title='bbox 454 525 641 561; x_wconf 81' lang='lat' dir='ltr'>invaditur</span> <span class='ocrx_word' id='word_1_46' title='bbox 659 523 798 561; x_wconf 80' lang='lat' dir='ltr'>vallum</span> <span class='ocrx_word' id='word_1_47' title='bbox 817 541 823 561; x_wconf 72' lang='grc' dir='ltr'><strong><em>ι</em></strong></span> <span class='ocrx_word' id='word_1_48' title='bbox 857 526 918 562; x_wconf 93' lang='lat' dir='ltr'>hic</span> <span class='ocrx_word' id='word_1_49' title='bbox 945 526 1113 563; x_wconf 88' lang='lat' dir='ltr'>instabat</span> <span class='ocrx_word' id='word_1_50' title='bbox 1134 539 1235 564; x_wconf 82' lang='lat' dir='ltr'>nova</span> 
     </span>
    </p>

    <p class='ocr_par' dir='ltr' id='par_1_4' title="bbox 115 588 1236 641">
     <span class='ocr_line' id='line_1_7' title="bbox 115 588 1236 641; baseline 0.002 -16"><span class='ocrx_word' id='word_1_51' title='bbox 115 602 267 639; x_wconf 88' lang='lat' dir='ltr'>pugna:</span> <span class='ocrx_word' id='word_1_52' title='bbox 308 588 372 626; x_wconf 79' lang='lat' dir='ltr'>illa</span> <span class='ocrx_word' id='word_1_53' title='bbox 399 588 494 625; x_wconf 90' lang='lat' dir='ltr'>nihil</span> <span class='ocrx_word' id='word_1_54' title='bbox 530 589 726 625; x_wconf 72' lang='lat' dir='ltr'>remiserat</span> <span class='ocrx_word' id='word_1_55' title='bbox 763 591 877 639; x_wconf 83' lang='lat' dir='ltr'>prior.</span> <span class='ocrx_word' id='word_1_56' title='bbox 933 590 1047 634; x_wconf 88' lang='lat' dir='ltr'>Tum,</span> <span class='ocrx_word' id='word_1_57' title='bbox 1077 591 1236 641; x_wconf 86' lang='lat' dir='ltr'>ancipiti</span> 
     </span>
    </p>

    <p class='ocr_par' dir='ltr' id='par_1_5' title="bbox 114 652 1236 704">
     <span class='ocr_line' id='line_1_8' title="bbox 114 652 1236 704; baseline 0.001 -14"><span class='ocrx_word' id='word_1_58' title='bbox 114 652 216 690; x_wconf 77' lang='lat' dir='ltr'>malo</span> <span class='ocrx_word' id='word_1_59' title='bbox 246 659 416 702; x_wconf 86' lang='lat' dir='ltr'>urgente,</span> <span class='ocrx_word' id='word_1_60' title='bbox 447 666 469 689; x_wconf 82' lang='lat' dir='ltr'>a</span> <span class='ocrx_word' id='word_1_61' title='bbox 497 653 634 703; x_wconf 89' lang='lat' dir='ltr'>proelio</span> <span class='ocrx_word' id='word_1_62' title='bbox 664 654 708 690; x_wconf 84' lang='lat' dir='ltr'>ad</span> <span class='ocrx_word' id='word_1_63' title='bbox 740 667 867 704; x_wconf 76' lang='lat' dir='ltr'>preces</span> <span class='ocrx_word' id='word_1_64' title='bbox 896 655 1008 698; x_wconf 80' lang='lat' dir='ltr'>versi,</span> <span class='ocrx_word' id='word_1_65' title='bbox 1037 655 1127 691; x_wconf 90' lang='lat' dir='ltr'>hinc</span> <span class='ocrx_word' id='word_1_66' title='bbox 1156 655 1236 691; x_wconf 84' lang='lat' dir='ltr'>dic-</span> 
     </span>
    </p>

    <p class='ocr_par' dir='ltr' id='par_1_6' title="bbox 113 716 1238 761">
     <span class='ocr_line' id='line_1_9' title="bbox 113 716 1238 761; baseline 0.003 -9"><span class='ocrx_word' id='word_1_67' title='bbox 113 722 292 760; x_wconf 86' lang='lat' dir='ltr'>tatorem,</span> <span class='ocrx_word' id='word_1_68' title='bbox 322 718 411 753; x_wconf 87' lang='lat' dir='ltr'>hinc</span> <span class='ocrx_word' id='word_1_69' title='bbox 438 716 632 753; x_wconf 67' lang='lat' dir='ltr'>consulem</span> <span class='ocrx_word' id='word_1_70' title='bbox 657 730 779 761; x_wconf 83' lang='lat' dir='ltr'>orare,</span> <span class='ocrx_word' id='word_1_71' title='bbox 804 731 852 754; x_wconf 90' lang='lat' dir='ltr'>ne</span> <span class='ocrx_word' id='word_1_72' title='bbox 878 719 916 754; x_wconf 87' lang='lat' dir='ltr'>in</span> <span class='ocrx_word' id='word_1_73' title='bbox 944 719 1142 755; x_wconf 85' lang='lat' dir='ltr'>occidione</span> <span class='ocrx_word' id='word_1_74' title='bbox 1159 719 1238 755; x_wconf 87' lang='lat' dir='ltr'>vic-</span> 
     </span>
    </p>

    <p class='ocr_par' dir='ltr' id='par_1_7' title="bbox 114 781 1236 830">
     <span class='ocr_line' id='line_1_10' title="bbox 114 781 1236 830; baseline 0.003 -14"><span class='ocrx_word' id='word_1_75' title='bbox 114 781 252 816; x_wconf 78' lang='lat' dir='ltr'>toriam</span> <span class='ocrx_word' id='word_1_76' title='bbox 275 788 481 830; x_wconf 82' lang='lat' dir='ltr'>ponerent,</span> <span class='ocrx_word' id='word_1_77' title='bbox 502 788 545 816; x_wconf 90' lang='lat' dir='ltr'>ut</span> <span class='ocrx_word' id='word_1_78' title='bbox 570 782 730 817; x_wconf 88' lang='lat' dir='ltr'>inermes</span> <span class='ocrx_word' id='word_1_79' title='bbox 755 793 795 817; x_wconf 91' lang='lat' dir='ltr'>se</span> <span class='ocrx_word' id='word_1_80' title='bbox 822 782 910 818; x_wconf 88' lang='lat' dir='ltr'>inde</span> <span class='ocrx_word' id='word_1_81' title='bbox 933 781 1037 818; x_wconf 87' lang='lat' dir='ltr'>abire</span> <span class='ocrx_word' id='word_1_82' title='bbox 1057 783 1236 822; x_wconf 82' lang='lat' dir='ltr'>sinerent.</span> 
     </span>
    </p>

    <p class='ocr_par' dir='ltr' id='par_1_8' title="bbox 114 843 1236 895">
     <span class='ocr_line' id='line_1_11' title="bbox 114 843 1236 895; baseline 0.002 -15"><span class='ocrx_word' id='word_1_83' title='bbox 114 843 177 881; x_wconf 93' lang='lat' dir='ltr'>Ab</span> <span class='ocrx_word' id='word_1_84' title='bbox 198 844 352 881; x_wconf 87' lang='lat' dir='ltr'>consule</span> <span class='ocrx_word' id='word_1_85' title='bbox 371 844 419 880; x_wconf 88' lang='lat' dir='ltr'>ad</span> <span class='ocrx_word' id='word_1_86' title='bbox 441 845 666 880; x_wconf 83' lang='lat' dir='ltr'>dictatorem</span> <span class='ocrx_word' id='word_1_87' title='bbox 685 845 738 881; x_wconf 87' lang='lat' dir='ltr'>ire</span> <span class='ocrx_word' id='word_1_88' title='bbox 756 843 875 895; x_wconf 85' lang='lat' dir='ltr'>jussis</span> <span class='ocrx_word' id='word_1_89' title='bbox 901 846 1151 894; x_wconf 83' lang='lat' dir='ltr'>ignominiam</span> <span class='ocrx_word' id='word_1_90' title='bbox 1177 846 1236 882; x_wconf 84' lang='lat' dir='ltr'>in-</span> 
     </span>
    </p>

    <p class='ocr_par' dir='ltr' id='par_1_9' title="bbox 115 906 1455 1409">
     <span class='ocr_line' id='line_1_12' title="bbox 115 906 1455 960; baseline 0.002 -16"><span class='ocrx_word' id='word_1_91' title='bbox 115 907 243 945; x_wconf 87' lang='lat' dir='ltr'>fensus</span> <span class='ocrx_word' id='word_1_92' title='bbox 273 909 425 946; x_wconf 86' lang='lat' dir='ltr'>addidit.</span> <span class='ocrx_word' id='word_1_93' title='bbox 483 909 698 946; x_wconf 82' lang='lat' dir='ltr'>Gracchum</span> <span class='ocrx_word' id='word_1_94' title='bbox 727 909 905 946; x_wconf 79' lang='lat' dir='ltr'>Cloelium</span> <span class='ocrx_word' id='word_1_95' title='bbox 935 910 1067 946; x_wconf 85' lang='lat' dir='ltr'>ducem</span> <span class='ocrx_word' id='word_1_96' title='bbox 1096 910 1237 960; x_wconf 88' lang='lat' dir='ltr'>princi·</span> <span class='ocrx_word' id='word_1_97' title='bbox 1249 906 1455 957; x_wconf 44' lang='lat' dir='ltr'>qujugum</span> 
     </span>
     <span class='ocr_line' id='line_1_13' title="bbox 115 957 1358 1027; baseline 0.002 -16"><span class='ocrx_word' id='word_1_98' title='bbox 115 987 255 1025; x_wconf 83' lang='lat' dir='ltr'><strong>pesque</strong></span> <span class='ocrx_word' id='word_1_99' title='bbox 275 975 368 1012; x_wconf 87' lang='lat' dir='ltr'>alios</span> <span class='ocrx_word' id='word_1_100' title='bbox 391 977 536 1012; x_wconf 85' lang='lat' dir='ltr'>vinctos</span> <span class='ocrx_word' id='word_1_101' title='bbox 557 976 602 1012; x_wconf 88' lang='lat' dir='ltr'>ad</span> <span class='ocrx_word' id='word_1_102' title='bbox 623 989 662 1012; x_wconf 88' lang='lat' dir='ltr'>se</span> <span class='ocrx_word' id='word_1_103' title='bbox 682 976 814 1013; x_wconf 85' lang='lat' dir='ltr'>adduci</span> <span class='ocrx_word' id='word_1_104' title='bbox 828 976 957 1027; x_wconf 74' lang='lat' dir='ltr'>jubet,</span> <span class='ocrx_word' id='word_1_105' title='bbox 978 977 1120 1027; x_wconf 90' lang='lat' dir='ltr'>oppido</span> <span class='ocrx_word' id='word_1_106' title='bbox 1140 977 1237 1013; x_wconf 88' lang='lat' dir='ltr'>Cor-</span> <span class='ocrx_word' id='word_1_107' title='bbox 1250 957 1358 983; x_wconf 55' lang='lat' dir='ltr'>mmm</span> 
     </span>
     <span class='ocr_line' id='line_1_14' title="bbox 116 1039 1238 1090; baseline 0.001 -14"><span class='ocrx_word' id='word_1_108' title='bbox 116 1039 231 1076; x_wconf 88' lang='lat' dir='ltr'>bione</span> <span class='ocrx_word' id='word_1_109' title='bbox 259 1040 388 1077; x_wconf 86' lang='lat' dir='ltr'>decedi</span> <span class='ocrx_word' id='word_1_110' title='bbox 405 1057 416 1086; x_wconf 74' lang='lat'><em>3</em></span> <span class='ocrx_word' id='word_1_111' title='bbox 448 1041 643 1089; x_wconf 75' lang='lat' dir='ltr'>Sanguinis</span> <span class='ocrx_word' id='word_1_112' title='bbox 665 1053 702 1077; x_wconf 79' lang='lat' dir='ltr'>se</span> <span class='ocrx_word' id='word_1_113' title='bbox 720 1042 923 1089; x_wconf 80' lang='lat' dir='ltr'>AEquorum</span> <span class='ocrx_word' id='word_1_114' title='bbox 947 1054 1018 1077; x_wconf 81' lang='lat' dir='ltr'>non</span> <span class='ocrx_word' id='word_1_115' title='bbox 1038 1053 1136 1090; x_wconf 72' lang='lat' dir='ltr'>egere</span> <span class='ocrx_word' id='word_1_116' title='bbox 1152 1059 1163 1078; x_wconf 93' lang='lat'><em>:</em></span> <span class='ocrx_word' id='word_1_117' title='bbox 1192 1042 1238 1077; x_wconf 70' lang='lat' dir='ltr'>zi-</span> 
     </span>
     <span class='ocr_line' id='line_1_15' title="bbox 117 1105 1239 1165; baseline 0.001 -24"><span class='ocrx_word' id='word_1_118' title='bbox 117 1117 192 1141; x_wconf 85' lang='lat' dir='ltr'>cere</span> <span class='ocrx_word' id='word_1_119' title='bbox 216 1105 314 1141; x_wconf 74' lang='lat' dir='ltr'>abire</span> <span class='ocrx_word' id='word_1_120' title='bbox 329 1122 340 1142; x_wconf 83' lang='lat'>.·</span> <span class='ocrx_word' id='word_1_121' title='bbox 368 1107 442 1148; x_wconf 79' lang='lat' dir='ltr'>sed,</span> <span class='ocrx_word' id='word_1_122' title='bbox 465 1107 753 1165; x_wconf 33' lang='lat' dir='ltr'>utqexprimatur</span> <span class='ocrx_word' id='word_1_123' title='bbox 781 1107 925 1142; x_wconf 76' lang='lat' dir='ltr'>tandem</span> <span class='ocrx_word' id='word_1_124' title='bbox 950 1105 1132 1154; x_wconf 73' lang='lat' dir='ltr'>confessio,</span> <span class='ocrx_word' id='word_1_125' title='bbox 1157 1106 1239 1142; x_wconf 69' lang='lat' dir='ltr'>sub-</span> 
     </span>
     <span class='ocr_line' id='line_1_16' title="bbox 116 1169 1238 1218; baseline 0.002 -13"><span class='ocrx_word' id='word_1_126' title='bbox 116 1175 235 1206; x_wconf 81' lang='lat' dir='ltr'>actam</span> <span class='ocrx_word' id='word_1_127' title='bbox 269 1171 511 1218; x_wconf 80' lang='lat' dir='ltr'><em>domitamque</em></span> <span class='ocrx_word' id='word_1_128' title='bbox 542 1181 613 1206; x_wconf 79' lang='lat' dir='ltr'>esse</span> <span class='ocrx_word' id='word_1_129' title='bbox 641 1175 794 1218; x_wconf 73' lang='lat' dir='ltr'>gentem,</span> <span class='ocrx_word' id='word_1_130' title='bbox 825 1171 887 1206; x_wconf 83' lang='lat' dir='ltr'>sub</span> <span class='ocrx_word' id='word_1_131' title='bbox 907 1169 1039 1218; x_wconf 74' lang='lat' dir='ltr'>jugum</span> <span class='ocrx_word' id='word_1_132' title='bbox 1071 1170 1238 1208; x_wconf 77' lang='lat' dir='ltr'>abituros.</span> 
     </span>
     <span class='ocr_line' id='line_1_17' title="bbox 116 1233 1236 1284; baseline 0.001 -15"><span class='ocrx_word' id='word_1_133' title='bbox 116 1233 255 1269; x_wconf 84' lang='lat' dir='ltr'>Tribus</span> <span class='ocrx_word' id='word_1_134' title='bbox 283 1234 402 1270; x_wconf 86' lang='lat' dir='ltr'>hastis</span> <span class='ocrx_word' id='word_1_135' title='bbox 425 1233 564 1283; x_wconf 83' lang='lat' dir='ltr'>jugum</span> <span class='ocrx_word' id='word_1_136' title='bbox 593 1233 649 1277; x_wconf 86' lang='lat' dir='ltr'>fit,</span> <span class='ocrx_word' id='word_1_137' title='bbox 676 1235 780 1270; x_wconf 89' lang='lat' dir='ltr'>humi</span> <span class='ocrx_word' id='word_1_138' title='bbox 811 1234 894 1271; x_wconf 80' lang='lat' dir='ltr'>fixis</span> <span class='ocrx_word' id='word_1_139' title='bbox 925 1234 1084 1277; x_wconf 71' lang='lat' dir='ltr'>duabus,</span> <span class='ocrx_word' id='word_1_140' title='bbox 1105 1247 1236 1284; x_wconf 90' lang='lat' dir='ltr'>super-</span> 
     </span>
     <span class='ocr_line' id='line_1_18' title="bbox 116 1297 1239 1348; baseline 0.001 -15"><span class='ocrx_word' id='word_1_141' title='bbox 116 1309 188 1346; x_wconf 90' lang='lat' dir='ltr'>que</span> <span class='ocrx_word' id='word_1_142' title='bbox 208 1310 269 1333; x_wconf 85' lang='lat' dir='ltr'>eas</span> <span class='ocrx_word' id='word_1_143' title='bbox 290 1305 503 1333; x_wconf 82' lang='lat' dir='ltr'>transversa</span> <span class='ocrx_word' id='word_1_144' title='bbox 523 1310 597 1333; x_wconf 83' lang='lat' dir='ltr'>una</span> <span class='ocrx_word' id='word_1_145' title='bbox 617 1297 802 1347; x_wconf 83' lang='lat' dir='ltr'>deligata:</span> <span class='ocrx_word' id='word_1_146' title='bbox 835 1297 906 1335; x_wconf 87' lang='lat' dir='ltr'>sub</span> <span class='ocrx_word' id='word_1_147' title='bbox 935 1298 1009 1334; x_wconf 89' lang='lat' dir='ltr'>hoc</span> <span class='ocrx_word' id='word_1_148' title='bbox 1031 1297 1130 1348; x_wconf 75' lang='lat' dir='ltr'>jugo</span> <span class='ocrx_word' id='word_1_149' title='bbox 1159 1298 1239 1334; x_wconf 85' lang='lat' dir='ltr'>dic-</span> 
     </span>
     <span class='ocr_line' id='line_1_19' title="bbox 118 1361 525 1409; baseline 0 -12"><span class='ocrx_word' id='word_1_150' title='bbox 118 1366 221 1398; x_wconf 83' lang='lat' dir='ltr'>tator</span> <span class='ocrx_word' id='word_1_151' title='bbox 239 1361 390 1409; x_wconf 87' lang='lat' dir='ltr'>AEquos</span> <span class='ocrx_word' id='word_1_152' title='bbox 409 1362 525 1398; x_wconf 86' lang='lat' dir='ltr'><strong>misit.</strong></span> 
     </span>
    </p>

    <p class='ocr_par' dir='ltr' id='par_1_10' title="bbox 112 1425 1253 2374">
     <span class='ocr_line' id='line_1_20' title="bbox 169 1425 1240 1476; baseline -0.001 -13"><span class='ocrx_word' id='word_1_153' title='bbox 169 1425 327 1464; x_wconf 83' lang='lat' dir='ltr'>XXIX.</span> <span class='ocrx_word' id='word_1_154' title='bbox 359 1426 502 1462; x_wconf 85' lang='lat' dir='ltr'>Castris</span> <span class='ocrx_word' id='word_1_155' title='bbox 522 1426 692 1462; x_wconf 90' lang='lat' dir='ltr'>hostium</span> <span class='ocrx_word' id='word_1_156' title='bbox 719 1426 896 1476; x_wconf 81' lang='lat' dir='ltr'>receptis,</span> <span class='ocrx_word' id='word_1_157' title='bbox 916 1425 1038 1475; x_wconf 86' lang='lat' dir='ltr'>plenis</span> <span class='ocrx_word' id='word_1_158' title='bbox 1067 1425 1240 1462; x_wconf 78' lang='lat' dir='ltr'>omnium</span> 
     </span>
     <span class='ocr_line' id='line_1_21' title="bbox 115 1489 1239 1539; baseline -0.002 -12"><span class='ocrx_word' id='word_1_159' title='bbox 115 1503 254 1533; x_wconf 85' lang='lat' dir='ltr'>rerum,</span> <span class='ocrx_word' id='word_1_160' title='bbox 279 1491 416 1539; x_wconf 90' lang='lat' dir='ltr'>(nudos</span> <span class='ocrx_word' id='word_1_161' title='bbox 437 1491 538 1527; x_wconf 88' lang='lat' dir='ltr'>enim</span> <span class='ocrx_word' id='word_1_162' title='bbox 564 1489 757 1538; x_wconf 80' lang='lat' dir='ltr'>emiserat)</span> <span class='ocrx_word' id='word_1_163' title='bbox 789 1490 956 1539; x_wconf 82' lang='lat' dir='ltr'>praedam</span> <span class='ocrx_word' id='word_1_164' title='bbox 988 1502 1139 1526; x_wconf 86' lang='lat' dir='ltr'>omnem</span> <span class='ocrx_word' id='word_1_165' title='bbox 1167 1502 1239 1525; x_wconf 83' lang='lat' dir='ltr'>suo</span> 
     </span>
     <span class='ocr_line' id='line_1_22' title="bbox 114 1545 1234 1604; baseline -0.002 -13"><span class='ocrx_word' id='word_1_166' title='bbox 114 1560 264 1592; x_wconf 88' lang='lat' dir='ltr'>tantum</span> <span class='ocrx_word' id='word_1_167' title='bbox 294 1555 405 1591; x_wconf 82' lang='lat' dir='ltr'>militi</span> <span class='ocrx_word' id='word_1_168' title='bbox 425 1545 553 1592; x_wconf 64' lang='lat' dir='ltr'>dedit‘:</span> <span class='ocrx_word' id='word_1_169' title='bbox 586 1554 823 1591; x_wconf 87' lang='lat' dir='ltr'>consularem</span> <span class='ocrx_word' id='word_1_170' title='bbox 853 1556 1061 1594; x_wconf 83' lang='lat' dir='ltr'>exercitum</span> <span class='ocrx_word' id='word_1_171' title='bbox 1089 1555 1234 1604; x_wconf 79' lang='lat' dir='ltr'>ipsum-</span> 
     </span>
     <span class='ocr_line' id='line_1_23' title="bbox 115 1616 1253 1670; baseline 0.001 -15"><span class='ocrx_word' id='word_1_172' title='bbox 115 1632 188 1668; x_wconf 88' lang='lat' dir='ltr'>que</span> <span class='ocrx_word' id='word_1_173' title='bbox 208 1619 400 1655; x_wconf 85' lang='lat' dir='ltr'>consulem</span> <span class='ocrx_word' id='word_1_174' title='bbox 418 1620 630 1670; x_wconf 85' lang='lat' dir='ltr'>increpans,</span> <span class='ocrx_word' id='word_1_175' title='bbox 650 1619 803 1662; x_wconf 76' lang='lat' dir='ltr'>Carebis,</span> <span class='ocrx_word' id='word_1_176' title='bbox 821 1619 957 1667; x_wconf 82' lang='lat' dir='ltr'>inquit,</span> <span class='ocrx_word' id='word_1_177' title='bbox 969 1621 1102 1667; x_wconf 44' lang='lat' dir='ltr'>prtsdae</span> <span class='ocrx_word' id='word_1_178' title='bbox 1116 1616 1253 1668; x_wconf 41' lang='lat' dir='ltr'>parte(</span> 
     </span>
     <span class='ocr_line' id='line_1_24' title="bbox 116 1682 1238 1731; baseline 0.002 -12"><span class='ocrx_word' id='word_1_179' title='bbox 116 1684 229 1725; x_wconf 79' lang='lat' dir='ltr'>miles,</span> <span class='ocrx_word' id='word_1_180' title='bbox 249 1695 291 1719; x_wconf 72' lang='lat' dir='ltr'>ex</span> <span class='ocrx_word' id='word_1_181' title='bbox 318 1695 357 1719; x_wconf 86' lang='lat' dir='ltr'>eo</span> <span class='ocrx_word' id='word_1_182' title='bbox 387 1683 496 1726; x_wconf 78' lang='lat' dir='ltr'>hoste,</span> <span class='ocrx_word' id='word_1_183' title='bbox 521 1685 576 1719; x_wconf 77' lang='lat' dir='ltr'>cui</span> <span class='ocrx_word' id='word_1_184' title='bbox 601 1694 715 1731; x_wconf 82' lang='lat' dir='ltr'>prope</span> <span class='ocrx_word' id='word_1_185' title='bbox 738 1684 872 1731; x_wconf 81' lang='lat' dir='ltr'>praedae</span> <span class='ocrx_word' id='word_1_186' title='bbox 888 1682 1028 1731; x_wconf 69' lang='lat' dir='ltr'>fuisti:</span> <span class='ocrx_word' id='word_1_187' title='bbox 1063 1688 1098 1719; x_wconf 77' lang='lat' dir='ltr'>et</span> <span class='ocrx_word' id='word_1_188' title='bbox 1120 1689 1170 1726; x_wconf 80' lang='lat' dir='ltr'>tu,</span> <span class='ocrx_word' id='word_1_189' title='bbox 1192 1684 1238 1721; x_wconf 85' lang='lat' dir='ltr'>L.</span> 
     </span>
     <span class='ocr_line' id='line_1_25' title="bbox 117 1748 1240 1796; baseline 0.001 -12"><span class='ocrx_word' id='word_1_190' title='bbox 117 1748 270 1790; x_wconf 69' lang='lat' dir='ltr'>Minuci,</span> <span class='ocrx_word' id='word_1_191' title='bbox 291 1749 401 1784; x_wconf 78' lang='lat' dir='ltr'>donec</span> <span class='ocrx_word' id='word_1_192' title='bbox 418 1749 636 1785; x_wconf 80' lang='lat' dir='ltr'>consularem</span> <span class='ocrx_word' id='word_1_193' title='bbox 662 1750 824 1784; x_wconf 70' lang='lat' dir='ltr'>animum</span> <span class='ocrx_word' id='word_1_194' title='bbox 848 1749 999 1796; x_wconf 71' lang='lat' dir='ltr'>incipias</span> <span class='ocrx_word' id='word_1_195' title='bbox 1022 1748 1161 1791; x_wconf 77' lang='lat' dir='ltr'>habere,</span> <span class='ocrx_word' id='word_1_196' title='bbox 1188 1749 1240 1785; x_wconf 84' lang='lat' dir='ltr'>le·</span> 
     </span>
     <span class='ocr_line' id='line_1_26' title="bbox 114 1812 1241 1861; baseline 0.002 -13"><span class='ocrx_word' id='word_1_197' title='bbox 114 1817 220 1860; x_wconf 75' lang='lat' dir='ltr'>gatus</span> <span class='ocrx_word' id='word_1_198' title='bbox 249 1813 301 1848; x_wconf 77' lang='lat' dir='ltr'>his</span> <span class='ocrx_word' id='word_1_199' title='bbox 330 1813 519 1860; x_wconf 73' lang='lat' dir='ltr'>legionibus</span> <span class='ocrx_word' id='word_1_200' title='bbox 542 1814 697 1861; x_wconf 76' lang='lat' dir='ltr'>prceeris.</span> <span class='ocrx_word' id='word_1_201' title='bbox 755 1812 818 1848; x_wconf 84' lang='lat' dir='ltr'>Ita</span> <span class='ocrx_word' id='word_1_202' title='bbox 842 1825 884 1848; x_wconf 89' lang='lat' dir='ltr'>se</span> <span class='ocrx_word' id='word_1_203' title='bbox 906 1812 1100 1849; x_wconf 86' lang='lat' dir='ltr'>Minucius</span> <span class='ocrx_word' id='word_1_204' title='bbox 1131 1813 1241 1850; x_wconf 85' lang='lat' dir='ltr'>abdi-</span> 
     </span>
     <span class='ocr_line' id='line_1_27' title="bbox 112 1876 1241 1926; baseline 0.003 -14"><span class='ocrx_word' id='word_1_205' title='bbox 112 1881 178 1913; x_wconf 65' lang='lat' dir='ltr'>,cat</span> <span class='ocrx_word' id='word_1_206' title='bbox 199 1876 411 1919; x_wconf 72' lang='lat' dir='ltr'>consulatu,</span> <span class='ocrx_word' id='word_1_207' title='bbox 430 1876 634 1926; x_wconf 84' lang='lat' dir='ltr'>jussusque</span> <span class='ocrx_word' id='word_1_208' title='bbox 660 1877 708 1912; x_wconf 88' lang='lat' dir='ltr'>ad</span> <span class='ocrx_word' id='word_1_209' title='bbox 730 1877 939 1914; x_wconf 73' lang='lat' dir='ltr'>exercitum</span> <span class='ocrx_word' id='word_1_210' title='bbox 967 1884 1108 1913; x_wconf 85' lang='lat' dir='ltr'>manet.</span> <span class='ocrx_word' id='word_1_211' title='bbox 1165 1877 1241 1915; x_wconf 80' lang='lat' dir='ltr'>Sed</span> 
     </span>
     <span class='ocr_line' id='line_1_28' title="bbox 119 1940 1239 1990; baseline 0.001 -14"><span class='ocrx_word' id='word_1_212' title='bbox 119 1940 212 1976; x_wconf 86' lang='lat' dir='ltr'>adeo</span> <span class='ocrx_word' id='word_1_213' title='bbox 248 1946 331 1976; x_wconf 87' lang='lat' dir='ltr'>tum</span> <span class='ocrx_word' id='word_1_214' title='bbox 363 1940 522 1990; x_wconf 90' lang='lat' dir='ltr'>imperio</span> <span class='ocrx_word' id='word_1_215' title='bbox 555 1940 703 1976; x_wconf 87' lang='lat' dir='ltr'>meliori</span> <span class='ocrx_word' id='word_1_216' title='bbox 736 1941 883 1976; x_wconf 87' lang='lat' dir='ltr'>animus</span> <span class='ocrx_word' id='word_1_217' title='bbox 915 1947 1113 1977; x_wconf 74' lang='lat' dir='ltr'>mansuete</span> <span class='ocrx_word' id='word_1_218' title='bbox 1146 1941 1239 1977; x_wconf 86' lang='lat' dir='ltr'>obe-</span> 
     </span>
     <span class='ocr_line' id='line_1_29' title="bbox 118 2003 1238 2052; baseline 0.002 -13"><span class='ocrx_word' id='word_1_219' title='bbox 118 2003 222 2040; x_wconf 85' lang='lat' dir='ltr'>diens</span> <span class='ocrx_word' id='word_1_220' title='bbox 241 2009 336 2046; x_wconf 87' lang='lat' dir='ltr'>erat,</span> <span class='ocrx_word' id='word_1_221' title='bbox 358 2009 400 2039; x_wconf 84' lang='lat' dir='ltr'>ut</span> <span class='ocrx_word' id='word_1_222' title='bbox 422 2003 597 2039; x_wconf 88' lang='lat' dir='ltr'>beneficii</span> <span class='ocrx_word' id='word_1_223' title='bbox 619 2003 754 2052; x_wconf 83' lang='lat' dir='ltr'>magis,</span> <span class='ocrx_word' id='word_1_224' title='bbox 776 2016 888 2052; x_wconf 85' lang='lat' dir='ltr'>quam</span> <span class='ocrx_word' id='word_1_225' title='bbox 914 2004 1148 2052; x_wconf 79' lang='lat' dir='ltr'>ignominiae,</span> <span class='ocrx_word' id='word_1_226' title='bbox 1175 2004 1238 2041; x_wconf 86' lang='lat' dir='ltr'>hic</span> 
     </span>
     <span class='ocr_line' id='line_1_30' title="bbox 117 2067 1237 2110; baseline 0.001 -8"><span class='ocrx_word' id='word_1_227' title='bbox 117 2067 304 2103; x_wconf 83' lang='lat' dir='ltr'>exercitus</span> <span class='ocrx_word' id='word_1_228' title='bbox 331 2079 492 2110; x_wconf 83' lang='lat' dir='ltr'>memor,</span> <span class='ocrx_word' id='word_1_229' title='bbox 522 2073 558 2102; x_wconf 84' lang='lat' dir='ltr'>et</span> <span class='ocrx_word' id='word_1_230' title='bbox 589 2079 772 2103; x_wconf 84' lang='lat' dir='ltr'>coronam</span> <span class='ocrx_word' id='word_1_231' title='bbox 800 2079 951 2103; x_wconf 78' lang='lat' dir='ltr'>auream</span> <span class='ocrx_word' id='word_1_232' title='bbox 982 2067 1158 2103; x_wconf 78' lang='lat' dir='ltr'>dictatori</span> <span class='ocrx_word' id='word_1_233' title='bbox 1189 2067 1237 2104; x_wconf 79' lang='lat' dir='ltr'>li-</span> 
     </span>
     <span class='ocr_line' id='line_1_31' title="bbox 115 2129 1236 2181; baseline 0 -14"><span class='ocrx_word' id='word_1_234' title='bbox 115 2129 224 2167; x_wconf 82' lang='lat' dir='ltr'>bram</span> <span class='ocrx_word' id='word_1_235' title='bbox 251 2131 380 2180; x_wconf 88' lang='lat' dir='ltr'>pondo</span> <span class='ocrx_word' id='word_1_236' title='bbox 402 2131 629 2174; x_wconf 76' lang='lat' dir='ltr'>decreverit,</span> <span class='ocrx_word' id='word_1_237' title='bbox 659 2137 696 2167; x_wconf 87' lang='lat' dir='ltr'>et</span> <span class='ocrx_word' id='word_1_238' title='bbox 724 2130 1028 2180; x_wconf 81' lang='lat' dir='ltr'>proficiscentem</span> <span class='ocrx_word' id='word_1_239' title='bbox 1057 2143 1140 2166; x_wconf 79' lang='lat' dir='ltr'>eum</span> <span class='ocrx_word' id='word_1_240' title='bbox 1168 2143 1236 2181; x_wconf 89' lang='lat' dir='ltr'>pa—</span> 
     </span>
     <span class='ocr_line' id='line_1_32' title="bbox 119 2182 1241 2243; baseline 0.001 -13"><span class='ocrx_word' id='word_1_241' title='bbox 119 2199 274 2230; x_wconf 85' lang='lat' dir='ltr'>tronum</span> <span class='ocrx_word' id='word_1_242' title='bbox 289 2182 522 2231; x_wconf 79' lang='lat' dir='ltr'>salutaverit.</span> <span class='ocrx_word' id='word_1_243' title='bbox 563 2194 699 2230; x_wconf 83' lang='lat' dir='ltr'>Romae</span> <span class='ocrx_word' id='word_1_244' title='bbox 720 2207 742 2230; x_wconf 89' lang='lat' dir='ltr'>a</span> <span class='ocrx_word' id='word_1_245' title='bbox 760 2195 809 2234; x_wconf 86' lang='lat' dir='ltr'>Q.</span> <span class='ocrx_word' id='word_1_246' title='bbox 829 2194 951 2231; x_wconf 84' lang='lat' dir='ltr'>Fabio</span> <span class='ocrx_word' id='word_1_247' title='bbox 970 2193 1152 2243; x_wconf 84' lang='lat' dir='ltr'>praefecto</span> <span class='ocrx_word' id='word_1_248' title='bbox 1172 2207 1241 2231; x_wconf 85' lang='lat' dir='ltr'>ur-</span> 
     </span>
     <span class='ocr_line' id='line_1_33' title="bbox 119 2257 1239 2309; baseline 0.002 -15"><span class='ocrx_word' id='word_1_249' title='bbox 119 2257 177 2293; x_wconf 86' lang='lat' dir='ltr'>bis</span> <span class='ocrx_word' id='word_1_250' title='bbox 208 2265 359 2294; x_wconf 80' lang='lat' dir='ltr'>senatus</span> <span class='ocrx_word' id='word_1_251' title='bbox 387 2259 538 2295; x_wconf 90' lang='lat' dir='ltr'>habitus</span> <span class='ocrx_word' id='word_1_252' title='bbox 568 2259 866 2308; x_wconf 83' lang='lat' dir='ltr'>triumphantem</span> <span class='ocrx_word' id='word_1_253' title='bbox 895 2259 1133 2302; x_wconf 76' lang='lat' dir='ltr'>Quinctium,</span> <span class='ocrx_word' id='word_1_254' title='bbox 1160 2271 1239 2309; x_wconf 88' lang='lat' dir='ltr'>quo</span> 
     </span>
     <span class='ocr_line' id='line_1_34' title="bbox 119 2321 1237 2374; baseline 0.003 -16"><span class='ocrx_word' id='word_1_255' title='bbox 119 2321 296 2362; x_wconf 76' lang='lat' dir='ltr'>veniebat</span> <span class='ocrx_word' id='word_1_256' title='bbox 323 2323 488 2372; x_wconf 82' lang='lat' dir='ltr'>agmine,</span> <span class='ocrx_word' id='word_1_257' title='bbox 517 2322 649 2360; x_wconf 82' lang='lat' dir='ltr'>urbem</span> <span class='ocrx_word' id='word_1_258' title='bbox 676 2324 822 2374; x_wconf 80' lang='lat' dir='ltr'>ingredi</span> <span class='ocrx_word' id='word_1_259' title='bbox 844 2322 983 2374; x_wconf 86' lang='lat' dir='ltr'>jussit:</span> <span class='ocrx_word' id='word_1_260' title='bbox 1017 2323 1119 2361; x_wconf 83' lang='lat' dir='ltr'>ducti</span> <span class='ocrx_word' id='word_1_261' title='bbox 1147 2328 1237 2362; x_wconf 74' lang='lat' dir='ltr'>ante</span> 
     </span>
    </p>
   </div>
  </div>
 </body>
</html>
