1573 2598
341 94 424 149 578
792 103 848 132 τ.
871 103 1004 133 mvn

149 201 191 232 U.
203 200 240 231 C.
256 206 330 232 430.
343 194 427 230 dam
431 192 566 242 fuerit,
592 204 674 229 num
700 203 742 228 ea
764 193 935 240 magister
958 192 1117 243 equitum
1140 192 1276 230 solutus
1298 205 1341 231 ac
1359 194 1448 232 liber

146 245 188 275 Α·
202 243 239 275 C·
255 250 330 276 3²²·
336 259 496 306 potuerit
512 257 613 292 esse?
644 256 718 291 Sed
741 256 829 303 quid
853 267 916 303 ego
941 255 1015 291 haec
1038 257 1250 304 interrogo?
1276 270 1396 305 quum,
1415 259 1448 295 si.

338 333 403 368 ego
424 322 554 356 tacitus
572 319 730 362 abissem,
752 323 871 355 tamen
890 319 953 355 tibi
976 319 1024 355 ad
1047 319 1242 356 voluntatis
1268 322 1444 370 interpre-

339 386 512 420 tationem
528 395 614 420 meoe
633 384 819 430 dirigenda
844 387 906 418 tua
922 385 1096 420 sententia
1102 383 1235 432 suerit.
1292 385 1387 426 Quin
1407 390 1447 421 tu

338 449 539 496 responde&
569 449 800 489 vetuerimne,
831 452 865 483 te
892 448 1086 495 quidquam
1113 449 1178 490 rei,
1207 459 1263 484 me
1290 449 1444 492 absente,

339 513 478 559 agere?
503 511 855 558 vetuerimnessigna
879 521 959 546 cum
985 510 1139 546 hostibus
1163 509 1351 558 conferre?
1376 523 1446 560 quo

340 579 380 610 tu
398 576 547 622 imperio
570 585 647 610 meo
667 578 800 621 spreto,
822 574 963 609 incertis
987 574 1167 620 auspiciis,
1190 573 1338 610 turbatis
1359 575 1446 611 reli-

334 637 510 684 gionibus,
531 638 696 673 adversus
709 648 842 672 morem
857 636 1049 672 militarem
1061 637 1354 685 disciplinamque
1366 649 1446 674 ma·

328 699 452 751 joram
471 704 506 736 et
521 711 651 736 numen
669 700 848 741 Deorum,
865 711 971 735 ausus
989 711 1024 735 es
1042 711 1122 735 cum
1136 699 1234 735 hoste
1251 701 1446 749 coafligere.

336 764 398 800 Ad
415 763 500 805 haec,
514 775 590 811 quae
607 764 847 809 interrogatus
864 774 911 805 es,
930 763 1123 810 responde.-
1152 767 1251 799 extra
1270 775 1326 804 ea,
1347 775 1444 807 cave,

335 837 456 863 vocem
472 827 606 861 mittas.
653 825 805 866 Accede,
826 825 942 860 lictor.
987 824 1176 864 Adversus
1195 836 1277 872 quae
1297 825 1445 874 singula

336 900 452 938 quum
471 887 697 937 respondere
715 887 816 923 haud
831 886 943 923 facile
962 892 1075 929 esset,
1095 892 1134 923 et
1151 900 1252 923 nunc
1271 900 1445 937 querere·

335 938 412 994 tur,
429 951 600 987 eumdem
616 956 874 987 accusatorem
887 950 1020 1000 capitis
1036 950 1093 986 sui
1109 962 1152 986 ac
1160 948 1328 999 judicem
1339 964 1419 990 esse
1428 968 1440 999 ς

336 1013 465 1057 modo,
487 1015 603 1051 vitam
631 1013 703 1051 sibi
729 1014 821 1063 eripi
848 1014 973 1056 citius,
994 1025 1108 1062 quam
1133 1012 1294 1061 gloriam
1317 1027 1443 1052 rerum

339 1084 543 1126 gestarum,
569 1089 695 1128 posse,
725 1076 1019 1122 vociferaretur3
1054 1083 1307 1126 purgaretque
1339 1089 1379 1114 se
1405 1078 1447 1116 in

123 1167 235 1203 virgas
251 1169 282 1193 et
339 1142 474 1185 vicem,
495 1149 608 1191 atque
631 1142 732 1179 ultro
751 1147 964 1179 accusaret:
995 1147 1088 1178 tunc
1113 1141 1301 1192 Papirius,
1321 1142 1454 1179 redine

125 1217 250 1240 secures
264 1215 318 1236 ex·
341 1212 490 1254 tegrata
517 1206 586 1249 ira,
611 1205 764 1256 spoliari
796 1205 1018 1255 magistrum
1047 1205 1230 1254 equitum,
1251 1217 1294 1242 ac
1323 1206 1447 1254 virgas

123 1249 328 1324 {gffi‘ipssius
340 1276 379 1305 et
411 1280 558 1305 secures
590 1268 755 1319 expediri
781 1268 910 1318 jussit.
964 1267 1120 1312 Fabius,
1145 1269 1256 1306 fidem
1284 1268 1450 1306 militum

125 1346 158 1366 se
172 1332 548 1384 rec1p1tad1nplorans,
578 1333 830 1370 lacerantibus
859 1339 1004 1369 vestem
1032 1332 1246 1377 lictoribus,
1275 1333 1323 1370 ad
1354 1333 1448 1370 tria-

123 1379 255 1409 “⁴³¹³OE
339 1397 429 1440 rios,
449 1396 684 1434 tumultum'
667 1410 751 1446 Jam
769 1397 808 1433 in
829 1397 1014 1434 concione
1039 1397 1255 1441 miscentes,
1278 1409 1360 1434 sese
1388 1409 1449 1434 re·

338 1461 450 1511 cepit.
506 1460 600 1497 Inde
619 1459 761 1496 clamor
786 1462 826 1497 in
852 1466 973 1497 totam
993 1462 1217 1498 concionem
1242 1467 1299 1498 est
1324 1459 1448 1512 perla-

338 1530 398 1560 tus
414 1539 421 1560 :
455 1523 544 1560 alibi
560 1535 703 1574 preces,
720 1523 811 1560 alibi
826 1523 938 1560 minae
957 1523 1230 1561 audiebantur:
1253 1524 1316 1572 qui
1332 1536 1448 1574 prox-

338 1587 403 1624 imi
419 1586 519 1624 forte
537 1586 705 1623 tribunal
724 1592 922 1630 steterant,
943 1587 1032 1636 quia
1051 1585 1213 1637 subjecti
1237 1586 1355 1624 oculis
1375 1587 1449 1624 im·

338 1651 523 1702 perator-is
555 1651 736 1687 noscitari
768 1656 960 1700 poterant,
991 1650 1169 1694 orabant,
1203 1655 1245 1688 ut
1276 1656 1449 1701 parceret

339 1715 524 1764 magistro
543 1714 728 1763 equitum,
747 1727 822 1751 neu
841 1727 927 1751 cum
946 1727 992 1752 eo
1015 1715 1222 1752 exercitum
1241 1713 1449 1751 damnaret.

339 1778 524 1816 Extrema
542 1778 677 1815 concio
697 1784 736 1815 et
753 1779 854 1815 circa
870 1778 1033 1816 Fabium
1048 1778 1184 1827 globus
1199 1777 1447 1829 increpabant

339 1841 605 1879 inclementem
625 1842 872 1879 dictatorem:
904 1855 974 1880 nec
996 1842 1129 1893 procul
1148 1842 1333 1880 seditione
1357 1840 1448 1878 abe-

339 1911 446 1942 rant:
467 1918 516 1942 ne
535 1905 703 1943 tribunal
722 1906 871 1956 quidem
891 1906 982 1942 satis
1001 1906 1170 1956 quietum
1186 1912 1278 1943 erat.
1308 1903 1450 1954 Legati

340 1969 627 2006 circumstantes
653 1968 784 2006 sellam
809 1968 986 2012 orabant,
1007 1976 1049 2006 ut
1078 1982 1157 2006 rem
1183 1969 1223 2006 in
1254 1975 1448 2018 posterum

340 2033 439 2069 diem
458 2032 636 2076 differret,
657 2038 694 2069 et
719 2033 783 2070 irae
811 2044 887 2070 suoe
917 2033 1094 2083 spatium,
1115 2039 1153 2069 et
1172 2031 1332 2069 consilio
1350 2037 1447 2068 tem-

338 2107 406 2145 pus
427 2096 555 2133 daret.
589 2096 689 2132 Satis
710 2097 924 2144 castigatura
943 2097 1217 2133 adolescentiam
1237 2094 1426 2131 Fabiiesse

336 2161 425 2195 satis
456 2158 697 2207 deformatam
725 2160 936 2197 victoriam.-
964 2171 1008 2196 ne
1040 2159 1089 2196 ad
1120 2163 1314 2195 extremum
1333 2157 1450 2207 finem

337 2222 505 2272 supplicia
532 2223 712 2262 tenderet:
739 2234 808 2260 neu
836 2224 940 2260 unico
969 2221 1105 2270 juveni,
1135 2233 1203 2260 neu
1230 2221 1333 2271 patri
1360 2218 1449 2269 ejus,
