1573 2598
303 166 357 207 86
615 177 847 206 ΕΡῙΤΟΜΕ
872 176 1015 206 L113R1
1043 174 1101 204 11.

298 254 370 301 {ius
396 267 511 314 regis:
539 278 686 315 quorum
714 267 948 302 admiratione
971 269 1113 301 coactus
1131 263 1288 299 Porsena
1310 261 1412 309 pacis

301 329 514 365 conditiones
529 328 646 378 ferre,
669 328 797 365 bellum
821 330 950 371 omisit,
973 328 1126 375 acceptis
1152 324 1344 361 obsidibus:
1372 335 1415 360 ex

301 391 424 438 quibus
451 394 549 440 virgo
576 405 649 429 una
677 392 812 435 Cloelia,
843 393 994 440 deceptis
1022 389 1230 431 custodibus,
1256 399 1322 436 per
1352 386 1414 422 Ti-

301 457 409 494 berim
427 460 474 495 ad
494 471 576 495 suos
602 460 782 494 tranavit:
810 462 857 500 et,
878 469 985 505 quum
1003 457 1143 492 reddita
1161 457 1259 495 esset,
1280 464 1303 487 a
1322 451 1416 488 Por-

301 534 384 558 sena
419 523 604 573 honorifice
638 525 794 566 remissa,
832 524 982 571 equestri
1021 527 1144 558 statua
1186 521 1320 556 donata
1354 523 1418 556 est.

301 589 374 636 Ap.
404 587 576 624 Claudius
602 601 644 625 ex
672 589 811 625 Sabinis
839 587 992 624 Romam
1029 587 1249 636 transfugit:
1284 586 1325 622 ob
1353 585 1419 639 hoc

306 652 460 689 Claudia
479 654 588 689 tribus
605 652 743 700 adjecta
765 659 826 690 est.
882 654 1060 690 Numerus
1086 654 1239 690 tribuum
1264 653 1419 701 amplia-

305 719 362 750 tus
388 720 452 758 est,
482 721 523 751 ut
549 721 659 752 essent
685 718 812 764 viginti
842 728 925 753 una.
981 718 1158 753 Adversus
1188 717 1421 763 Tarquinium

305 780 516 829 Superbum,
537 795 616 818 cum
635 783 848 819 Lati-norum
869 785 1021 820 exercitu
1043 784 1172 819 bellum
1201 781 1420 831 inferentem,

304 843 351 877 A.
374 843 577 880 Postumius
605 845 758 881 dictator
782 857 949 893 prospere
976 848 1151 894 pugnavit
1179 846 1277 893 apud
1305 845 1422 880 lacum

303 909 499 958 Regillum.
556 912 673 954 Plebs,
698 924 805 959 quum
829 916 978 959 propter
998 924 1101 948 nemos
1128 912 1168 947 ob
1196 923 1242 946 aes
1269 910 1424 946 alienum

303 972 341 1007 in
362 972 515 1009 Sacrum
532 978 684 1009 montem
701 975 900 1016 secessisset,
921 975 1063 1010 consilio
1081 974 1238 1010 M'enenii
1253 974 1425 1021 Agrippae

302 1051 327 1073 a
355 1040 524 1074 seditione
546 1043 712 1074 revocata
739 1043 800 1073 est.
857 1039 957 1074 Idem
973 1039 1152 1086 Agrippa,
1180 1049 1286 1086 quum
1309 1038 1424 1073 deces-

304 1105 414 1147 sisset,
439 1109 587 1152 propter
606 1107 858 1152 paupertatem
876 1103 1018 1151 publico
1046 1103 1209 1150 inpendio
1231 1102 1350 1138 elatus
1363 1105 1426 1139 est.

302 1169 459 1205 'Tribuni
482 1169 595 1217 plebis
622 1170 774 1217 quinque
799 1170 906 1205 creati
931 1174 1023 1205 sunt.
1081 1169 1261 1217 Oppidum
1284 1169 1424 1206 Volsco-

302 1245 385 1272 rum
409 1235 540 1271 Corioli
559 1238 703 1282 captum
723 1239 774 1270 est
798 1236 928 1270 virtute
952 1239 986 1270 et
1011 1246 1118 1282 opera
1138 1235 1176 1270 C.
1197 1235 1344 1278 Marcii,
1365 1236 1427 1284 qui

307 1300 349 1335 ob
386 1300 450 1336 hoc
481 1299 687 1336 Coriolanus
721 1304 865 1335 vocatus
900 1305 961 1336 est.
1024 1301 1077 1337 Ti.
1105 1302 1261 1345 Atinius,
1294 1303 1349 1338 vir
1386 1300 1429 1337 de

302 1362 419 1410 plebe,
446 1373 555 1410 quum
576 1363 614 1397 in
641 1363 717 1398 visu
744 1363 945 1398 admonitus
969 1368 1067 1406 esset,
1089 1369 1131 1399 ut
1155 1365 1197 1400 de
1221 1364 1428 1411 quibusdam

308 1428 534 1475 religionibus
559 1429 606 1464 ad
622 1432 782 1464 senatum
803 1427 991 1476 perferret,
1012 1433 1047 1464 et
1064 1430 1280 1476 neglexisset,
1301 1430 1428 1465 amisso

298 1491 397 1540 filio,
420 1491 541 1527 debilis
554 1490 696 1540 factuS,
720 1495 921 1539 postquam,
946 1492 1084 1528 delatus
1108 1493 1156 1527 ad
1179 1496 1339 1528 senatum
1359 1492 1428 1527 lec-

307 1559 396 1600 tica,
423 1559 545 1594 eadem
570 1558 635 1593 illa
663 1558 894 1599 indicaverat,
925 1569 989 1592 usu
1018 1558 1151 1604 pedum
1179 1561 1332 1604 receptO,
1365 1557 1429 1591 do-

309 1631 408 1655 mum
435 1629 589 1653 reversus
615 1623 677 1655 est.
736 1620 853 1660 Quum
879 1619 916 1655 C.
938 1620 1098 1656 Marcius
1119 1619 1340 1660 Coriolanus,
1371 1619 1432 1666 qui

302 1682 347 1716 'in
375 1681 537 1716 exsilium
565 1686 643 1717 erat
666 1682 803 1730 pulsus,
834 1683 906 1718 dux
939 1682 1139 1717 Volscorum
1161 1679 1303 1729 factus,
1333 1691 1431 1716 exer-

313 1750 423 1784 citum
442 1747 593 1782 hostium
612 1747 689 1783 urbi
709 1747 832 1783 Romae
859 1748 1079 1789 admovisset,
1100 1750 1134 1782 et
1160 1746 1256 1781 missi
1279 1745 1327 1781 ad
1354 1756 1434 1780 eum

310 1810 468 1857 primum
497 1810 619 1857 legati,
646 1814 769 1858 postea
792 1811 986 1845 sacerdotes
1003 1808 1150 1857 frustra
1178 1809 1357 1856 deprecati
1381 1819 1433 1844 es-

290 1862 402 1918 Tsent,
422 1887 466 1910 ne
486 1875 615 1910 bellum
639 1876 767 1922 patriae
789 1874 937 1923 inferret
951 1891 964 1918 ,-
999 1874 1143 1909 Veturia
1170 1877 1284 1908 mater
1308 1877 1342 1908 et
1365 1871 1434 1908 Vo-

301 1938 452 1974 lumnia
479 1949 568 1973 uxor
595 1938 861 1985 inpetraverunt
889 1937 931 1972 ab
960 1948 1012 1978 eo,
1041 1941 1084 1971 ut
1117 1935 1302 1970 recederet.
1360 1934 1437 1970 Lex

303 2005 462 2051 'agraria
486 2005 644 2051 primum
674 2003 751 2038 lata
777 2007 840 2038 est.
897 2002 960 2049 Sp.
983 2001 1122 2037 Cassius
1143 2000 1334 2036 consularis
1354 2011 1436 2048 reg-

304 2069 352 2102 ἠἱ
376 2066 519 2102 crimine
545 2066 733 2101 damnatus
751 2069 800 2101 est
817 2068 1038 2112 necat-usque.
1097 2064 1228 2111 Oppia,
1248 2063 1346 2109 virgo
1370 2062 1437 2098 Ve-

307 2131 430 2172 stalis,
455 2130 495 2166 ob
523 2131 690 2166 incestum
713 2130 792 2166 viva
815 2128 952 2178 defossa
974 2134 1034 2165 est.
1093 2129 1210 2170 Quum
1238 2129 1345 2164 vicini
1373 2128 1436 2165 ho-

304 2201 385 2233 ·stes
418 2195 572 2232 Veientes
598 2197 811 2232 incommodi
845 2197 973 2243 magis,
1005 2207 1111 2243 quam
1144 2207 1283 2242 graves,
1313 2200 1436 2238 essent,

305 2261 462 2311 familia
480 2260 666 2297 Fabiorum
695 2262 734 2297 id
757 2261 883 2297 bellum
907 2262 1098 2308 gerendum
1117 2262 1316 2310 depoposcit
1327 2278 1340 2307 ,-
1368 2264 1437 2300 mi·

309 2316 432 2372 vitque
449 2324 484 2360 in
504 2323 542 2359 id
562 2327 730 2361 trecentos
746 2336 805 2362 sex
822 2329 989 2370 armatos,
1011 2326 1071 2375 qui
1096 2325 1145 2361 ad
1164 2323 1363 2363 Cremeram
1389 2325 1438 2362 ad
